2330 2983
674 262 949 302 LIBER
1013 262 1372 302 PRIMUS.
1646 277 1722 317 239

330 363 473 415 majora
492 360 645 399 molior.
678 362 912 398 Aumron.
942 361 1033 412 Qo
1052 360 1170 399 modo
1189 360 1263 399 hoc
1284 360 1384 399 nihil
1402 361 1546 414 negotii
1563 361 1637 399 est?
1659 372 1725 400 aut

329 442 413 480 quae
443 427 530 465 sunt
560 426 715 463 tandem
743 425 810 462 ista
830 426 1002 476 majora?
1049 426 1262 464 MARCUS.
1295 427 1412 477 Qia,
1440 427 1623 479 quoniam
1643 428 1725 480 post

329 502 495 531 mortem
516 489 615 528 nihil
635 490 687 528 est
707 491 814 534 mali,
847 504 894 527 ne
920 503 1022 527 mors
1043 490 1204 542 quidem
1233 491 1284 528 est
1300 492 1474 536 malum5
1507 494 1571 530 cui
1592 494 1724 545 proxi-

329 570 440 594 mum
462 565 614 608 tempus
646 554 699 593 est
718 555 800 607 post
821 564 1002 599 mortem,
1034 555 1073 592 in
1093 569 1173 607 quo
1195 556 1287 593 mali
1308 554 1407 593 nihil
1426 556 1498 593 effe
1518 557 1694 595 concedis
1714 573 1722 595 :

329 623 381 660 ita
410 635 457 660 ne
477 621 722 659 moriendum
742 620 902 673 quidem
922 619 1006 666 effe,
1029 621 1177 659 malurn
1197 621 1262 659 est.
1314 621 1358 659 Id
1379 621 1431 659 est
1449 622 1569 666 enim,
1592 635 1724 674 perve-

328 688 514 726 niendum
546 687 615 725 effe
635 687 681 724 ad
700 687 753 731 id,
785 687 889 739 quod
920 700 997 725 non
1017 686 1088 725 effe
1118 687 1267 725 malum
1287 687 1530 726 confitemur.
1581 691 1723 727 Aum-

332 767 440 792 ToR.
479 753 646 792 Uberius
677 753 743 791 ista
761 753 911 805 quaeso;
943 752 1024 791 haec
1044 754 1148 791 enim
1171 753 1384 807 spinofiora,
1406 755 1525 806 prius,
1562 764 1604 792 ut
1629 769 1724 793 con-

329 819 449 864 fitear,
483 832 546 858 me
579 829 737 871 cogunt,
768 832 885 870 quarn
913 829 955 856 ut
988 818 1171 857 assentiar.
1231 820 1303 857 Sed
1328 834 1412 872 quae
1439 820 1524 857 sunt
1555 833 1609 865 ea,
1641 835 1726 873 quae

330 885 424 923 dicis
446 895 481 923 te
501 885 644 937 majora
663 884 824 923 moliri?
883 885 1097 923 MARCUS.
1130 886 1186 923 Ut
1205 885 1379 930 doceam,
1410 886 1435 923 s1
1465 885 1616 938 poffim,
1648 900 1725 925 non

330 950 448 988 rnodo
467 950 615 988 malum
637 963 713 988 non
731 949 815 994 effe,
846 949 908 987 sed
939 950 1087 987 bonum
1119 950 1235 988 etiam
1255 950 1325 988 efl'e
1351 961 1530 989 mortem.
1581 953 1726 989 Aum-

331 1028 440 1054 TOR.
473 1016 566 1053 Non
598 1014 748 1068 postulo
778 1015 817 1052 id
846 1015 1007 1067 quidem
1023 1034 1035 1060 ,ς
1067 1029 1158 1053 aveo
1178 1025 1306 1054 tamen
1337 1017 1478 1054 audire.
1544 1018 1600 1054 Ut
1619 1018 1725 1055 enim

331 1095 408 1119 non
439 1080 579 1117 efficias
608 1080 711 1132 quod
738 1081 809 1123 vis,
838 1089 981 1124 tamen,
1017 1093 1120 1118 mors
1151 1089 1194 1117 ut
1214 1081 1362 1118 malurn
1383 1095 1460 1118 non
1481 1081 1537 1125 fit,
1567 1083 1724 1120 efficies.

331 1147 403 1185 Sed
423 1145 522 1184 nihil
549 1155 585 1184 te
605 1145 870 1198 interpellabo.
921 1147 1198 1184 Continentem
1216 1146 1428 1184 orationem
1449 1147 1577 1185 audire
1607 1148 1725 1186 malo.

331 1214 544 1251 MARCUS.
578 1211 712 1263 Qid?
743 1211 769 1249 fi
792 1221 828 1249 te
848 1225 1027 1264 rogavero
1047 1211 1208 1264 aliquid,
1231 1225 1308 1250 non
1330 1212 1599 1265 respondebis?
1636 1216 1729 1252 Αυ-

334 1291 494 1317 D1TOR.
516 1277 679 1330 Superbi
699 1277 738 1315 id
758 1277 918 1330 quidem
938 1277 1048 1315 effet:
1072 1276 1147 1322 sed,
1169 1277 1237 1315 nisi
1257 1278 1352 1330 quid
1373 1278 1514 1317 necess‘e
1525 1279 1610 1324 erit,
1625 1279 1728 1317 malo

332 1358 379 1382 ne
399 1357 521 1396 roges.

388 1411 461 1448 IX.
493 1409 708 1447 MARCUS.
741 1410 885 1447 Geram
907 1409 978 1447 tibi
999 1422 1163 1454 morem,
1185 1417 1224 1447 et
1243 1422 1298 1454 ea,
1319 1423 1403 1462 quae
1424 1410 1493 1455 vis,
1515 1420 1559 1448 ut
1580 1419 1725 1464 potero,

331 1476 534 1530 explicabo
551 1490 561 1515 ε
593 1488 663 1514 nec
677 1484 806 1514 tamen
826 1475 929 1527 quas1
950 1474 1112 1527 Pythius
1133 1475 1291 1528 Ap0110‚
1308 1485 1409 1513 certa
1428 1485 1471 1514 ut
1489 1476 1561 1514 sint
1580 1486 1618 1514 et
1637 1477 1727 1523 fixa,

333 1557 419 1595 quae
437 1542 570 1581 dixero
585 1559 597 1586 3
629 1541 690 1579 sed
710 1551 752 1579 ut
771 1540 1035 1580 homunculus
1062 1555 1161 1579 unus
1181 1554 1201 1578 e
1221 1541 1370 1586 multis,
1400 1542 1612 1594 probabilia
1632 1557 1728 1582 con-

327 1606 475 1660 jectura
492 1607 663 1659 sequens.
716 1607 829 1645 Ultra
847 1607 953 1645 enim
978 1620 1057 1658 quo
1082 1606 1311 1659 progrediar,
1342 1621 1459 1659 quam
1486 1616 1530 1646 ut
1559 1609 1638 1646 veri
1667 1609 1728 1647 vi-

333 1673 444 1711 deam
463 1672 613 1717 firnilia,
635 1686 713 1710 non
733 1670 869 1710 habeo.
913 1673 1028 1711 Certa
1047 1672 1176 1710 dicent
1194 1672 1237 1717 ii,
1259 1673 1327 1725 qui
1346 1682 1384 1710 et
1403 1673 1550 1726 percipi
1570 1687 1612 1712 ea
1626 1674 1730 1727 poffe

331 1738 481 1782 dicunt,
503 1746 540 1775 et
560 1737 595 1775 se
611 1737 794 1790 sapientes
813 1737 884 1775 effe
902 1737 1145 1790 profitentur.
1190 1740 1423 1776 AUD1TOR.
1456 1740 1537 1783 Tu,
1558 1748 1602 1778 ut
1620 1740 1728 1778 vide-

330 1813 408 1843 tur.
441 1804 525 1842 Nos
546 1804 592 1842 ad
611 1803 846 1842 audiendum
865 1804 983 1856 parati
1003 1803 1148 1842 sumus.

389 1870 603 1908 MARCUS.
635 1870 746 1908 Mors
777 1869 896 1922 igitur
927 1869 1016 1922 ipsa,
1051 1870 1152 1922 (quae
1172 1869 1322 1907 videtur
1351 1869 1543 1908 notiflima
1561 1883 1618 1909 res
1637 1870 1724 1922 effe)

333 1936 428 1989 quid
448 1935 506 1980 fit,
528 1935 702 1989 primum
720 1935 774 1973 est
792 1935 1015 1974 videndum.
1048 1937 1143 1973 Sunt
1162 1935 1281 1980 enirn,
1305 1936 1372 1987 qui
1393 1936 1591 1975 discessum
1607 1937 1729 1975 animi

336 2016 356 2040 a
374 2015 532 2055 corpore
561 2011 698 2054 putent
725 2001 796 2040 effe
816 2011 998 2040 mortem.
1031 2003 1140 2047 Sunt,
1171 2002 1239 2054 qui
1260 2001 1413 2040 nullum
1446 2002 1617 2041 censeant
1646 2003 1727 2041 fieri

335 2067 549 2113 disceffum,
584 2067 645 2105 sed
676 2081 751 2105 una
768 2068 944 2106 animum
977 2077 1016 2106 et
1035 2081 1172 2120 corpus
1192 2067 1378 2112 occidere,
1405 2069 1658 2120 animumque
1687 2069 1727 2106 in

335 2147 494 2187 corpore
530 2133 720 2186 extingui.
756 2126 758 2128 ¹
786 2134 867 2185 Qi
888 2133 1074 2172 discedere
1103 2134 1279 2171 animum
1309 2133 1476 2179 censent,
1507 2134 1570 2171 alii
1601 2135 1726 2172 statim

336 2198 513 2251 diffipari,
543 2198 609 2236 alii
639 2199 705 2236 diu
736 2211 969 2251 permanere,
998 2199 1063 2236 alii
1090 2198 1247 2250 semper.
1307 2199 1414 2250 Qid
1444 2201 1487 2236 fit
1516 2213 1628 2251 porro
1651 2198 1729 2251 ipse

336 2263 502 2307 animus,
531 2272 596 2300 aut
616 2263 698 2307 ubi,
729 2272 794 2301 aut
813 2263 926 2308 unde,
957 2276 1095 2316 magna
1113 2263 1282 2302 diffenfio
1300 2264 1365 2302 est.
1398 2264 1497 2302 Aliis
1517 2277 1583 2301 cor
1602 2264 1728 2316 ipsum

338 2329 489 2366 animus
505 2328 653 2366 videtur
669 2346 680 2373 ;
711 2343 759 2367 ex
775 2343 854 2381 quo
872 2330 1045 2375 excordes,
1063 2329 1239 2374 vecordes,
1260 2330 1501 2383 concordesque
1520 2330 1700 2368 dicuntur
1714 2347 1725 2374 ;

340 2403 378 2432 et
397 2393 534 2432 Nasica
552 2394 617 2432 ille
635 2394 815 2447 prudenS,
837 2395 896 2433 bis
917 2395 1077 2440 Consul,
1101 2395 1301 2441 Corculum,
1323 2406 1361 2434 et

476 2459 633 2512 Egregie
651 2460 825 2498 cordatus
848 2460 942 2499 homo
963 2463 1078 2499 Catus
1097 2461 1209 2500 AEliu’
1231 2463 1370 2499 Sextus.

341 2523 597 2577 Empedocles
631 2526 805 2565 animum
841 2526 913 2565 effe
954 2526 1078 2565 censet
1113 2527 1221 2566 cordi
1261 2525 1444 2565 suffusum
1489 2525 1726 2579 sanguinem.
