2330 2983
645 242 923 281 LIBER
979 242 1478 282 SECUNDUS.
1692 254 1760 293 131

366 345 596 398 praediorum
613 344 866 397 pretiosorum
887 343 1064 382 mercede
1083 343 1260 397 superari.
1293 344 1364 382 Me
1378 343 1498 396 igitur
1518 341 1643 395 ipsum
1661 353 1764 378 ames

362 419 529 463 oportet,
552 423 628 447 non
649 421 747 453 mea,
766 408 792 446 fi
812 408 889 446 veri
909 409 1025 446 amici
1045 407 1167 446 futuri
1187 409 1333 447 sumus.

418 476 591 514 XXVII.
626 477 698 513 Sed
717 476 757 512 in
777 475 888 513 rebus
909 474 1148 527 apertissimis
1168 476 1336 513 nimium
1353 475 1461 527 longi
1480 474 1625 512 sumus.
1672 474 1764 511 Per-

365 541 466 580 feeto
485 542 590 579 enim
610 550 647 578 et
667 541 863 585 concluso,
877 553 1003 592 neque
1025 541 1248 585 virtutibus,
1267 554 1393 593 neque
1405 541 1585 578 amicitiis
1604 539 1764 591 usquam

364 607 497 645 locum
526 606 612 652 effe,
645 606 670 644 fi
706 607 753 644 ad
773 606 1010 658 voluptatem
1043 606 1175 644 omnia
1204 605 1438 650 referantur,
1470 603 1570 642 nihil
1591 614 1765 656 praeterea

363 687 595 726 magnopere
629 672 852 711 dicendum.
902 674 1103 717 Attamen,
1133 685 1180 710 ne
1209 672 1274 710 cui
1293 671 1381 710 loco
1407 685 1485 710 non
1504 671 1676 708 videatur
1695 668 1766 706 effe

365 740 598 793 responsum,
620 752 739 792 pauca
753 739 871 776 etiam
885 752 988 777 nunc
1005 739 1131 776 dicam
1147 738 1194 776 ad
1211 738 1397 791 reliquam
1413 737 1627 776 orationem
1643 745 1764 773 tuam.

365 806 563 857 Qoniam
596 805 715 858 igitur
747 805 874 842 omnis
895 804 1046 842 summa
1072 803 1324 857 philosophiae
1353 804 1400 842 ad
1430 804 1538 841 beate
1557 800 1766 840 vivendum

365 871 538 916 refertur,
570 872 689 924 idque
723 884 847 909 unum
880 880 1099 924 expetentes
1134 869 1311 909 homines
1345 870 1381 908 se
1409 869 1457 907 ad
1487 868 1562 907 hoc
1595 867 1766 906 studium

365 938 640 981 contulerunt;
674 937 780 974 beate
810 945 939 974 autem
970 937 1094 974 vivere
1127 936 1193 999 ali-i
1222 937 1262 974 in
1282 936 1371 980 alio,
1401 949 1467 973 vos
1498 936 1538 972 in
1570 933 1767 985 voluptate

365 1004 522 1056 ponitis,
545 1004 639 1041 item
659 1001 805 1047 contra,
823 1016 984 1040 omnem
1003 1001 1273 1040 infelicitatem
1291 1002 1331 1040 in
1351 1002 1482 1041 dolore
1490 1019 1501 1046 ς
1533 1000 1574 1038 id
1592 999 1769 1052 primum

364 1070 576 1113 videamus,
600 1069 707 1106 beate
727 1069 852 1106 vivere
871 1068 1036 1106 vestrum
1058 1068 1170 1120 quale
1190 1068 1250 1106 fit.
1292 1069 1423 1120 Atque
1443 1066 1518 1105 hoc
1539 1065 1692 1110 dabitis,
1724 1072 1768 1101 ut

364 1136 514 1188 opinor,
550 1135 577 1173 fi
599 1135 717 1173 modo
737 1134 782 1172 fit
808 1134 954 1186 aliquid
979 1134 1050 1172 effe
1070 1134 1242 1179 beatum,
1273 1134 1313 1171 id
1332 1142 1506 1187 oportere
1527 1141 1655 1170 totum
1674 1129 1767 1183 poni

364 1203 404 1240 in
425 1201 606 1255 potestate
626 1201 816 1254 sapientis.
855 1201 976 1245 Nam,
998 1200 1024 1238 fi
1045 1200 1173 1238 amitti
1193 1200 1270 1238 vita
1290 1200 1397 1238 beata
1417 1198 1550 1253 potest,
1570 1198 1679 1236 beata
1697 1195 1767 1234 effe

365 1277 441 1301 non
475 1262 609 1315 potest.
671 1262 770 1314 Qis
801 1262 908 1300 enim
935 1261 1097 1300 confidit
1117 1261 1265 1313 semper
1284 1260 1353 1299 fibi
1373 1261 1472 1299 illud
1491 1259 1623 1298 stabile
1642 1267 1680 1296 et
1699 1257 1766 1295 fir-

366 1341 478 1367 mum
498 1327 801 1381 permansurum,
822 1327 928 1379 quod
960 1325 1096 1379 fragile
1125 1336 1163 1364 et
1195 1326 1387 1364 caducum
1417 1326 1489 1364 fit?
1525 1324 1608 1376 Qi
1637 1333 1767 1362 autem

366 1394 517 1433 diffidet
536 1392 782 1446 perpetuitati
803 1392 994 1430 bonorum
1015 1392 1185 1437 suorum,
1206 1392 1340 1430 timeat
1360 1390 1502 1430 neceffe
1521 1390 1589 1435 est,
1620 1403 1666 1428 ne
1695 1390 1766 1428 ali-

366 1459 534 1512 quando,
555 1458 693 1497 amiffis
714 1459 805 1503 illis,
827 1458 872 1496 fit
892 1458 1018 1496 miser.
1053 1459 1190 1496 Beatus
1210 1467 1339 1496 autem
1354 1457 1426 1496 efl‘e
1446 1459 1486 1496 in
1506 1457 1767 1504 maximarum

368 1540 495 1564 rerum
517 1526 654 1564 timore
671 1538 787 1563 nemo
805 1525 942 1577 potest.

420 1592 553 1630 Nemo
572 1591 691 1643 igitur
711 1591 842 1628 beatus
863 1590 934 1628 effe
953 1590 1088 1643 potest.
1139 1591 1280 1643 Neque
1305 1591 1410 1628 enim
1430 1591 1470 1628 in
1491 1590 1618 1643 aliqua
1646 1600 1765 1643 parte,

364 1658 425 1697 sed
446 1659 486 1695 in
506 1658 759 1710 perpetuitate
781 1657 983 1710 temporis,
1004 1658 1081 1695 vita
1101 1658 1211 1696 beata
1229 1657 1320 1696 duci
1339 1657 1433 1696 solet
1445 1677 1458 1703 ;
1490 1671 1614 1710 neque
1634 1658 1766 1710 appel-

362 1724 462 1762 latur
494 1724 656 1762 omnino
681 1724 758 1761 vita
788 1724 910 1769 beata,
941 1723 1009 1762 nifi
1027 1723 1202 1762 confecta
1227 1733 1340 1776 atque
1371 1724 1540 1763 absoluta
1556 1742 1569 1769 3
1601 1737 1671 1762 nec
1691 1738 1765 1777 po-

363 1790 433 1828 test
451 1790 655 1843 quisquam
672 1790 762 1828 alias
784 1790 917 1828 beatus
937 1789 1021 1835 effe,
1043 1791 1132 1828 alias
1153 1790 1280 1829 miser.
1303 1791 1385 1842 Qi
1404 1791 1510 1829 enim
1531 1790 1766 1829 existimabit

364 1855 465 1908 posse
485 1856 520 1894 se
541 1856 723 1894 miserum
743 1856 826 1901 effe,
860 1857 991 1894 beatus
1012 1870 1090 1895 non
1110 1857 1194 1895 erit.
1239 1857 1346 1895 Nam
1366 1871 1458 1895 cum
1479 1857 1594 1895 semel
1613 1857 1666 1895 est
1685 1857 1765 1895 sus-

362 1932 473 1975 cepta
493 1922 600 1960 beata
619 1922 710 1967 vita,
747 1931 827 1960 tam
852 1932 1064 1975 permanet,
1098 1936 1217 1975 quarn
1236 1922 1316 1975 ipsa
1335 1923 1414 1968 illa,
1446 1922 1617 1961 effectrix
1648 1923 1764 1962 beatae

362 1989 462 2033 vitae,
497 1989 703 2041 sapientia3
736 2002 861 2041 neque
881 1991 1054 2042 expectat
1088 1989 1275 2028 ultimum
1307 1999 1459 2042 tempus
1480 1989 1597 2027 aetatis
1617 2004 1625 2027 ε
1658 1990 1764 2041 quod

363 2055 496 2094 Croeso
517 2056 648 2094 scribit
661 2056 884 2094 Herodotus
907 2067 1141 2110 praeceptum
1162 2071 1182 2095 a
1202 2057 1354 2095 Solone.
1375 2056 1549 2101 Etenim,
1573 2057 1762 2108 quemad-

361 2122 525 2160 modum
547 2131 630 2160 tute
649 2122 815 2167 dicebas,
834 2132 945 2175 negat
959 2124 1152 2175 Epicurus
1170 2123 1462 2161 diuturnitatem
1480 2123 1641 2175 quidem
1662 2131 1763 2161 tem-

361 2189 462 2241 poris
483 2188 528 2226 ad
550 2189 656 2226 beate
676 2188 884 2226 vivendum
904 2189 1050 2241 aliquid
1063 2189 1206 2234 afferre,
1222 2203 1292 2227 nec
1308 2189 1502 2227 minorem
1523 2189 1764 2242 voluptatem

362 2255 506 2306 percipi
528 2254 567 2291 in
593 2254 776 2291 brevitate
799 2256 997 2307 temporis,
1019 2269 1138 2307 quam
1158 2255 1183 2293 si
1207 2254 1272 2292 illa
1293 2255 1337 2293 fit
1356 2255 1598 2308 sempiterna.

418 2320 515 2357 Haec
536 2320 719 2357 dicuntur
738 2320 1089 2359 inconstantiffime.
1140 2322 1245 2359 Cum
1265 2322 1370 2359 enim
1392 2320 1591 2358 summum
1613 2320 1763 2358 bonum

363 2386 402 2422 in
439 2385 631 2437 voluptate
665 2396 795 2438 ponat,
828 2396 942 2439 negat
976 2387 1130 2425 infinito
1165 2397 1336 2440 tempore
1369 2387 1487 2425 aetatis
1521 2386 1764 2438 voluptatem

363 2451 443 2489 fieri
465 2452 664 2503 majorem,
696 2465 814 2504 quam
839 2452 952 2491 finito
972 2463 1086 2505 atque
1117 2454 1287 2491 modico.
1320 2453 1402 2505 Qi
1423 2452 1570 2490 bonum
1590 2465 1705 2490 omne
1721 2453 1763 2490 in

364 2519 506 2555 virtute
539 2519 663 2570 ponit,
699 2520 730 2556 is
764 2518 884 2571 potest
904 2519 1028 2557 dicere
1059 2519 1190 2573 perfici
1211 2520 1361 2558 beatam
1382 2519 1500 2556 vitam
1531 2517 1764 2571 perfectione

364 2583 514 2622 virtutis
536 2602 547 2628 5
581 2593 693 2636 negat
722 2585 828 2623 enlm
859 2584 1012 2624 summo
1038 2586 1139 2625 bono
1165 2584 1296 2623 afferre
1325 2585 1612 2623 incrementum
1642 2584 1761 2624 diem.

1373 2660 1458 2698 R2
