2330 2983
586 239 662 276 114
1005 223 1108 262 DE
1166 220 1550 260 FINIBUS

582 320 793 360 secundum
814 328 988 359 naturam
1019 320 1158 364 vivere,
1187 319 1228 356 id
1247 317 1313 363 est,
1345 318 1488 356 virtute
1507 314 1679 356 adhibita
1698 315 1778 356 frui
1795 315 1934 369 primis
1962 329 1985 355 a

583 396 716 425 natura
730 386 841 424 datis.
865 384 1046 438 Callipho
1058 385 1105 423 ad
1120 385 1304 423 virtutem
1324 382 1425 422 nihil
1446 383 1623 434 adjunxit
1638 383 1707 422 nifi
1719 382 1982 435 voluptatem:

583 451 794 496 Diodorus,
835 450 904 489 nisi
937 451 1166 489 vacuitatem
1197 449 1354 488 doloris.
1413 449 1489 487 His
1525 448 1722 494 omnibus,
1757 461 1854 502 quos
1884 447 1983 492 dixi,

584 516 858 569 consequentes
891 516 976 554 sunt
1007 516 1100 554 fines
1122 516 1328 554 bonorum.
1374 514 1571 567 Aristippo
1597 514 1758 568 fimplex
1778 513 1982 567 voluptas:

585 582 721 621 Stoicis
742 581 953 620 consentire
972 592 1114 620 naturae
1129 599 1141 626 ς
1172 580 1277 634 quod
1295 579 1366 619 effe
1385 580 1522 618 volunt
1541 593 1562 618 e
1580 580 1734 626 virtute,
1761 579 1802 618 id
1820 579 1887 624 est,
1907 578 1983 618 ho-

587 647 688 686 neste
721 648 871 686 vivere:
904 647 1010 700 quod
1037 648 1090 685 ita
1122 648 1433 699 interpretantur,
1463 647 1588 683 vivere
1617 659 1711 684 cum
1730 645 1987 698 intelligentia

586 727 719 752 earum
739 727 880 758 rerum,
908 727 994 766 quae
1025 713 1160 751 natura
1177 713 1387 757 evenirent,
1415 711 1582 763 eligente
1599 725 1656 756 ea,
1687 725 1773 764 quae
1791 710 1907 750 effent
1926 711 1986 749 se-

587 779 760 818 cundum
779 788 967 822 naturam,
989 778 1258 830 rejicienteque
1278 777 1478 815 contraria.
1523 777 1581 814 Ita
1600 785 1673 814 tres
1693 776 1784 814 sunt
1801 775 1896 815 fines
1914 789 1985 814 ex-

587 854 710 898 pertes
730 843 951 888 honestatis,
987 857 1086 881 unus
1106 843 1292 895 Aristippi
1319 843 1379 881 vel
1411 841 1586 895 Epicuri,
1617 842 1710 881 alter
1736 841 1989 893 Hietonymi‚

589 910 792 949 Carneadis
815 910 947 948 tertius
965 924 975 948 z
1007 918 1096 954 tres,
1117 909 1158 947 in
1177 909 1319 961 quibus
1339 907 1511 948 honestas
1540 921 1634 946 curn
1653 908 1780 961 aliqua
1808 907 1988 947 acceffio-

589 990 650 1021 ne,
681 976 917 1020 Polemonis,
940 974 1198 1028 Calliphonis‚
1221 974 1398 1013 Diodori.
1431 975 1520 1012 Una
1539 973 1716 1027 fimplex,
1737 974 1847 1026 cujus
1879 974 1995 1013 Zeno

590 1044 730 1086 auctor,
753 1041 871 1094 posita
889 1042 929 1079 in
949 1041 1084 1079 decore
1103 1049 1196 1085 tota,
1224 1040 1263 1078 id
1283 1039 1349 1085 est,
1372 1041 1410 1078 in
1429 1038 1641 1078 honestate.
1696 1040 1803 1078 Nam
1825 1039 1988 1091 Pyrrho,

591 1108 733 1152 Aristo,
768 1107 942 1146 Herillus
969 1108 1052 1159 jam
1072 1106 1140 1145 diu
1169 1107 1318 1159 abjefti.
1378 1106 1536 1158 Reliqui
1558 1106 1626 1144 fibi
1646 1106 1910 1151 constiterunt,
1946 1115 1994 1144 ut

591 1183 760 1212 extrema
778 1187 870 1211 cum
890 1173 1012 1210 initiis
1032 1172 1281 1210 convenirent
1296 1191 1308 1217 5
1340 1182 1384 1210 ut
1409 1172 1606 1225 Aristippo
1624 1172 1815 1224 voluptas,
1843 1172 1991 1210 Hiero-

592 1252 709 1290 nymo
730 1239 872 1276 doloris
891 1240 1073 1283 vacuitas,
1095 1238 1281 1276 Carneadi
1300 1237 1376 1276 frui
1407 1238 1608 1291 principiis
1629 1238 1879 1282 naturalibus,
1900 1236 1993 1275 effet

591 1313 824 1342 extremum.

647 1370 739 1408 XII.
771 1369 963 1421 Epicurus
984 1377 1126 1413 autem,
1145 1381 1238 1407 cum
1257 1368 1296 1406 in
1319 1369 1441 1422 prima
1457 1368 1794 1407 commendatione
1812 1369 1998 1422 volupta-

592 1444 672 1474 tem
690 1435 839 1473 dixisset
852 1452 863 1478 ς
899 1434 927 1472 fi
943 1447 1043 1479 eam,
1064 1448 1182 1486 quam
1206 1434 1437 1487 Aristippus,
1459 1435 1564 1473 idem
1586 1445 1712 1473 tenere
1731 1434 1866 1472 debuit
1894 1435 1995 1473 ulti-

591 1515 705 1540 mum
721 1502 927 1546 bonorum,
959 1501 1065 1552 quod
1081 1500 1168 1539 ille:
1206 1500 1259 1538 fin
1279 1514 1378 1544 eam,
1396 1514 1512 1553 quam
1539 1501 1821 1553 Hieronymus,
1847 1499 1997 1539 feciffet

593 1567 710 1611 idem,
734 1576 777 1604 ut
796 1566 1029 1619 voluptatem
1047 1566 1155 1617 illam
1172 1565 1357 1619 Aristippi
1374 1567 1412 1603 in
1427 1567 1551 1619 prima
1566 1567 1902 1604 commendatione
1917 1580 1993 1619 po·

594 1642 711 1671 neret.
745 1633 864 1676 Nam,
885 1632 991 1684 quod
1009 1633 1075 1676 ait,
1097 1631 1262 1670 sensibus
1282 1632 1368 1685 ipsis
1383 1632 1562 1684 judicari,
1582 1632 1821 1685 voluptatem
1842 1632 1992 1671 bonum

591 1698 677 1742 effe,
712 1698 884 1736 dolorem
915 1697 1063 1735 malum
1079 1715 1090 1741 ς
1123 1697 1209 1750 plus
1240 1697 1377 1736 tribuit
1407 1698 1584 1742 senfibus,
1605 1711 1724 1750 quam
1756 1698 1866 1736 nobis
1888 1698 1990 1751 leges

593 1764 838 1817 permittunt.
862 1764 1099 1802 privatarum
1118 1762 1248 1801 litium
1264 1763 1415 1815 judices
1437 1763 1566 1801 sumus
1585 1778 1594 1801 t
1618 1762 1719 1801 nihil
1736 1764 1841 1802 enim
1863 1764 1991 1816 poffu-

594 1844 680 1869 mus
695 1830 880 1882 judicare,
914 1829 981 1867 nifi
1002 1831 1106 1882 quod
1125 1829 1177 1867 est
1198 1829 1311 1867 nostri
1325 1830 1480 1881 judicii.
1525 1831 1568 1868 In
1589 1844 1668 1882 quo
1688 1829 1822 1868 frustra
1842 1830 1993 1882 judices

596 1896 730 1939 solent,
761 1909 854 1934 cum
883 1895 1107 1933 sententiam
1140 1896 1402 1947 pronuntiant,
1434 1895 1584 1940 addere,
1617 1895 1765 1950 Siquid
1783 1896 1851 1934 mci
1864 1895 2000 1947 judicii

594 1961 650 2012 cst.
702 1962 739 1999 Si
759 1962 864 1999 enim
886 1974 962 1998 non
983 1959 1059 1998 fuit
1088 1974 1221 1998 eorum
1236 1961 1391 2012 judicii,
1415 1960 1538 1998 nihilo
1565 1963 1700 2014 magis,
1732 1961 1807 1999 hoc
1830 1975 1904 1999 non
1925 1961 1994 1999 ad-

595 2027 690 2069 dito,
722 2025 819 2064 illud
839 2025 891 2063 est
914 2025 1147 2077 judicatum,
1174 2025 1438 2077 quodjudicat
1460 2026 1580 2063 sensus
1602 2041 1609 2063 ε
1642 2026 1770 2069 dulce,
1790 2039 1962 2064 amarum
1982 2041 1992 2064 ι

595 2091 694 2135 lene,
716 2091 918 2144 asperum:
950 2104 1081 2143 prope,
1105 2091 1216 2143 longe
1237 2105 1245 2128 ;
1271 2091 1375 2134 stare,
1395 2104 1545 2129 movere
1564 2106 1571 2128 :
1594 2091 1838 2143 quadratum,
1860 2102 1996 2130 rotun-

598 2157 706 2195 dum.

653 2224 784 2275 Qam
806 2223 922 2275 igitur
942 2222 1204 2275 pronuntiabit
1221 2222 1442 2260 sententiam
1462 2223 1582 2260 ratio?
1616 2221 1804 2261 Adhibita
1826 2224 1996 2276 primum

598 2290 814 2327 divinarum
846 2287 1181 2341 humanarumque
1215 2303 1340 2327 rerum
1364 2290 1531 2333 scienti-i,
1560 2304 1643 2341 qua·
1671 2289 1788 2342 potest
1817 2290 1996 2342 appellari

600 2356 668 2391 rite
691 2354 867 2407 sapientia
885 2372 894 2398 ς
926 2353 1061 2392 deinde
1082 2355 1269 2406 adjunt‘tis
1291 2355 1512 2397 virtutibus,
1531 2369 1622 2406 quas
1646 2355 1739 2392 titio
1760 2369 1886 2393 rerum
1907 2369 1995 2392 om-

602 2421 708 2458 nium
731 2419 920 2463 dominas,
939 2428 980 2457 tu
1001 2418 1242 2472 voluptatum
1266 2419 1442 2457 satellites
1462 2429 1498 2457 ct
1521 2421 1707 2458 ministr-15
1729 2419 1799 2457 effe
1818 2419 1994 2463 voluisti5

600 2497 761 2535 quarum
784 2484 876 2521 adeo
891 2484 1069 2522 omnium
1092 2483 1274 2521 sententia
1296 2485 1573 2536 pronuntiabit,
1600 2486 1772 2538 primum
1793 2485 1839 2522 dc
1859 2483 1996 2535 volup-

602 2558 689 2593 tate,
727 2548 824 2588 nihil
855 2550 925 2588 else
953 2551 988 2589 ei
1023 2551 1113 2596 loci,
1146 2563 1221 2589 non
1255 2551 1372 2590 modo
1407 2561 1447 2589 ut
1480 2551 1554 2589 solu
1591 2561 1752 2604 ponatur
1785 2551 1824 2589 in
1854 2549 1997 2588 sunum
