2330 2983
632 279 907 320 LIBER
964 278 1401 331 QUARTUS.
1642 294 1715 335 173

321 384 438 429 bono,
473 381 579 436 quod
621 381 794 420 continet
834 379 1133 433 philosophiam,
1169 379 1311 432 ecquid
1345 379 1503 418 tandem·
1534 380 1716 426 attulerit,

320 450 574 502 quamobrem
605 448 652 486 ab
673 447 950 491 inventoribus,
981 455 1164 498 tanquam
1187 459 1207 483 a
1227 447 1462 497 parentibus,
1495 446 1716 486 dissentiret.

320 516 413 554 Hoc
432 514 551 566 igitur
569 513 669 558 loco,
691 525 912 564 quanquam
932 524 953 548 a
983 519 1034 555 te,
1066 511 1178 555 Cato,
1207 510 1411 562 diligenter
1436 511 1488 548 est
1507 513 1719 564 explicatus

320 579 408 618 finis
432 579 497 618 hic
518 580 724 623 bonorum,
753 578 821 630 qui
841 577 1016 615 continet
1034 575 1334 629 philosophiam,
1367 585 1405 614 et
1421 576 1507 628 quis
1528 579 1718 623 a‘Stoicis‚

317 655 357 684 et
369 645 700 698 quemadmodum
716 644 927 688 diceretur;
951 653 1079 680 tamen
1095 655 1166 695 ego
1179 656 1334 694 quoque
1350 656 1555 696 exponam,
1574 653 1617 681 ut
1632 658 1719 696 per-

319 710 542 764 spiciamus,
574 710 600 748 fi
631 709 885 763 potuerimus,
917 707 1103 760 quidnam
1135 721 1155 745 a
1175 708 1335 746 Zenone
1365 708 1455 745 novi
1475 707 1519 745 fit
1545 708 1718 746 allatum.

321 777 433 815 Cum
457 777 563 814 enim
595 776 816 828 superiores,
851 788 872 812 e
902 774 1043 826 quibus
1073 773 1287 826 planiffime
1307 773 1480 818 Polemo,
1512 773 1721 812 secundum

320 851 497 880 naturam
527 842 651 879 vivere
676 840 879 879 summum
908 840 1056 877 bonum
1084 838 1155 876 effe
1183 838 1375 884 dixissent,
1405 838 1472 877 his>
1496 839 1621 878 verbis
1651 841 1723 878 tria

321 906 524 959 fignificari
559 906 677 945 Stoici
711 906 847 944 dicunt
869 924 879 948 ς
922 917 1046 943 unum
1077 903 1291 957 ejusmodi„
1314 905 1440 942 vivere
1473 903 1723 943 adhibentem

321 972 520 1010 scientiam
539 985 669 1010 earum
690 984 832 1015 rerum,
855 984 939 1023 quae
959 970 1094 1007 natura
1112 970 1322 1007 evenirent.
1354 971 1476 1007 Hunc
1496 970 1622 1022 ipsum
1644 972 1722 1008 Ze-

321 1038 432 1076 nonis
453 1039 560 1076 aiunt
585 1037 704 1075 finem
725 1035 809 1081 effe,
840 1035 1096 1074 declarantem
1116 1035 1227 1080 illud,
1249 1035 1354 1086 quod
1380 1049 1399 1072 a
1422 1044 1457 1072 te
1477 1035 1625 1073 dic‘tum
1655 1037 1722 1081 est,

322 1104 593 1142 convenienter
622 1112 765 1141 naturae
784 1102 924 1139 vivere.
965 1101 1147 1139 Alterum
1167 1101 1378 1153 significare
1397 1101 1517 1146 idem,
1551 1111 1594 1139 ut
1614 1103 1639 1139 fi
1661 1103 1723 1140 di-

321 1179 482 1215 ceretur,
513 1170 640 1208 officia
670 1168 801 1207 onmia
829 1167 970 1212 media,
1014 1176 1080 1204 aut
1114 1167 1308 1220 pleraque,
1344 1167 1552 1205 servantem
1582 1169 1720 1206 vivere;

322 1236 414 1274 Hoc
440 1236 490 1274 fic
516 1236 731 1289 expositum
762 1233 940 1272 diffimile
971 1233 1023 1271 est
1048 1232 1242 1285 superiori.
1303 1233 1403 1270 Illud
1424 1234 1530 1271 enim
1559 1235 1722 1279 rectum,

323 1303 429 1354 quod
458 1299 672 1350 κατόρθωμα,
697 1301 862 1344 dicebas,
895 1299 1087 1352 contingit
1107 1298 1266 1351 sapienti
1286 1298 1353 1336 soli
1370 1317 1382 1343 3
1414 1298 1489 1337 hoc
1510 1310 1638 1338 autem
1660 1301 1724 1338 in·-

323 1367 453 1406 choati
483 1366 681 1417 cujusdam
714 1366 834 1404 officii
867 1365 932 1410 est,
960 1378 1037 1403 non
1063 1364 1236 1417 perfectL
1267 1365 1371 1416 quod
1391 1365 1521 1402 cadere
1553 1367 1591 1403 in
1623 1381 1723 1404 non-

324 1434 452 1472 nullos
473 1432 689 1484 insipientes
710 1430 845 1484 potest.
877 1431 1058 1469 Tertium
1090 1439 1232 1475 autem,
1254 1431 1436 1468 omnibus
1457 1440 1521 1468 aut
1542 1421 1723 1469 maximis

325 1501 438 1539 rebus
458 1499 518 1543 iis,
549 1511 633 1550 quae
653 1497 863 1535 secundum
894 1505 1069 1534 naturam
1099 1496 1184 1540 smt,
1216 1495 1408 1533 fruentem
1434 1497 1572 1535 vivere.
1633 1498 1724 1535 Hoc

326 1580 405 1604 non
424 1565 477 1602 est
496 1563 663 1616 pofitum
681 1563 721 1600 in
742 1562 866 1600 nostra
885 1562 1044 1600 afflone.
1089 1561 1321 1614 Completur
1341 1562 1447 1599 enim
1473 1571 1511 1600 et
1530 1576 1576 1600 ex
1592 1575 1636 1601 eo
1655 1577 1724 1616 ge-

326 1644 415 1670 nere
433 1630 533 1672 vitae‚
565 1628 670 1679 quod
703 1627 843 1665 virtute
863 1626 1010 1672 finitur,
1044 1635 1083 1664 et
1102 1639 1149 1665 ex
1168 1627 1214 1664 iis
1247 1627 1372 1671 rebus,
1409 1641 1494 1680 quae
1514 1627 1725 1667 secundum

326 1705 500 1735 naturam
520 1693 619 1739 sunt,
652 1706 777 1746 neque
797 1692 883 1731 sunt
902 1693 942 1730 in
962 1692 1086 1731 nostra
1105 1692 1299 1745 potestate.
1338 1693 1409 1730 Sed
1430 1692 1504 1731 hoc
1525 1693 1726 1733 summum

324 1762 487 1806 bonum,
522 1759 627 1812 quod
661 1760 772 1797 tertia
791 1758 1066 1811 significatione
1095 1758 1340 1810 intelligitur,
1371 1772 1489 1811 eaque
1523 1761 1614 1805 vita,
1641 1775 1726 1813 quae

323 1841 370 1866 ex
391 1827 543 1865 summo
562 1827 664 1864 bono
684 1825 848 1878 degitur,
880 1825 970 1876 quia
995 1825 1200 1876 conjuncta
1219 1824 1254 1861 ei
1274 1824 1393 1862 virtus
1414 1824 1479 1869 est,
1507 1825 1547 1862 in
1578 1825 1725 1878 sapien-

325 1903 405 1931 tem
426 1893 549 1930 solum
566 1891 690 1929 cadit:
714 1891 819 1943 isque
836 1890 922 1928 finis
937 1890 1144 1935 bonorum,
1161 1899 1210 1927 ut.
1223 1890 1270 1927 ab
1287 1889 1374 1942 ipsis
1388 1891 1524 1928 Stoicis
1538 1890 1726 1943 scriptum

324 1959 514 2003 videmus,
545 1972 565 1996 a
584 1959 797 1996 Xenocrate
827 1966 942 2009 atque
961 1956 1010 1994 ab
1029 1955 1233 1994 Aristotele
1265 1956 1494 1993 constitutus
1515 1957 1580 1995 est.
1646 1959 1724 1995 Ita—

324 2038 399 2077 que
419 2025 466 2062 ab
485 2023 545 2063 his
566 2023 788 2062 constitutio
809 2022 874 2060 illa
894 2022 1018 2075 prima
1039 2030 1205 2066 naturae,
1221 2035 1241 2059 a
1261 2035 1337 2073 qua
1360 2031 1403 2060 tu
1423 2035 1579 2074 quoque
1599 2023 1726 2061 ordic-

325 2092 426 2136 bare,
447 2089 507 2129 his
528 2103 646 2143 prope
662 2090 786 2127 verbis
806 2089 1026 2142 exponitur.

379 2157 472 2196 VIL
507 2156 650 2194 Omnis
671 2164 803 2193 natura
819 2154 901 2192 vult
921 2153 992 2192 effe
1010 2153 1263 2192 conservatrix
1284 2153 1357 2198 sui,
1376 2162 1475 2192 utet
1497 2153 1592 2192 salva
1613 2155 1670 2199 fit,
1689 2166 1727 2192 et

326 2223 365 2259 in
385 2235 519 2274 genere
539 2221 778 2259 conservetur
795 2220 872 2257 suo.
898 2219 960 2258 Ad
976 2218 1074 2258 hanc
1095 2211 1176 2257 rein
1194 2220 1300 2257 aiunt
1316 2229 1411 2258 artes
1425 2234 1579 2272 qnoque
1595 2221 1724 2272 requi-

327 2288 424 2331 sitas,
445 2301 530 2339 quse
548 2296 722 2324 naturam
742 2285 980 2337 adjuvarent,
1002 2286 1042 2323 in
1059 2286 1200 2338 quibus
1217 2299 1257 2323 ea
1273 2296 1494 2324 numeretur
1515 2288 1554 2323 in
1572 2286 1722 2338 primis,

328 2367 413 2405 quae
433 2353 484 2390 est
505 2352 655 2389 vivendi
685 2365 756 2396 ars,
786 2361 828 2389 ut
850 2360 998 2389 tueatur
1026 2351 1132 2404 quod
1157 2365 1177 2389 a
1207 2361 1339 2389 natura
1362 2352 1494 2389 datum
1518 2352 1589 2394 sit;
1621 2351 1725 2402 quod

329 2419 434 2463 defit,
449 2419 619 2470 acquirat
637 2433 644 2455 :
677 2419 872 2470 iidemque
890 2418 1288 2456 diviserunt-naturam
1309 2417 1479 2456 hominis
1494 2419 1531 2455 in
1549 2417 1726 2455 animum

329 2495 366 2523 et
385 2497 538 2537 corpus.
598 2485 778 2536 Cumque
805 2497 938 2522 eorum
960 2493 1169 2536 utrumque
1202 2498 1268 2536 per
1299 2483 1334 2521 se
1365 2483 1622 2535 expetendum
1654 2483 1727 2521 effe

330 2549 518 2594 dixifl‘ent,
550 2549 706 2587 virtutes
726 2563 881 2601 quoque
901 2549 1096 2601 utriusque
1116 2563 1251 2587 eorum
1273 2562 1340 2601 per
1358 2549 1393 2586 se
1409 2549 1637 2601 expetendas
1654 2547 1726 2585 esse

330 2615 534 2655 dicebant:
567 2624 604 2654 et
635 2629 725 2655 cnm
753 2606 927 2654 animum
951 2615 1115 2668 quadam
1135 2615 1285 2654 infinita
1314 2614 1424 2653 laude
1454 2623 1726 2667 anteponerem.
