2330 2983
503 219 578 271 356
811 214 1585 254 TUSCULANARUM

500 331 615 370 quam
637 315 733 354 nihil
754 315 799 353 fit
816 314 992 359 omnino,
1023 327 1140 366 quam
1169 312 1281 352 facile
1300 313 1358 351 vel
1378 312 1546 357 aliunde,
1574 311 1634 350 vel
1663 310 1738 349 alio
1766 312 1887 350 modo

501 383 646 436 perfici,
661 382 719 420 vel
738 381 899 419 omnino
919 380 1062 433 negligi
1082 379 1205 433 poffit.
1236 379 1496 418 Abducendus
1513 379 1566 416 est
1581 377 1687 416 enim
1702 390 1885 415 nonnun-

501 461 618 500 quam
637 447 683 485 ad
701 447 774 485 alia
791 446 924 490 studia,
946 445 1241 490 sollicitudines,¹
1264 458 1387 489 curas,
1408 445 1573 497 negotia.
1603 443 1703 482 Loci
1722 442 1890 494 denique

501 513 730 557 mutatione,
760 521 943 564 tanquam
973 512 1103 564 aegroti
1135 525 1211 549 non
1230 510 1548 554 convalescentes,
1577 509 1671 562 saepe
1698 507 1888 546 curandus

503 579 568 617 est.
600 578 731 616 Etiam
752 591 850 616 novo
868 577 1037 630 quodam
1056 590 1184 615 amore
1203 586 1366 614 veterem
1388 589 1558 614 amorem
1577 585 1760 627 tanquam
1779 572 1888 611 clavo

503 644 656 683 clavum
674 643 905 695 ejiciendum
920 650 1069 695 putant.
1092 643 1267 681 Maxime
1286 651 1413 680 autem
1433 640 1710 685 admonendus,
1723 647 1892 692 quantus

505 709 550 747 fit
568 707 675 747 furor
703 708 857 746 amoris.
902 707 1099 745 Omnibus
1117 707 1222 744 enim
1241 721 1288 744 ex
1306 707 1425 744 animi
1459 704 1806 758 perturbationibus
1836 701 1892 740 est

505 773 676 827 profesto
696 773 802 811 nulla
829 771 1119 817 vehementior;
1150 781 1207 816 ut,
1236 772 1263 810 fi
1291 773 1374 823 jam
1393 770 1472 822 ipsa
1489 770 1556 807 illa
1573 769 1744 807 accusare
1776 768 1893 812 nolis,

505 839 632 891 stupra
651 837 752 881 dico,
774 846 812 875 et
831 836 1076 889 corruptelas,
1093 845 1131 874 et
1150 836 1347 879 adulteria,
1368 834 1506 872 incesta
1523 833 1703 886 denique,
1725 843 1896 884 quorum

504 897 685 941 omnium
704 900 924 939 accusabilis
941 900 996 938 est
1014 900 1214 953 turpitudo
1227 915 1239 939 ι
1258 900 1320 938 sed
1340 908 1383 937 ut
1402 897 1483 937 haec
1502 899 1672 943 omittas,
1692 895 1894 950 perturba-

507 968 565 1005 tio
581 966 660 1019 ipsa
678 965 819 1004 mentis
839 965 879 1004 in
895 978 1022 1003 amore
1039 964 1143 1004 foeda
1159 978 1227 1018 per
1246 964 1281 1003 se
1300 963 1366 1003 est.
1388 964 1494 1002 Nam
1512 972 1560 1001 ut
1576 962 1644 1000 illa
1661 970 1897 1014 praeteroetn,

508 1045 592 1085 quae
612 1032 698 1070 sunt
716 1030 870 1077 furoris,
900 1029 983 1069 haec
1002 1030 1080 1083 ipsa
1098 1043 1165 1083 per
1182 1029 1256 1068 sest
1275 1043 1392 1082 quam
1411 1027 1556 1068 habent
1573 1028 1783 1071 levitatem,
1811 1037 1899 1078 quae

509 1097 685 1135 videntur
702 1096 774 1135 effe
791 1096 1000 1135 mediocria
1016 1097 1030 1133 ?

1295 1160 1452 1212 iry'uriae,

645 1228 870 1280 Sifspiciones,
891 1226 1099 1271 inimicitie,
1128 1226 1292 1271 induciet,

646 1293 797 1338 Bellum,
811 1301 890 1345 pax
907 1292 1063 1345 rursum.
1093 1293 1242 1330 Incerta
1259 1291 1381 1341 haecfi
1389 1291 1539 1344 postules

646 1358 800 1398 Ratione
817 1367 918 1397 certa
921 1358 1067 1410 ficere,
1095 1357 1202 1396 nihilo
1213 1357 1298 1410 plus
1315 1371 1418 1409 agas,

644 1425 811 1477 Qamst
824 1423 882 1464 des
900 1433 1054 1478 operam,
1074 1432 1118 1462 ut
1135 1437 1214 1462 cunt
1230 1423 1370 1462 ratione
1385 1421 1555 1476 itfinias.

514 1492 611 1530 Haec
630 1489 880 1528 inconstantia
909 1489 1221 1541 mutabilitasque
1239 1489 1397 1532 mentis,
1424 1500 1543 1540 quem
1573 1499 1652 1524 non
1679 1485 1758 1539 ipsa
1775 1486 1904 1539 pravi-

514 1566 590 1595 tate
609 1556 818 1594 deterreat?
850 1555 917 1594 Est
945 1555 1052 1594 enim
1072 1555 1184 1600 illud,
1216 1555 1319 1607 quod
1350 1555 1389 1593 in
1408 1554 1519 1593 omni
1537 1553 1821 1607 perturbatione
1841 1552 1905 1590 di-

515 1623 629 1668 citur,
651 1621 1003 1667 demonstrandum,
1032 1622 1185 1661 nullam
1204 1621 1276 1660 effe
1292 1621 1362 1660 nifi
1389 1620 1642 1673 opinabiloen,
1663 1619 1731 1657 nifi
1755 1618 1909 1671 judicio

517 1687 739 1739 susceptam,
770 1686 838 1724 nisi
859 1686 1126 1724 voluntariam.
1172 1687 1332 1724 Etenim
1352 1685 1377 1723 fi
1398 1685 1578 1723 naturalis
1596 1696 1705 1722 arnor
1722 1682 1811 1722 effet
1822 1701 1834 1727 ;
1866 1691 1906 1720 et

517 1760 686 1790 amarent
719 1761 869 1795 omnes,
899 1759 937 1787 et
967 1750 1114 1803 semper
1142 1759 1325 1794 amarent,
1355 1759 1393 1787 et
1425 1750 1530 1788 idem
1558 1758 1746 1793 amarent,
1780 1761 1906 1800 neque

518 1817 637 1855 aliurn
656 1815 793 1869 pudor,
822 1815 942 1853 alium
962 1816 1159 1867 cogitatio,
1179 1815 1300 1854 alium
1320 1815 1464 1852 satietas
1484 1815 1701 1852 deterreret.

572 1882 763 1920 XXXVI.
795 1881 855 1919 Ira
870 1893 972 1925 νει-ο,
993 1894 1093 1933 quae,
1113 1880 1300 1933 quamdiu
1318 1880 1514 1933 perturbat
1531 1880 1722 1924 animum,
1752 1879 1908 1917 dubita-

517 1947 666 1986 tionem
686 1945 835 1984 insanin
853 1958 933 1983 non
951 1944 1067 1983 habet
1081 1963 1094 1990 ;
1114 1947 1225 1998 cujus
1245 1945 1414 1998 impulsu
1430 1944 1557 1982 existit
1575 1945 1692 1982 etiam
1712 1945 1812 1982 inter
1831 1943 1910 1982 fra-

522 2023 594 2054 tres
613 2012 686 2051 tale
699 2011 874 2064 jurgium
890 2029 904 2057 ³

659 2077 747 2129 Qis
766 2077 862 2115 homo
881 2086 916 2115 te
934 2077 1160 2129 exjsitperavit
1179 2077 1322 2130 tssquam
1337 2076 1498 2129 gentium
1517 2074 1734 2128 impudentid
1748 2075 1768 2113 ,9

658 2143 748 2195 Quis
766 2152 884 2182 autem
902 2142 1043 2181 malitia
1058 2152 1095 2181 te
1110 2143 1130 2180 3>

524 2209 637 2250 Nosti
657 2223 740 2263 quae
762 2209 982 2262 sequuntur.
1020 2209 1190 2248 Alternis
1209 2208 1312 2247 enim
1335 2207 1500 2246 vex-sibus
1520 2207 1790 2260 intorquentur
1813 2207 1913 2247 inter

525 2276 658 2315 fratres
690 2275 911 2329 graviss‘nnae
944 2275 1190 2314 contumeliae
1206 2294 1216 2320 3
1250 2285 1291 2314 ut
1320 2273 1431 2312 facile
1459 2283 1646 2327 apparent,
1679 2274 1785 2312 Atrei
1813 2273 1911 2312 filios

527 2341 611 2387 effe,
632 2343 726 2393 ejus,
747 2341 813 2394 qui
835 2340 1041 2379 meditatur
1060 2354 1212 2394 poenam
1233 2341 1269 2378 in
1292 2339 1445 2379 fratrem
1465 2353 1600 2378 novam
1617 2357 1629 2385 ς

664 2408 791 2459 My'or
809 2407 898 2446 mihi
911 2408 1023 2452 moles,
1054 2408 1165 2459 mcy'us
1184 2406 1387 2460 mfiendum
1406 2407 1549 2450 malum,

665 2474 740 2525 Qei
755 2474 846 2512 illius
864 2473 1026 2512 acerbum
1045 2487 1106 2512 cor
1124 2472 1333 2512 contundam
1352 2483 1386 2509 et
1405 2472 1642 2524 comprimam.

533 2540 629 2589 Qae
650 2539 766 2590 igitur
785 2538 843 2578 ha:
865 2549 976 2579 erunt
996 2539 1144 2579 moles?
1175 2539 1262 2577 audi
1282 2536 1490 2588 Thyestem
1511 2537 1635 2590 ipsum
1652 2555 1664 2581 ς
