2330 2983
681 227 957 268 LIBER
1012 227 1432 268 TERTIUS.
1679 245 1752 285 323

359 326 572 371 moerendo,
605 338 731 364 nonne
763 339 819 363 res
840 325 1003 364 declarat
1037 324 1145 365 fuisse
1178 335 1306 366 totum
1335 327 1433 366 illud
1460 328 1751 368 voluntarium?

412 393 521 445 Qid
557 392 622 430 ille
643 391 897 429 Terentianus
932 391 1010 445 ipse
1040 391 1076 429 se
1107 394 1285 444 puniens,
1321 393 1360 432 id
1390 393 1455 438 est,
1485 391 1594 429 ἑαυτὶν
1612 389 1751 444 τιμωρέ-

358 453 469 502 μὲυΘ*
483 475 496 502 ³

493 522 662 561 Decrevi
677 523 853 574 tantisper
870 535 923 560 me
940 521 1056 559 minus
1075 521 1232 573 injuriae,

497 586 675 632 Chremes,
706 601 776 625 meo
790 596 903 638 gnato
909 587 1053 639 facere,
1074 587 1155 626 dum
1160 588 1254 639 fiam
1276 589 1328 626 mi
1339 603 1390 628 er.

358 651 439 691 Hic
459 651 641 697 decernit,
677 661 720 692 ut
738 651 851 691 miser
871 651 928 690 fit.
972 653 1085 692 Num
1106 653 1192 705 quis
1213 653 1332 707 igitur
1351 653 1566 706 quidquam
1583 654 1753 694 decernit

356 718 500 757 invitus
518 719 532 755 ?

496 784 600 823 Malo
620 783 753 838 quidem
771 799 824 823 me
843 785 966 838 quovis
984 784 1128 838 dignum
1146 784 1317 839 deputem.
1343 815 1352 823 .
1378 814 1387 823 .

358 849 462 889 malo
481 849 517 888 se
551 850 714 903 dignum
747 851 916 904 deputat,
945 852 1014 889 nifi
1045 851 1156 890 miser
1181 852 1239 890 fit.
1288 851 1405 890 Vides
1439 863 1529 904 ergo
1559 850 1752 904 opinionis

357 915 442 961 effe,
464 929 542 954 non
561 924 716 961 naturae,
737 916 899 954 malurn.
943 917 1066 968 Qid,
1087 931 1183 969 quos
1204 930 1261 956 res
1288 916 1365 969 ipsa
1384 917 1513 969 lugere
1541 915 1751 969 prohibet?

357 990 402 1019 ut
434 981 535 1034 apud
561 982 785 1019 Homerum
819 981 1050 1033 quotidianae
1079 995 1204 1026 neces,
1234 982 1486 1034 interitusque
1520 982 1750 1027 multorum,

354 1045 590 1086 sedationem
609 1047 798 1085 moerendi
817 1045 995 1092 afferunt,
1026 1048 1126 1100 apud
1143 1061 1262 1100 quem
1281 1048 1334 1085 ita
1353 1048 1496 1086 dicitur
1507 1066 1521 1093 5

494 1115 662 1167 Namque
680 1113 784 1151 nimis
801 1113 927 1151 multos
945 1122 1053 1166 atque
1071 1113 1164 1151 omni
1179 1114 1254 1152 luce
1272 1112 1432 1152 cadentes

493 1179 681 1219 Cernimus
691 1197 704 1224 ς
736 1187 778 1218 ut
796 1193 891 1218 nemo
902 1178 1006 1232 pqfflt
1025 1193 1171 1219 maerore
1189 1193 1336 1219 vacare.

489 1247 571 1297 Qo
588 1245 702 1298 magis
719 1244 764 1297 cst
782 1259 920 1298 aequum
940 1245 1085 1284 tumulis
1101 1244 1272 1283 mandare
1282 1252 1482 1297 peremptos

491 1311 618 1350 Firmo
636 1311 765 1355 animo,
794 1319 830 1348 et
848 1311 981 1348 lustum
1000 1310 1163 1362 lacrymis
1166 1309 1283 1361 finire
1300 1308 1451 1348 diurnis.

408 1375 517 1428 Ergo
546 1375 587 1413 in
619 1376 801 1428 potestate
831 1375 883 1413 est
913 1375 1076 1427 abjicere
1109 1375 1296 1419 dolorem,
1327 1387 1419 1413 cum
1450 1371 1557 1419 velis,
1589 1375 1755 1428 tempori

357 1441 596 1480 servientem.
619 1443 683 1479 An
698 1441 751 1479 est
771 1440 898 1478 ullum
918 1449 1084 1493 tempus,
1102 1440 1303 1493 (quoniam
1323 1439 1482 1493 quidem
1500 1452 1558 1478 res
1574 1440 1614 1477 in
1632 1440 1756 1478 nostra

358 1507 540 1560 potestate
569 1505 639 1558 est)
672 1506 736 1544 cui
767 1519 858 1551 non,
880 1505 1064 1558 ponendae
1093 1505 1330 1557 aegritudinis
1360 1504 1481 1549 causa,
1517 1504 1752 1544 serviamus?

359 1573 578 1616 Constabat,
600 1584 678 1616 eos,
710 1571 779 1623 qui
798 1571 1068 1609 concidentem
1095 1570 1316 1609 vulneribus
1338 1571 1414 1609 Cn.
1434 1570 1669 1623 Pompeium
1693 1571 1754 1608 vi-

359 1636 506 1682 dissent,
529 1650 621 1675 cum
641 1637 682 1674 in
701 1636 771 1674 illo
789 1636 871 1688 ipso
890 1635 1128 1674 acerbiffimo
1147 1635 1439 1688 miserrimoque
1454 1635 1667 1688 spectaculo
1686 1635 1755 1674 fibi

350 1702 548 1747 timerent,
570 1701 675 1753 quod
694 1701 730 1739 se
749 1700 858 1739 claffe
876 1700 1048 1740 hostium
1067 1700 1320 1739 circumfusos
1340 1701 1526 1745 viderent,
1548 1699 1647 1738 nihil
1669 1709 1755 1738 tum

355 1767 460 1806 aliud
479 1767 606 1820 egiffe,
627 1768 696 1806 nifi
714 1777 758 1806 ut
784 1768 945 1820 remiges
972 1766 1227 1811 hortarentur,
1253 1775 1291 1805 et
1311 1775 1354 1804 ut
1384 1766 1544 1804 salutern
1569 1766 1752 1818 adipisce-

357 1843 488 1872 rentur
506 1833 599 1885 fuga
614 1852 626 1878 3
658 1834 902 1886 posteaquam
923 1835 1077 1884 Tyrum
1093 1832 1288 1877 venissent,
1305 1842 1391 1870 tum
1412 1831 1582 1870 afflictari
1602 1831 1752 1870 lamen-

358 1899 508 1951 rarique
526 1898 693 1951 coepiffe.
739 1899 880 1937 Timor
910 1900 1030 1951 igitur
1049 1899 1098 1936 ab
1118 1899 1164 1936 iis
1184 1898 1450 1951 aegritudinem
1480 1898 1609 1950 potuit
1629 1898 1753 1951 repel-

359 1965 448 2008 lere,
470 1965 566 2002 ratio
585 1977 627 2002 ac
648 1964 827 2017 sapientia
846 1978 932 2002 vera
951 1977 1027 2002 non
1049 1964 1216 2017 poterit?
1662 1951 1664 1954 ,

412 2030 606 2068 XXVIII.
640 2029 748 2081 Qid
765 2030 817 2067 est
836 2039 980 2075 autern,
1011 2030 1115 2083 quod
1134 2030 1221 2082 plus
1240 2029 1359 2067 valeat
1374 2029 1419 2067 ad
1438 2029 1662 2082 ponendum
1681 2029 1752 2068 do-

358 2096 496 2140 lorem,
528 2109 647 2148 quam
665 2108 757 2133 cum
782 2095 834 2132 est
864 2095 1118 2141 intellectum,
1152 2094 1250 2133 nihil
1283 2094 1431 2148 profici,
1459 2104 1497 2133 et
1527 2094 1662 2132 frustra
1683 2094 1754 2133 effe

356 2161 606 2214 susceptum?
637 2161 675 2198 Si
708 2161 826 2212 igitur
858 2161 1000 2214 deponi
1031 2161 1165 2214 potest,
1196 2161 1312 2199 etiam
1343 2174 1422 2199 non
1452 2160 1587 2213 suscipi
1615 2160 1750 2213 potest.

358 2226 568 2265 Voluntate
587 2225 719 2277 igitur,
733 2234 771 2263 et
789 2226 939 2277 judicio
960 2226 1096 2280 suscipi
1117 2227 1383 2279 aegritudinem
1403 2225 1666 2264 confitendum
1684 2225 1751 2264 est.

360 2291 483 2343 quue
502 2291 692 2328 indicatur
710 2304 844 2329 eorum
864 2292 1060 2344 patientia,
1093 2292 1174 2344 qui,
1202 2306 1294 2330 cum
1315 2292 1438 2330 multa
1460 2292 1532 2330 slnt
1550 2291 1644 2344 saepe
1663 2303 1751 2342 per-

358 2356 466 2409 peffi,
494 2355 644 2394 facilius
665 2355 808 2402 ferunt,
840 2357 1032 2410 quidquid
1052 2358 1191 2396 accidit
1211 2376 1223 2403 5
1255 2356 1548 2409 obduruisseque
1567 2355 1638 2394 sese
1657 2368 1750 2394 con·

358 2431 417 2459 tra
435 2420 632 2460 fortunam
652 2422 881 2461 arbitrantur
896 2441 908 2468 ;
941 2432 984 2461 ut
1005 2423 1071 2461 ille
1086 2424 1187 2476 apud
1206 2423 1452 2476 Euripidem,

500 2486 542 2524 Si
557 2486 646 2524 mihi
661 2501 756 2526 nunc
773 2487 884 2540 trssis
896 2489 1055 2541 primum
1075 2488 1237 2541 illuxiffit
1259 2488 1343 2533 dies,

496 2553 577 2591 Nec
595 2562 670 2592 tam
689 2556 876 2607 aerumnqfh
894 2554 1206 2608 navtgcssemstzlo,

1357 2623 1378 2660 S
1400 2620 1420 2659 s
1433 2633 1455 2658 2
