2330 2983
615 273 910 314 VARIAE
993 273 1557 316 LECTIONES.

340 376 398 444 {2³2
423 367 459 436 ἰιι
482 416 517 436 ne
531 407 554 436 E
571 418 618 435 non

420 462 457 468 —
477 457 542 485 quae
556 457 598 475 res
614 447 644 476 U
657 457 710 485 qua
723 448 752 477 de

421 495 457 525 ²5
479 486 574 515 Vellei
588 488 611 515 E
633 489 658 516 Ο
674 487 752 517 Vellei

422 536 459 562 27
481 526 517 554 ab
531 526 630 555 eodem
648 528 670 555 E
685 539 704 556 a

422 568 458 594 28
480 567 566 594 Cotta
580 566 606 600 ψ
620 575 709 596 contra

422 615 460 643 ²9
481 605 547 633 huic
567 606 589 634 E
604 607 654 635 buc

419 659 460 667 -—-
479 645 595 682 quidem
610 645 633 673 E
647 647 760 684 equidem
775 645 806 674 U
820 657 896 684 quam

422 693 461 722 34
479 684 678 714 intermundiis
689 685 713 718 E
722 687 878 714 intermediis
891 685 920 714 U
934 687 1049 714 internu-

526 725 616 753 midiis
636 726 692 760 (al.
707 727 881 754 intermundus
894 727 998 764 marg.)

419 779 460 786 —
480 764 662 794 descendisset
675 766 700 800 ψ
713 765 905 802 dfiendemfid

424 813 458 842 35
483 804 578 832 futiles
590 804 620 833 U
635 805 661 833 d.
677 805 738 840 (ſsd
749 809 777 834 in
791 817 873 844 marg.
887 804 1052 843 aLfiHiles)

421 859 462 865 —
481 845 744 884 commenticiasque
758 845 782 874 E
796 844 968 882 cometiaosed

342 892 399 921 403
447 892 456 911 1
482 893 532 912 nec
548 883 572 912 E
586 893 610 913 et

443 933 459 952 2
481 922 595 955 (testatur
609 925 633 953 E
648 924 757 954 Pboiam

444 973 458 1000 3
482 973 549 992 vero
563 964 630 1002 Ufi
645 966 692 1000 (in
705 976 789 1003 marg.
803 965 842 994 al.
856 964 938 1003 vero)

443 1003 461 1030 6
481 1003 569 1032 animi
582 1004 606 1032 E
620 1007 704 1033 animo

421 1057 462 1064 —
482 1045 576 1082 potuit
590 1045 678 1073 vester
696 1045 718 1073 E
729 1047 812 1082 potuit
827 1045 906 1077 noster
918 1045 949 1074 U
961 1047 1056 1082 poterit

526 1092 612 1112 utrum
634 1088 737 1123 (marg.
753 1085 791 1112 al.
801 1088 885 1121 potuit
899 1083 1002 1121 vester)

421 1136 463 1144 —
483 1122 620 1152 fabricam
636 1123 714 1152 inam
730 1124 801 1152 tanti
815 1125 909 1162 operis
925 1124 948 1151 E
965 1125 990 1151 d.

442 1173 460 1200 9
482 1171 577 1191 autem
592 1164 615 1191 E
631 1164 659 1192 U
673 1165 698 1190 d.
716 1167 763 1199 (in
775 1174 860 1201 marg.
880 1164 907 1191 U
917 1163 957 1192 al.
970 1164 1054 1196 enim)

425 1210 435 1229 1
447 1210 457 1230 1
481 1202 609 1239 quinque
625 1203 646 1230 E
663 1204 688 1230 d.

422 1256 463 1263 --
484 1250 519 1268 ex
533 1242 555 1270 E
577 1243 604 1270 d.

423 1296 464 1303 -—
483 1281 593 1318 reliqua
615 1281 644 1309 U
660 1281 769 1320 reliquae
791 1280 853 1317 (sed
873 1285 901 1311 in
915 1293 999 1321 marg.
1016 1281 1055 1310 al.

526 1321 644 1359 reliqua)

429 1369 462 1396 ¹3
485 1361 580 1388 omnia
597 1361 620 1388 E
635 1361 663 1389 Ο
682 1361 710 1389 U
725 1361 751 1395 ψ
765 1362 895 1390 adomnia

423 1415 463 1421 —-
485 1399 545 1428 sunt
557 1401 662 1438 Ufiunt
675 1404 776 1439 (marg.
791 1402 920 1438 nul-ficut)

427 1449 463 1475 ¹4
483 1440 600 1477 quidem
618 1441 640 1469 E
656 1441 684 1468 O
699 1440 728 1469 U
742 1441 769 1475 ψ
783 1443 809 1469 d.

429 1488 462 1516 ¹7
484 1479 692 1519 physiologiam
721 1481 744 1509 E
765 1481 792 1509 0
814 1481 844 1510 U
866 1478 1055 1518 plqrfiologiam

524 1523 544 1547 i.
553 1531 576 1549 e.
592 1527 699 1550 nature
711 1525 833 1550 rationem
843 1521 869 1556 ψ
875 1519 1058 1557 philosophiam

525 1570 545 1586 ι.
555 1571 577 1589 e.
593 1569 696 1590 naturae
708 1565 833 1590 rationem

428 1609 464 1627 zo
484 1599 601 1628 Pronoea
616 1601 640 1629 E
659 1601 782 1630 provoces
799 1602 823 1630 Ο
838 1600 932 1628 Pronoe

425 1653 466 1660 --
485 1639 579 1668 Lucili
594 1640 618 1668 E
633 1640 706 1668 Luoli

427 1687 462 1717 25
486 1687 537 1707 cur
551 1679 573 1707 E
588 1691 634 1707 cur
645 1689 700 1708 cum

426 1719 464 1746 26
485 1726 550 1747 ante
564 1720 588 1747 E
602 1720 631 1748 0
645 1718 672 1755 ψ
682 1721 712 1748 d.

428 1766 464 1795 3²
487 1758 691 1797 cogitationem
707 1759 730 1787 E
743 1760 889 1798 cogitatione

429 1806 467 1834 34
486 1799 574 1826 vestra
587 1799 611 1827 E
626 1801 710 1837 mssra

347 1846 408 1875 404
453 1846 460 1865 1
487 1837 536 1866 iste
551 1839 574 1866 E
588 1841 640 1876 nsta

450 1886 464 1914 3
489 1885 620 1915 parerent
635 1877 664 1906 U
675 1884 793 1915 paterent
807 1878 869 1916 (sed
878 1881 905 1907 in
918 1887 1004 1916 marg.
1019 1876 1057 1904 al.

521 1919 664 1954 parerent)

425 1972 465 1979 —
487 1957 624 1986 mundum
639 1959 662 1986 E
673 1961 731 1986 vim
741 1961 771 1986 in

446 1997 464 2024 6
487 1997 547 2025 Post
565 1998 591 2032 ψ
607 1999 695 2026 Primo

427 2051 466 2057 —
485 2036 656 2065 varietatene
671 2039 693 2065 E
710 2037 736 2066 U
751 2039 885 2066 varietate
896 2048 937 2066 nec

430 2085 439 2103 1
452 2085 460 2104 1
485 2085 554 2115 ergo
569 2077 592 2105 E
606 2079 689 2115 igitur

432 2125 441 2142 1
451 2125 466 2144 2
488 2116 524 2143 de
539 2117 675 2153 improbis
691 2117 714 2145 E
727 2117 852 2155 inproba-s

431 2164 465 2191 17
488 2155 561 2184 stulti
579 2157 600 2184 E
615 2159 640 2184 d.

426 2210 467 2216 —
487 2195 584 2232 poffint
599 2196 621 2224 E
636 2195 663 2224 U
674 2197 772 2233 pffm?

433 2244 467 2271 ¹9
489 2234 621 2264 dixerunt
637 2236 660 2264 E
675 2238 790 2263 dixerint

427 2289 469 2296 —
489 2275 621 2304 viderunt
636 2275 664 2304 U
679 2277 801 2304 viderent

431 2323 468 2342 20
489 2325 574 2352 quam
590 2315 707 2353 figuram
726 2315 752 2344 U
769 2316 918 2354 quafigura

429 2369 470 2375 —
490 2355 577 2391 posset
591 2356 615 2389 ψ
625 2356 698 2393 poffit

432 2404 468 2422 22
489 2395 640 2423 rotundum
657 2395 685 2424 U
697 2404 720 2424 ot
733 2395 866 2423 rotundum

430 2448 472 2455 —
493 2434 581 2463 velint
597 2435 624 2464 U
640 2435 732 2464 volunt
747 2438 850 2473 (marg.
863 2433 901 2463 al.
915 2433 1020 2469 velint)

434 2482 468 2511 25
493 2473 627 2503 tribuitur
641 2475 665 2503 E
680 2475 707 2504 U
722 2474 882 2505 attribuitur

434 2522 470 2550 ²7
492 2513 609 2544 ubinam
624 2515 647 2544 E
662 2515 707 2544 ubi

1141 415 1160 444 4
1182 388 1222 446 29'
1239 407 1313 436 idem
1331 408 1360 437 U
1376 411 1417 438 aa

1183 457 1219 485 32
1241 448 1358 486 appulsu
1375 450 1397 477 E
1411 449 1440 478 U
1454 448 1560 487 impulsu
1575 449 1639 488 (fid
1649 449 1678 480 U
1693 450 1812 490 inmarg}

1283 488 1408 525 appulsu)

1183 535 1219 563 35
1243 525 1364 555 dicenda
1380 529 1407 555 O
1421 529 1532 557 ducenda

1099 573 1158 603 405
1207 574 1215 592 1
1241 566 1329 594 vestra
1343 567 1365 595 E
1381 569 1466 605 nestra

1178 619 1219 626 —
1238 615 1304 634 vero
1320 606 1382 640 sint,
1397 607 1434 635 ab
1447 606 1471 635 E
1486 608 1621 644 ‘ver-ofin!
1632 607 1666 637 ab
1678 609 1706 637 Ο
1720 619 1783 639 vero
1794 611 1811 637 ,Ρ

1271 648 1319 683 est
1332 653 1361 673 ut
1377 647 1410 675 ab
1425 647 1455 676 U
1466 658 1525 676 vero
1538 647 1574 676 ab

1203 693 1222 720 4
1242 685 1337 713 Deum
1350 686 1376 720 ψ
1388 687 1490 715 Deinde

1205 734 1219 762 ς
1245 725 1295 752 Dii
1311 726 1333 753 E
1348 728 1390 754 dei

1203 763 1221 791 6
1243 773 1322 802 aquae
1338 766 1360 793 E
1374 777 1446 805 aqua

1204 812 1218 837 7
1241 813 1359 842 corpore
1373 806 1396 834 E
1411 809 1439 834 in
1449 814 1550 844 corpore

1194 852 1216 882 9
1237 844 1372 878 orientes,
1394 845 1609 884 occidentesque
1622 846 1644 874 E
1659 847 1761 875 orientis
1775 857 1815 875 oc-

1282 885 1435 924 cidentisque

1186 931 1220 951 12
1242 925 1319 962 quasi
1334 925 1358 953 E
1371 936 1452 964 quare

1187 962 1222 990 16
1243 963 1280 992 ab
1295 964 1476 994 Anaximene
1491 965 1514 994 E
1529 977 1546 994 a
1561 974 1672 994 naxamo
1685 975 1713 994 tte

1188 1005 1221 1030 18
1243 1003 1283 1036 vi,
1305 1013 1337 1032 ac
1352 1005 1375 1032 E
1390 1007 1418 1033 in
1432 1007 1482 1033 hac

1188 1051 1222 1079 ¹9
1243 1043 1331 1072 sensui
1347 1045 1370 1072 E
1386 1044 1496 1082 &sensu

1183 1096 1224 1103 —
1243 1084 1435 1113 continentem
1449 1086 1475 1120 ψ
1489 1087 1676 1114 incontinentem

1181 1136 1227 1144 —
1246 1124 1275 1151 in
1291 1124 1314 1151 E
1330 1126 1359 1152 Ο
1374 1127 1399 1153 d.

1183 1177 1224 1184 —
1245 1163 1334 1190 ullum
1353 1165 1374 1191 E
1390 1163 1462 1192 illum
1475 1164 1504 1193 U
1520 1163 1614 1192 nullum

1190 1211 1227 1230 zo
1248 1202 1300 1230 effe
1315 1203 1344 1231 U
1363 1205 1390 1230 d.

1184 1257 1225 1263 —
1245 1251 1301 1279 quo
1315 1242 1341 1276 ψ
1355 1243 1421 1280 quod

1184 1295 1225 1302 —-
1245 1281 1323 1318 pulsa
1337 1281 1479 1319 Upulfims

1190 1330 1223 1350 21
1249 1322 1367 1358 aliquod
1382 1322 1405 1350 E
1420 1322 1543 1359 quoddam

1189 1371 1224 1399 23
1248 1361 1364 1390 interius
1380 1360 1402 1389 E
1415 1361 1523 1391 ulterius

1186 1417 1227 1424 —-
1247 1400 1337 1439 igitur
1350 1402 1373 1429 E
1387 1413 1446 1439 ergo

1187 1457 1228 1464 —
1248 1449 1364 1469 externo
1379 1441 1402 1469 E
1415 1447 1499 1470 eterno
1514 1441 1542 1470 U
1557 1450 1664 1471 extremo

1190 1491 1228 1518 24
1249 1490 1308 1509 non
1325 1482 1346 1510 E
1358 1483 1385 1509 d.

1190 1531 1226 1558 27
1250 1520 1376 1550 Aicmaeo
1387 1522 1410 1550 E
1425 1521 1527 1550 Alcinoo

1186 1576 1228 1583 —
1248 1560 1419 1599 reliquisque
1436 1562 1459 1589 E
1474 1561 1580 1598 reliquis

1190 1609 1228 1637 30
1249 1600 1374 1629 animum
1390 1601 1413 1628 E
1429 1604 1543 1628 animam

1190 1649 1223 1678 3¹
1247 1649 1358 1668 omnem
1376 1639 1520 1674 &omnium

1190 1689 1226 1717 32
1248 1679 1424 1707 distractione
1438 1680 1461 1707 E
1475 1682 1663 1717 dzstrallionem

1108 1718 1167 1756 406
1213 1729 1222 1747 ι
1248 1719 1358 1747 animus
1374 1719 1396 1746 E
1411 1720 1470 1747 dem

1210 1769 1225 1788 z
1248 1759 1348 1787 infixus
1376 1759 1404 1787 U
1427 1760 1535 1796 infimus
1557 1758 1604 1797 (in
1622 1770 1706 1798 marg.
1720 1760 1759 1790 al.
1775 1763 1817 1789 in-

1209 1928 1225 1955 7
1247 1919 1474 1947 commentitium
1488 1918 1626 1957 quiddam
1637 1919 1660 1947 E
1672 1916 1698 1952 ψ
1709 1928 1822 1948 conven-

1289 1961 1378 1987 tict'um
1393 1960 1514 1997 quoddam
1532 1959 1560 1987 Ο
1579 1961 1624 1997 qui
1636 1962 1821 1988 conventicium

1296 2000 1418 2036 quiddam
1445 1999 1472 2027 U
1495 2009 1567 2037 quem
1581 2004 1732 2029 conventum
1760 2003 1823 2040 (fid

1290 2049 1372 2076 marg.
1389 2038 1427 2066 al.
1441 2040 1538 2077 quidem
1551 2040 1748 2073 converticium)

1190 2093 1230 2100 —
1253 2078 1436 2106 similitudine
1450 2079 1473 2107 E
1486 2078 1628 2116 xlaefimilcm
1643 2078 1762 2115 Ofintile

1212 2120 1228 2146 8
1251 2118 1348 2146 ardore
1364 2118 1386 2146 E
1401 2118 1430 2146 0
1444 2118 1473 2147 U
1487 2120 1513 2154 ψ
1526 2121 1643 2148 ardorem

1194 2167 1223 2186 11
1249 2157 1372 2194 ejusdem
1388 2158 1508 2187 monstra
1520 2159 1543 2188 E
1555 2160 1607 2197 ejus
1619 2161 1792 2200 demonstrata

1193 2207 1228 2234 ¹4
1250 2197 1413 2235 reprehensa
1427 2198 1451 2226 E
1464 2199 1611 2236 reprebendi

1189 2252 1228 2259 —-
1251 2238 1304 2266 hoc
1319 2237 1341 2265 E
1358 2236 1384 2272 ψ
1398 2239 1442 2266 hoc
1456 2243 1506 2266 loco

1195 2286 1227 2315 ις
1250 2277 1419 2306 omittantur
1433 2277 1458 2311 ψ
1472 2279 1609 2306 comitatur

1196 2318 1230 2345 16
1253 2317 1440 2355 Empedocles
1457 2317 1486 2346 U
1501 2317 1639 2355 Euripides

1196 2366 1229 2392 17
1250 2366 1287 2384 ex
1303 2357 1325 2384 E
1339 2368 1350 2384 e

1197 2397 1232 2426 18
1254 2397 1315 2424 vult
1330 2397 1353 2425 E
1368 2396 1479 2432 ᾧτινι-[ξι

1192 2451 1235 2458 —·
1253 2435 1343 2464 censet
1359 2437 1382 2465 E
1396 2437 1426 2466 U
1441 2435 1468 2471 ψ
1481 2437 1544 2466 vult

1193 2491 1235 2498 —
1255 2483 1283 2504 et
1298 2475 1373 2504 nasci
1388 2477 1411 2505 E
1426 2477 1496 2513 nasci

1199 2524 1236 2545 20
1257 2516 1424 2556 Protagoras
1439 2517 1468 2544 O
1484 2516 1513 2545 U
1528 2517 1686 2556 vagoras

1439 2555 1475 2585 M
1489 2565 1517 2586 m
1532 2566 1561 2586 m
1574 2566 1604 2588 111
1625 2567 1641 2587 2
