<?xml version="1.0" encoding="UTF-8"?>
<!DOCTYPE html PUBLIC "-//W3C//DTD XHTML 1.0 Transitional//EN"
    "http://www.w3.org/TR/xhtml1/DTD/xhtml1-transitional.dtd">
<html xmlns="http://www.w3.org/1999/xhtml" xml:lang="en" lang="en">
 <head>
  <title>
</title>
<meta http-equiv="Content-Type" content="text/html;charset=utf-8" />
  <meta name='ocr-system' content='tesseract 3.04.00' />
  <meta name='ocr-capabilities' content='ocr_page ocr_carea ocr_par ocr_line ocrx_word'/>
</head>
<body>
  <div class='ocr_page' id='page_1' title='image "./operacumindicibu02ciceuoft_0237.png"; bbox 0 0 2330 2983; ppageno 0'>
   <div class='ocr_carea' id='block_1_1' title="bbox 600 203 1680 258">
    <p class='ocr_par' dir='ltr' id='par_1_1' title="bbox 600 203 1680 258">
     <span class='ocr_line' id='line_1_1' title="bbox 600 203 1680 258; baseline 0.004 -16"><span class='ocrx_word' id='word_1_1' title='bbox 600 203 876 243; x_wconf 89' lang='lat' dir='ltr'>LIBER</span> <span class='ocrx_word' id='word_1_2' title='bbox 933 203 1365 256; x_wconf 66' lang='lat' dir='ltr'>QUINTUS.</span> <span class='ocrx_word' id='word_1_3' title='bbox 1604 219 1680 258; x_wconf 86' lang='lat'>229</span> 
     </span>
    </p>
   </div>
   <div class='ocr_carea' id='block_1_2' title="bbox 274 303 1680 2580">
    <p class='ocr_par' dir='ltr' id='par_1_2' title="bbox 287 303 1680 602">
     <span class='ocr_line' id='line_1_2' title="bbox 291 303 1680 357; baseline 0.001 -14"><span class='ocrx_word' id='word_1_4' title='bbox 291 303 385 357; x_wconf 84' lang='lat' dir='ltr'>quid</span> <span class='ocrx_word' id='word_1_5' title='bbox 404 316 574 357; x_wconf 87' lang='lat' dir='ltr'>quaerens</span> <span class='ocrx_word' id='word_1_6' title='bbox 593 303 698 342; x_wconf 89' lang='lat' dir='ltr'>aliud</span> <span class='ocrx_word' id='word_1_7' title='bbox 718 303 785 341; x_wconf 81' lang='lat' dir='ltr'>nisi</span> <span class='ocrx_word' id='word_1_8' title='bbox 806 304 954 342; x_wconf 84' lang='lat' dir='ltr'>beatam</span> <span class='ocrx_word' id='word_1_9' title='bbox 974 303 1094 341; x_wconf 84' lang='lat' dir='ltr'>vitam</span> <span class='ocrx_word' id='word_1_10' title='bbox 1112 304 1125 341; x_wconf 91' lang='lat'>?</span> <span class='ocrx_word' id='word_1_11' title='bbox 1156 305 1286 355; x_wconf 83' lang='lat' dir='ltr'>Qam</span> <span class='ocrx_word' id='word_1_12' title='bbox 1307 304 1333 342; x_wconf 88' lang='lat' dir='ltr'>fi</span> <span class='ocrx_word' id='word_1_13' title='bbox 1353 304 1468 343; x_wconf 90' lang='lat' dir='ltr'>etiam</span> <span class='ocrx_word' id='word_1_14' title='bbox 1490 303 1531 343; x_wconf 90' lang='lat' dir='ltr'>in</span> <span class='ocrx_word' id='word_1_15' title='bbox 1551 318 1680 345; x_wconf 86' lang='lat' dir='ltr'>rerum</span> 
     </span>
     <span class='ocr_line' id='line_1_3' title="bbox 290 369 1680 424; baseline 0.003 -18"><span class='ocrx_word' id='word_1_16' title='bbox 290 371 510 422; x_wconf 84' lang='lat' dir='ltr'>cognitione</span> <span class='ocrx_word' id='word_1_17' title='bbox 528 369 708 422; x_wconf 87' lang='lat' dir='ltr'>ponebat,</span> <span class='ocrx_word' id='word_1_18' title='bbox 738 379 866 407; x_wconf 87' lang='lat' dir='ltr'>tamen</span> <span class='ocrx_word' id='word_1_19' title='bbox 884 382 930 406; x_wconf 84' lang='lat' dir='ltr'>ex</span> <span class='ocrx_word' id='word_1_20' title='bbox 950 369 1017 406; x_wconf 85' lang='lat' dir='ltr'>illa</span> <span class='ocrx_word' id='word_1_21' title='bbox 1036 370 1321 421; x_wconf 87' lang='lat' dir='ltr'>investigatione</span> <span class='ocrx_word' id='word_1_22' title='bbox 1340 378 1481 408; x_wconf 87' lang='lat' dir='ltr'>naturae</span> <span class='ocrx_word' id='word_1_23' title='bbox 1500 371 1680 424; x_wconf 87' lang='lat' dir='ltr'>consequi</span> 
     </span>
     <span class='ocr_line' id='line_1_4' title="bbox 290 433 1677 482; baseline 0.003 -11"><span class='ocrx_word' id='word_1_24' title='bbox 290 436 454 479; x_wconf 91' lang='lat' dir='ltr'>volebat,</span> <span class='ocrx_word' id='word_1_25' title='bbox 490 443 533 472; x_wconf 92' lang='lat' dir='ltr'>ut</span> <span class='ocrx_word' id='word_1_26' title='bbox 565 434 652 472; x_wconf 84' lang='lat' dir='ltr'>effet</span> <span class='ocrx_word' id='word_1_27' title='bbox 683 435 784 472; x_wconf 90' lang='lat' dir='ltr'>bono</span> <span class='ocrx_word' id='word_1_28' title='bbox 814 433 958 471; x_wconf 86' lang='lat' dir='ltr'>animo.</span> <span class='ocrx_word' id='word_1_29' title='bbox 1004 433 1049 471; x_wconf 92' lang='lat' dir='ltr'>Id</span> <span class='ocrx_word' id='word_1_30' title='bbox 1067 434 1173 471; x_wconf 87' lang='lat' dir='ltr'>enim</span> <span class='ocrx_word' id='word_1_31' title='bbox 1192 434 1257 471; x_wconf 91' lang='lat' dir='ltr'>ille</span> <span class='ocrx_word' id='word_1_32' title='bbox 1290 435 1488 473; x_wconf 89' lang='lat' dir='ltr'>summum</span> <span class='ocrx_word' id='word_1_33' title='bbox 1517 437 1677 482; x_wconf 90' lang='lat' dir='ltr'>bonum,</span> 
     </span>
     <span class='ocr_line' id='line_1_5' title="bbox 288 494 1677 551; baseline 0.004 -18"><span class='ocrx_word' id='word_1_34' title='bbox 288 496 464 546; x_wconf 59' lang='grc' dir='ltr'><em>εὐθυμίαν,</em></span> <span class='ocrx_word' id='word_1_35' title='bbox 485 507 522 537; x_wconf 91' lang='lat' dir='ltr'>et</span> <span class='ocrx_word' id='word_1_36' title='bbox 541 498 636 551; x_wconf 87' lang='lat' dir='ltr'>saepe</span> <span class='ocrx_word' id='word_1_37' title='bbox 660 494 834 548; x_wconf 63' lang='grc' dir='ltr'>ἀταραξιάν</span> <span class='ocrx_word' id='word_1_38' title='bbox 853 497 1032 550; x_wconf 88' lang='lat' dir='ltr'>appellat,</span> <span class='ocrx_word' id='word_1_39' title='bbox 1062 498 1103 536; x_wconf 90' lang='lat' dir='ltr'>id</span> <span class='ocrx_word' id='word_1_40' title='bbox 1123 497 1189 544; x_wconf 89' lang='lat' dir='ltr'>est,</span> <span class='ocrx_word' id='word_1_41' title='bbox 1210 499 1386 537; x_wconf 87' lang='lat' dir='ltr'>animum</span> <span class='ocrx_word' id='word_1_42' title='bbox 1407 509 1545 538; x_wconf 87' lang='lat' dir='ltr'>terrore</span> <span class='ocrx_word' id='word_1_43' title='bbox 1578 502 1677 540; x_wconf 84' lang='lat' dir='ltr'>libe-</span> 
     </span>
     <span class='ocr_line' id='line_1_6' title="bbox 287 577 388 602; baseline 0.01 -1"><span class='ocrx_word' id='word_1_44' title='bbox 287 577 388 602; x_wconf 88' lang='lat' dir='ltr'>rum.</span> 
     </span>
    </p>

    <p class='ocr_par' dir='ltr' id='par_1_3' title="bbox 280 628 1678 1531">
     <span class='ocr_line' id='line_1_7' title="bbox 342 628 1678 685; baseline 0.002 -18"><span class='ocrx_word' id='word_1_45' title='bbox 342 629 412 668; x_wconf 89' lang='lat' dir='ltr'>Sed</span> <span class='ocrx_word' id='word_1_46' title='bbox 442 628 525 668; x_wconf 85' lang='lat' dir='ltr'>haec</span> <span class='ocrx_word' id='word_1_47' title='bbox 553 630 618 668; x_wconf 76' lang='lat' dir='ltr'>etsi</span> <span class='ocrx_word' id='word_1_48' title='bbox 651 630 840 684; x_wconf 61' lang='lat' dir='ltr'>praeclare,</span> <span class='ocrx_word' id='word_1_49' title='bbox 872 629 1046 670; x_wconf 88' lang='lat' dir='ltr'>nondum</span> <span class='ocrx_word' id='word_1_50' title='bbox 1077 640 1206 670; x_wconf 90' lang='lat' dir='ltr'>tamen</span> <span class='ocrx_word' id='word_1_51' title='bbox 1238 640 1277 670; x_wconf 92' lang='lat' dir='ltr'>et</span> <span class='ocrx_word' id='word_1_52' title='bbox 1295 632 1494 685; x_wconf 87' lang='lat' dir='ltr'>perpolita.</span> <span class='ocrx_word' id='word_1_53' title='bbox 1554 633 1678 671; x_wconf 81' lang='lat' dir='ltr'>Pauca</span> 
     </span>
     <span class='ocr_line' id='line_1_8' title="bbox 285 695 1674 750; baseline 0.002 -17"><span class='ocrx_word' id='word_1_54' title='bbox 285 695 404 740; x_wconf 86' lang='lat' dir='ltr'>enim,</span> <span class='ocrx_word' id='word_1_55' title='bbox 436 709 558 749; x_wconf 89' lang='lat' dir='ltr'>neque</span> <span class='ocrx_word' id='word_1_56' title='bbox 584 710 627 734; x_wconf 92' lang='lat' dir='ltr'>ea</span> <span class='ocrx_word' id='word_1_57' title='bbox 654 697 732 749; x_wconf 86' lang='lat' dir='ltr'>ipsa</span> <span class='ocrx_word' id='word_1_58' title='bbox 751 697 958 742; x_wconf 89' lang='lat' dir='ltr'>enucleate,</span> <span class='ocrx_word' id='word_1_59' title='bbox 979 698 1024 735; x_wconf 91' lang='lat' dir='ltr'>ab</span> <span class='ocrx_word' id='word_1_60' title='bbox 1045 696 1120 736; x_wconf 91' lang='lat' dir='ltr'>hoc</span> <span class='ocrx_word' id='word_1_61' title='bbox 1141 699 1188 736; x_wconf 91' lang='lat' dir='ltr'>de</span> <span class='ocrx_word' id='word_1_62' title='bbox 1213 698 1354 736; x_wconf 89' lang='lat' dir='ltr'>virtute</span> <span class='ocrx_word' id='word_1_63' title='bbox 1383 699 1542 750; x_wconf 89' lang='lat' dir='ltr'>quidem</span> <span class='ocrx_word' id='word_1_64' title='bbox 1563 698 1674 737; x_wconf 66' lang='lat' dir='ltr'>dicta.</span> 
     </span>
     <span class='ocr_line' id='line_1_9' title="bbox 286 760 1674 816; baseline 0.003 -18"><span class='ocrx_word' id='word_1_65' title='bbox 286 760 375 798; x_wconf 81' lang='lat' dir='ltr'>Post</span> <span class='ocrx_word' id='word_1_66' title='bbox 404 762 509 799; x_wconf 90' lang='lat' dir='ltr'>enim</span> <span class='ocrx_word' id='word_1_67' title='bbox 542 761 625 800; x_wconf 79' lang='lat' dir='ltr'>haec</span> <span class='ocrx_word' id='word_1_68' title='bbox 658 763 698 800; x_wconf 89' lang='lat' dir='ltr'>in</span> <span class='ocrx_word' id='word_1_69' title='bbox 732 761 804 800; x_wconf 90' lang='lat' dir='ltr'>hac</span> <span class='ocrx_word' id='word_1_70' title='bbox 839 763 932 801; x_wconf 90' lang='lat' dir='ltr'>urbe</span> <span class='ocrx_word' id='word_1_71' title='bbox 954 763 1126 815; x_wconf 89' lang='lat' dir='ltr'>primum</span> <span class='ocrx_word' id='word_1_72' title='bbox 1159 777 1180 801; x_wconf 89' lang='lat' dir='ltr'>a</span> <span class='ocrx_word' id='word_1_73' title='bbox 1209 765 1359 802; x_wconf 87' lang='lat' dir='ltr'>Socrate</span> <span class='ocrx_word' id='word_1_74' title='bbox 1379 765 1497 816; x_wconf 83' lang='lat' dir='ltr'>quaeri</span> <span class='ocrx_word' id='word_1_75' title='bbox 1522 774 1647 816; x_wconf 85' lang='lat' dir='ltr'>coepta</span> <span class='ocrx_word' id='word_1_76' title='bbox 1662 782 1674 808; x_wconf 74' lang='lat'>5</span> 
     </span>
     <span class='ocr_line' id='line_1_10' title="bbox 286 826 1676 882; baseline 0.003 -18"><span class='ocrx_word' id='word_1_77' title='bbox 286 826 421 864; x_wconf 92' lang='lat' dir='ltr'>deinde</span> <span class='ocrx_word' id='word_1_78' title='bbox 440 828 479 865; x_wconf 91' lang='lat' dir='ltr'>in</span> <span class='ocrx_word' id='word_1_79' title='bbox 500 827 605 866; x_wconf 91' lang='lat' dir='ltr'>hunc</span> <span class='ocrx_word' id='word_1_80' title='bbox 624 829 755 866; x_wconf 91' lang='lat' dir='ltr'>locum</span> <span class='ocrx_word' id='word_1_81' title='bbox 776 828 897 866; x_wconf 84' lang='lat' dir='ltr'>delata</span> <span class='ocrx_word' id='word_1_82' title='bbox 916 828 1016 867; x_wconf 91' lang='lat' dir='ltr'>sunt.</span> <span class='ocrx_word' id='word_1_83' title='bbox 1048 829 1089 868; x_wconf 95' lang='lat' dir='ltr'>N</span> <span class='ocrx_word' id='word_1_84' title='bbox 1092 843 1134 867; x_wconf 91' lang='lat' dir='ltr'>ec</span> <span class='ocrx_word' id='word_1_85' title='bbox 1155 829 1388 874; x_wconf 87' lang='lat' dir='ltr'>dubitatum,</span> <span class='ocrx_word' id='word_1_86' title='bbox 1411 830 1505 882; x_wconf 90' lang='lat' dir='ltr'>quin</span> <span class='ocrx_word' id='word_1_87' title='bbox 1525 830 1565 867; x_wconf 89' lang='lat' dir='ltr'>in</span> <span class='ocrx_word' id='word_1_88' title='bbox 1597 830 1676 868; x_wconf 86' lang='lat' dir='ltr'>vir-</span> 
     </span>
     <span class='ocr_line' id='line_1_11' title="bbox 285 893 1676 946; baseline 0.002 -17"><span class='ocrx_word' id='word_1_89' title='bbox 285 900 368 929; x_wconf 91' lang='lat' dir='ltr'>tute</span> <span class='ocrx_word' id='word_1_90' title='bbox 387 893 527 937; x_wconf 84' lang='lat' dir='ltr'>omnis,</span> <span class='ocrx_word' id='word_1_91' title='bbox 549 902 592 930; x_wconf 91' lang='lat' dir='ltr'>ut</span> <span class='ocrx_word' id='word_1_92' title='bbox 608 893 716 937; x_wconf 88' lang='lat' dir='ltr'>bene,</span> <span class='ocrx_word' id='word_1_93' title='bbox 733 893 782 930; x_wconf 87' lang='lat' dir='ltr'>fic</span> <span class='ocrx_word' id='word_1_94' title='bbox 795 893 911 930; x_wconf 88' lang='lat' dir='ltr'>etiam</span> <span class='ocrx_word' id='word_1_95' title='bbox 927 895 1049 939; x_wconf 89' lang='lat' dir='ltr'>beate,</span> <span class='ocrx_word' id='word_1_96' title='bbox 1066 894 1217 932; x_wconf 90' lang='lat' dir='ltr'>vivendi</span> <span class='ocrx_word' id='word_1_97' title='bbox 1237 893 1317 946; x_wconf 91' lang='lat' dir='ltr'>spes</span> <span class='ocrx_word' id='word_1_98' title='bbox 1338 904 1553 946; x_wconf 86' lang='lat' dir='ltr'>poneretur.</span> <span class='ocrx_word' id='word_1_99' title='bbox 1578 895 1676 945; x_wconf 83' lang='lat' dir='ltr'>Qae</span> 
     </span>
     <span class='ocr_line' id='line_1_12' title="bbox 284 957 1674 1011; baseline 0.001 -17"><span class='ocrx_word' id='word_1_100' title='bbox 284 969 376 994; x_wconf 90' lang='lat' dir='ltr'>cum</span> <span class='ocrx_word' id='word_1_101' title='bbox 398 958 506 995; x_wconf 89' lang='lat' dir='ltr'>Zeno</span> <span class='ocrx_word' id='word_1_102' title='bbox 525 957 710 995; x_wconf 81' lang='lat' dir='ltr'>didiciffet</span> <span class='ocrx_word' id='word_1_103' title='bbox 738 971 758 994; x_wconf 92' lang='lat' dir='ltr'>a</span> <span class='ocrx_word' id='word_1_104' title='bbox 778 957 938 1003; x_wconf 73' lang='lat' dir='ltr'>nostris,</span> <span class='ocrx_word' id='word_1_105' title='bbox 971 967 1014 995; x_wconf 87' lang='lat' dir='ltr'>ut</span> <span class='ocrx_word' id='word_1_106' title='bbox 1044 959 1084 996; x_wconf 92' lang='lat' dir='ltr'>in</span> <span class='ocrx_word' id='word_1_107' title='bbox 1110 959 1320 996; x_wconf 64' lang='lat' dir='ltr'>aetionibus</span> <span class='ocrx_word' id='word_1_108' title='bbox 1346 959 1536 1011; x_wconf 86' lang='lat' dir='ltr'>praescribi</span> <span class='ocrx_word' id='word_1_109' title='bbox 1567 959 1674 1003; x_wconf 89' lang='lat' dir='ltr'>solet,</span> 
     </span>
     <span class='ocr_line' id='line_1_13' title="bbox 284 1021 1675 1075; baseline 0.002 -17"><span class='ocrx_word' id='word_1_110' title='bbox 284 1021 330 1058; x_wconf 89' lang='lat' dir='ltr'>de</span> <span class='ocrx_word' id='word_1_111' title='bbox 349 1035 388 1059; x_wconf 92' lang='lat' dir='ltr'>re</span> <span class='ocrx_word' id='word_1_112' title='bbox 407 1022 535 1060; x_wconf 87' lang='lat' dir='ltr'>eadem</span> <span class='ocrx_word' id='word_1_113' title='bbox 557 1021 650 1059; x_wconf 90' lang='lat' dir='ltr'>fecit</span> <span class='ocrx_word' id='word_1_114' title='bbox 669 1022 743 1060; x_wconf 88' lang='lat' dir='ltr'>alio</span> <span class='ocrx_word' id='word_1_115' title='bbox 763 1023 894 1060; x_wconf 91' lang='lat' dir='ltr'>modo.</span> <span class='ocrx_word' id='word_1_116' title='bbox 927 1024 1017 1060; x_wconf 93' lang='lat' dir='ltr'>Hoc</span> <span class='ocrx_word' id='word_1_117' title='bbox 1038 1033 1080 1060; x_wconf 93' lang='lat' dir='ltr'>tu</span> <span class='ocrx_word' id='word_1_118' title='bbox 1101 1037 1204 1060; x_wconf 91' lang='lat' dir='ltr'>nunc</span> <span class='ocrx_word' id='word_1_119' title='bbox 1224 1023 1264 1060; x_wconf 93' lang='lat' dir='ltr'>in</span> <span class='ocrx_word' id='word_1_120' title='bbox 1283 1023 1352 1062; x_wconf 88' lang='lat' dir='ltr'>illo</span> <span class='ocrx_word' id='word_1_121' title='bbox 1372 1024 1521 1075; x_wconf 88' lang='lat' dir='ltr'>probas.</span> <span class='ocrx_word' id='word_1_122' title='bbox 1560 1024 1675 1061; x_wconf 88' lang='lat' dir='ltr'>Scili-</span> 
     </span>
     <span class='ocr_line' id='line_1_14' title="bbox 281 1087 1674 1141; baseline 0.001 -17"><span class='ocrx_word' id='word_1_123' title='bbox 281 1096 342 1124; x_wconf 90' lang='lat' dir='ltr'>cet</span> <span class='ocrx_word' id='word_1_124' title='bbox 366 1087 562 1125; x_wconf 90' lang='lat' dir='ltr'>vocabulis</span> <span class='ocrx_word' id='word_1_125' title='bbox 592 1101 721 1125; x_wconf 89' lang='lat' dir='ltr'>rerum</span> <span class='ocrx_word' id='word_1_126' title='bbox 750 1088 922 1132; x_wconf 88' lang='lat' dir='ltr'>mutatis,</span> <span class='ocrx_word' id='word_1_127' title='bbox 953 1088 1213 1126; x_wconf 85' lang='lat' dir='ltr'>inconstantiae</span> <span class='ocrx_word' id='word_1_128' title='bbox 1246 1088 1392 1126; x_wconf 88' lang='lat' dir='ltr'>crimen</span> <span class='ocrx_word' id='word_1_129' title='bbox 1426 1088 1489 1126; x_wconf 89' lang='lat' dir='ltr'>ille</span> <span class='ocrx_word' id='word_1_130' title='bbox 1522 1088 1674 1141; x_wconf 87' lang='lat' dir='ltr'>effugit,</span> 
     </span>
     <span class='ocr_line' id='line_1_15' title="bbox 283 1152 1673 1206; baseline 0.001 -16"><span class='ocrx_word' id='word_1_131' title='bbox 283 1166 351 1190; x_wconf 85' lang='lat' dir='ltr'>nos</span> <span class='ocrx_word' id='word_1_132' title='bbox 368 1152 533 1206; x_wconf 86' lang='lat' dir='ltr'>effugere</span> <span class='ocrx_word' id='word_1_133' title='bbox 552 1166 628 1191; x_wconf 93' lang='lat' dir='ltr'>non</span> <span class='ocrx_word' id='word_1_134' title='bbox 649 1152 873 1206; x_wconf 82' lang='lat' dir='ltr'>possumus?</span> <span class='ocrx_word' id='word_1_135' title='bbox 905 1153 975 1191; x_wconf 91' lang='lat' dir='ltr'>Ille</span> <span class='ocrx_word' id='word_1_136' title='bbox 1005 1153 1161 1191; x_wconf 90' lang='lat' dir='ltr'>Metelli</span> <span class='ocrx_word' id='word_1_137' title='bbox 1181 1153 1300 1191; x_wconf 90' lang='lat' dir='ltr'>vitam</span> <span class='ocrx_word' id='word_1_138' title='bbox 1321 1162 1432 1206; x_wconf 84' lang='lat' dir='ltr'>negat</span> <span class='ocrx_word' id='word_1_139' title='bbox 1451 1154 1673 1199; x_wconf 88' lang='lat' dir='ltr'>beatiorem,</span> 
     </span>
     <span class='ocr_line' id='line_1_16' title="bbox 282 1218 1674 1271; baseline 0.001 -16"><span class='ocrx_word' id='word_1_140' title='bbox 282 1230 400 1270; x_wconf 89' lang='lat' dir='ltr'>quam</span> <span class='ocrx_word' id='word_1_141' title='bbox 420 1218 562 1271; x_wconf 85' lang='lat' dir='ltr'>Reguli</span> <span class='ocrx_word' id='word_1_142' title='bbox 577 1236 589 1263; x_wconf 83' lang='lat'>3</span> <span class='ocrx_word' id='word_1_143' title='bbox 611 1218 903 1271; x_wconf 67' lang='lat' dir='ltr'>praeponendam</span> <span class='ocrx_word' id='word_1_144' title='bbox 923 1227 1049 1256; x_wconf 88' lang='lat' dir='ltr'>tamen</span> <span class='ocrx_word' id='word_1_145' title='bbox 1066 1236 1078 1263; x_wconf 88' lang='lat'>;</span> <span class='ocrx_word' id='word_1_146' title='bbox 1101 1231 1170 1256; x_wconf 90' lang='lat' dir='ltr'>nec</span> <span class='ocrx_word' id='word_1_147' title='bbox 1190 1219 1311 1270; x_wconf 87' lang='lat' dir='ltr'>magis</span> <span class='ocrx_word' id='word_1_148' title='bbox 1327 1218 1594 1271; x_wconf 84' lang='lat' dir='ltr'>expetendam,</span> <span class='ocrx_word' id='word_1_149' title='bbox 1612 1218 1674 1257; x_wconf 91' lang='lat' dir='ltr'>sed</span> 
     </span>
     <span class='ocr_line' id='line_1_17' title="bbox 281 1281 1672 1335; baseline 0 -14"><span class='ocrx_word' id='word_1_150' title='bbox 281 1284 404 1335; x_wconf 87' lang='lat' dir='ltr'>magis</span> <span class='ocrx_word' id='word_1_151' title='bbox 425 1283 674 1327; x_wconf 83' lang='lat' dir='ltr'>sumendam;</span> <span class='ocrx_word' id='word_1_152' title='bbox 696 1292 747 1327; x_wconf 90' lang='lat' dir='ltr'>et,</span> <span class='ocrx_word' id='word_1_153' title='bbox 769 1283 795 1320; x_wconf 88' lang='lat' dir='ltr'><strong>fi</strong></span> <span class='ocrx_word' id='word_1_154' title='bbox 816 1283 925 1334; x_wconf 92' lang='lat' dir='ltr'>optio</span> <span class='ocrx_word' id='word_1_155' title='bbox 944 1281 1047 1327; x_wconf 84' lang='lat' dir='ltr'>effet,</span> <span class='ocrx_word' id='word_1_156' title='bbox 1068 1282 1285 1334; x_wconf 85' lang='lat' dir='ltr'>eligendam</span> <span class='ocrx_word' id='word_1_157' title='bbox 1306 1283 1474 1328; x_wconf 86' lang='lat' dir='ltr'>Metelli,</span> <span class='ocrx_word' id='word_1_158' title='bbox 1495 1283 1672 1334; x_wconf 90' lang='lat' dir='ltr'>rejicien-</span> 
     </span>
     <span class='ocr_line' id='line_1_18' title="bbox 281 1347 1672 1400; baseline 0 -15"><span class='ocrx_word' id='word_1_159' title='bbox 281 1348 370 1385; x_wconf 84' lang='lat' dir='ltr'>dam</span> <span class='ocrx_word' id='word_1_160' title='bbox 391 1348 547 1400; x_wconf 90' lang='lat' dir='ltr'>Reguli.</span> <span class='ocrx_word' id='word_1_161' title='bbox 585 1349 684 1399; x_wconf 90' lang='lat' dir='ltr'>Ego,</span> <span class='ocrx_word' id='word_1_162' title='bbox 706 1360 823 1399; x_wconf 88' lang='lat' dir='ltr'>quam</span> <span class='ocrx_word' id='word_1_163' title='bbox 842 1347 908 1384; x_wconf 89' lang='lat' dir='ltr'>ille</span> <span class='ocrx_word' id='word_1_164' title='bbox 927 1347 1220 1399; x_wconf 87' lang='lat' dir='ltr'>praeponendam</span> <span class='ocrx_word' id='word_1_165' title='bbox 1241 1356 1278 1385; x_wconf 93' lang='lat' dir='ltr'>et</span> <span class='ocrx_word' id='word_1_166' title='bbox 1298 1347 1419 1399; x_wconf 88' lang='lat' dir='ltr'>magis</span> <span class='ocrx_word' id='word_1_167' title='bbox 1439 1347 1672 1400; x_wconf 87' lang='lat' dir='ltr'>eligendam,</span> 
     </span>
     <span class='ocr_line' id='line_1_19' title="bbox 281 1412 1672 1466; baseline 0.001 -16"><span class='ocrx_word' id='word_1_168' title='bbox 281 1413 489 1451; x_wconf 89' lang='lat' dir='ltr'>beatiorem</span> <span class='ocrx_word' id='word_1_169' title='bbox 508 1412 608 1451; x_wconf 89' lang='lat' dir='ltr'>hanc</span> <span class='ocrx_word' id='word_1_170' title='bbox 628 1412 779 1465; x_wconf 88' lang='lat' dir='ltr'>appello</span> <span class='ocrx_word' id='word_1_171' title='bbox 794 1429 806 1457; x_wconf 66' lang='grc' dir='ltr'><strong><em>ς</em></strong></span> <span class='ocrx_word' id='word_1_172' title='bbox 829 1426 898 1450; x_wconf 92' lang='lat' dir='ltr'>nec</span> <span class='ocrx_word' id='word_1_173' title='bbox 918 1412 999 1451; x_wconf 91' lang='lat' dir='ltr'>ullo</span> <span class='ocrx_word' id='word_1_174' title='bbox 1019 1413 1185 1451; x_wconf 91' lang='lat' dir='ltr'>minimo</span> <span class='ocrx_word' id='word_1_175' title='bbox 1203 1421 1404 1451; x_wconf 89' lang='lat' dir='ltr'>momento</span> <span class='ocrx_word' id='word_1_176' title='bbox 1422 1413 1510 1466; x_wconf 88' lang='lat' dir='ltr'>plus</span> <span class='ocrx_word' id='word_1_177' title='bbox 1531 1414 1566 1451; x_wconf 84' lang='lat' dir='ltr'>ei</span> <span class='ocrx_word' id='word_1_178' title='bbox 1586 1414 1672 1451; x_wconf 86' lang='lat' dir='ltr'>vitae</span> 
     </span>
     <span class='ocr_line' id='line_1_20' title="bbox 280 1479 712 1531; baseline 0.002 -14"><span class='ocrx_word' id='word_1_179' title='bbox 280 1479 423 1524; x_wconf 85' lang='lat' dir='ltr'>tribuo,</span> <span class='ocrx_word' id='word_1_180' title='bbox 442 1492 559 1531; x_wconf 89' lang='lat' dir='ltr'>quam</span> <span class='ocrx_word' id='word_1_181' title='bbox 580 1479 712 1518; x_wconf 89' lang='lat' dir='ltr'>Stoici.</span> 
     </span>
    </p>

    <p class='ocr_par' dir='ltr' id='par_1_4' title="bbox 274 1543 1669 2236">
     <span class='ocr_line' id='line_1_21' title="bbox 342 1543 1668 1597; baseline 0 -15"><span class='ocrx_word' id='word_1_182' title='bbox 342 1545 450 1596; x_wconf 85' lang='lat' dir='ltr'>Qid</span> <span class='ocrx_word' id='word_1_183' title='bbox 469 1543 634 1589; x_wconf 87' lang='lat' dir='ltr'>interest,</span> <span class='ocrx_word' id='word_1_184' title='bbox 669 1543 737 1581; x_wconf 90' lang='lat' dir='ltr'>nis1</span> <span class='ocrx_word' id='word_1_185' title='bbox 756 1543 861 1596; x_wconf 91' lang='lat' dir='ltr'>quod</span> <span class='ocrx_word' id='word_1_186' title='bbox 894 1556 966 1596; x_wconf 89' lang='lat' dir='ltr'>ego</span> <span class='ocrx_word' id='word_1_187' title='bbox 996 1557 1051 1582; x_wconf 91' lang='lat' dir='ltr'>res</span> <span class='ocrx_word' id='word_1_188' title='bbox 1083 1552 1190 1582; x_wconf 91' lang='lat' dir='ltr'>notas</span> <span class='ocrx_word' id='word_1_189' title='bbox 1223 1544 1325 1582; x_wconf 86' lang='lat' dir='ltr'>notis</span> <span class='ocrx_word' id='word_1_190' title='bbox 1345 1543 1469 1583; x_wconf 91' lang='lat' dir='ltr'>verbis</span> <span class='ocrx_word' id='word_1_191' title='bbox 1489 1543 1668 1597; x_wconf 85' lang='lat' dir='ltr'>appello?</span> 
     </span>
     <span class='ocr_line' id='line_1_22' title="bbox 277 1608 1669 1662; baseline 0.001 -15"><span class='ocrx_word' id='word_1_192' title='bbox 277 1608 339 1647; x_wconf 88' lang='lat' dir='ltr'>illi</span> <span class='ocrx_word' id='word_1_193' title='bbox 357 1609 515 1647; x_wconf 88' lang='lat' dir='ltr'>nomina</span> <span class='ocrx_word' id='word_1_194' title='bbox 534 1622 631 1646; x_wconf 91' lang='lat' dir='ltr'>nova</span> <span class='ocrx_word' id='word_1_195' title='bbox 649 1618 838 1661; x_wconf 86' lang='lat' dir='ltr'>quaerunt‚</span> <span class='ocrx_word' id='word_1_196' title='bbox 871 1609 1013 1661; x_wconf 89' lang='lat' dir='ltr'>quibus</span> <span class='ocrx_word' id='word_1_197' title='bbox 1032 1609 1137 1647; x_wconf 87' lang='lat' dir='ltr'>idem</span> <span class='ocrx_word' id='word_1_198' title='bbox 1156 1608 1300 1648; x_wconf 79' lang='lat' dir='ltr'>dicant,</span> <span class='ocrx_word' id='word_1_199' title='bbox 1337 1610 1394 1648; x_wconf 90' lang='lat' dir='ltr'>Ita</span> <span class='ocrx_word' id='word_1_200' title='bbox 1414 1609 1669 1662; x_wconf 88' lang='lat' dir='ltr'>quemadmo-</span> 
     </span>
     <span class='ocr_line' id='line_1_23' title="bbox 277 1674 1669 1728; baseline 0.001 -16"><span class='ocrx_word' id='word_1_201' title='bbox 277 1675 373 1713; x_wconf 91' lang='lat' dir='ltr'>dum</span> <span class='ocrx_word' id='word_1_202' title='bbox 406 1675 447 1713; x_wconf 92' lang='lat' dir='ltr'>in</span> <span class='ocrx_word' id='word_1_203' title='bbox 467 1674 595 1713; x_wconf 89' lang='lat' dir='ltr'>senatu</span> <span class='ocrx_word' id='word_1_204' title='bbox 615 1674 762 1727; x_wconf 90' lang='lat' dir='ltr'>semper</span> <span class='ocrx_word' id='word_1_205' title='bbox 780 1674 832 1712; x_wconf 93' lang='lat' dir='ltr'>est</span> <span class='ocrx_word' id='word_1_206' title='bbox 851 1674 1004 1727; x_wconf 87' lang='lat' dir='ltr'>aliquis,</span> <span class='ocrx_word' id='word_1_207' title='bbox 1039 1674 1107 1726; x_wconf 86' lang='lat' dir='ltr'>qui</span> <span class='ocrx_word' id='word_1_208' title='bbox 1127 1675 1374 1727; x_wconf 89' lang='lat' dir='ltr'>interpretem</span> <span class='ocrx_word' id='word_1_209' title='bbox 1394 1674 1558 1728; x_wconf 87' lang='lat' dir='ltr'>postulet</span> <span class='ocrx_word' id='word_1_210' title='bbox 1573 1693 1585 1720; x_wconf 71' lang='grc' dir='ltr'><strong><em>ς</em></strong></span> <span class='ocrx_word' id='word_1_211' title='bbox 1617 1675 1669 1714; x_wconf 89' lang='lat' dir='ltr'>fic</span> 
     </span>
     <span class='ocr_line' id='line_1_24' title="bbox 276 1738 1666 1792; baseline -0.001 -14"><span class='ocrx_word' id='word_1_212' title='bbox 276 1739 337 1778; x_wconf 86' lang='lat' dir='ltr'>isti</span> <span class='ocrx_word' id='word_1_213' title='bbox 356 1739 466 1778; x_wconf 89' lang='lat' dir='ltr'>nobis</span> <span class='ocrx_word' id='word_1_214' title='bbox 497 1752 588 1778; x_wconf 91' lang='lat' dir='ltr'>cum</span> <span class='ocrx_word' id='word_1_215' title='bbox 608 1739 815 1792; x_wconf 88' lang='lat' dir='ltr'>interprete</span> <span class='ocrx_word' id='word_1_216' title='bbox 833 1739 1012 1777; x_wconf 90' lang='lat' dir='ltr'>audiendi</span> <span class='ocrx_word' id='word_1_217' title='bbox 1040 1739 1140 1777; x_wconf 90' lang='lat' dir='ltr'>sunt.</span> <span class='ocrx_word' id='word_1_218' title='bbox 1190 1740 1344 1777; x_wconf 89' lang='lat' dir='ltr'>Bonum</span> <span class='ocrx_word' id='word_1_219' title='bbox 1364 1738 1529 1791; x_wconf 89' lang='lat' dir='ltr'>appello,</span> <span class='ocrx_word' id='word_1_220' title='bbox 1550 1739 1666 1791; x_wconf 89' lang='lat' dir='ltr'>quid-</span> 
     </span>
     <span class='ocr_line' id='line_1_25' title="bbox 276 1803 1669 1857; baseline 0 -15"><span class='ocrx_word' id='word_1_221' title='bbox 276 1805 372 1857; x_wconf 92' lang='lat' dir='ltr'>quid</span> <span class='ocrx_word' id='word_1_222' title='bbox 401 1805 611 1843; x_wconf 89' lang='lat' dir='ltr'>secundum</span> <span class='ocrx_word' id='word_1_223' title='bbox 641 1814 815 1843; x_wconf 88' lang='lat' dir='ltr'>naturam</span> <span class='ocrx_word' id='word_1_224' title='bbox 844 1804 923 1850; x_wconf 70' lang='lat' dir='ltr'>est,</span> <span class='ocrx_word' id='word_1_225' title='bbox 966 1803 1070 1856; x_wconf 90' lang='lat' dir='ltr'>quod</span> <span class='ocrx_word' id='word_1_226' title='bbox 1104 1803 1251 1849; x_wconf 73' lang='lat' dir='ltr'>contra,</span> <span class='ocrx_word' id='word_1_227' title='bbox 1288 1804 1463 1842; x_wconf 88' lang='lat' dir='ltr'>malum:</span> <span class='ocrx_word' id='word_1_228' title='bbox 1492 1817 1563 1842; x_wconf 91' lang='lat' dir='ltr'>nec</span> <span class='ocrx_word' id='word_1_229' title='bbox 1595 1817 1669 1857; x_wconf 89' lang='lat' dir='ltr'>ego</span> 
     </span>
     <span class='ocr_line' id='line_1_26' title="bbox 276 1869 1663 1923; baseline -0.001 -14"><span class='ocrx_word' id='word_1_230' title='bbox 276 1871 376 1909; x_wconf 87' lang='lat' dir='ltr'>solus</span> <span class='ocrx_word' id='word_1_231' title='bbox 392 1889 404 1915; x_wconf 87' lang='lat'>;</span> <span class='ocrx_word' id='word_1_232' title='bbox 435 1869 497 1908; x_wconf 90' lang='lat' dir='ltr'>sed</span> <span class='ocrx_word' id='word_1_233' title='bbox 517 1879 559 1908; x_wconf 93' lang='lat' dir='ltr'>tu</span> <span class='ocrx_word' id='word_1_234' title='bbox 578 1870 709 1915; x_wconf 87' lang='lat' dir='ltr'>etiam,</span> <span class='ocrx_word' id='word_1_235' title='bbox 732 1869 955 1923; x_wconf 87' lang='lat' dir='ltr'>Chryfippe‚</span> <span class='ocrx_word' id='word_1_236' title='bbox 976 1870 1017 1908; x_wconf 90' lang='lat' dir='ltr'>in</span> <span class='ocrx_word' id='word_1_237' title='bbox 1036 1869 1134 1914; x_wconf 88' lang='lat' dir='ltr'>foro,</span> <span class='ocrx_word' id='word_1_238' title='bbox 1151 1870 1257 1908; x_wconf 88' lang='lat' dir='ltr'>domi</span> <span class='ocrx_word' id='word_1_239' title='bbox 1273 1888 1285 1915; x_wconf 68' lang='grc' dir='ltr'><strong><em>ς</em></strong></span> <span class='ocrx_word' id='word_1_240' title='bbox 1307 1870 1348 1908; x_wconf 90' lang='lat' dir='ltr'>in</span> <span class='ocrx_word' id='word_1_241' title='bbox 1367 1869 1494 1908; x_wconf 89' lang='lat' dir='ltr'>schola</span> <span class='ocrx_word' id='word_1_242' title='bbox 1513 1869 1663 1909; x_wconf 86' lang='lat' dir='ltr'>definis.</span> 
     </span>
     <span class='ocr_line' id='line_1_27' title="bbox 277 1933 1663 1988; baseline 0 -15"><span class='ocrx_word' id='word_1_243' title='bbox 277 1936 386 1988; x_wconf 85' lang='lat' dir='ltr'>Qid</span> <span class='ocrx_word' id='word_1_244' title='bbox 405 1949 495 1988; x_wconf 89' lang='lat' dir='ltr'>ergo</span> <span class='ocrx_word' id='word_1_245' title='bbox 512 1936 526 1973; x_wconf 87' lang='lat'>?</span> <span class='ocrx_word' id='word_1_246' title='bbox 556 1936 664 1974; x_wconf 90' lang='lat' dir='ltr'>aliter</span> <span class='ocrx_word' id='word_1_247' title='bbox 683 1934 874 1980; x_wconf 89' lang='lat' dir='ltr'>homines,</span> <span class='ocrx_word' id='word_1_248' title='bbox 894 1935 1003 1973; x_wconf 89' lang='lat' dir='ltr'>aliter</span> <span class='ocrx_word' id='word_1_249' title='bbox 1020 1933 1268 1987; x_wconf 85' lang='lat' dir='ltr'>philosophos</span> <span class='ocrx_word' id='word_1_250' title='bbox 1288 1935 1396 1987; x_wconf 87' lang='lat' dir='ltr'>loqui</span> <span class='ocrx_word' id='word_1_251' title='bbox 1417 1944 1526 1987; x_wconf 90' lang='lat' dir='ltr'>putes</span> <span class='ocrx_word' id='word_1_252' title='bbox 1548 1948 1663 1988; x_wconf 92' lang='lat' dir='ltr'>opor-</span> 
     </span>
     <span class='ocr_line' id='line_1_28' title="bbox 275 1999 1664 2054; baseline 0.001 -16"><span class='ocrx_word' id='word_1_253' title='bbox 275 2010 366 2046; x_wconf 88' lang='lat' dir='ltr'>tere,</span> <span class='ocrx_word' id='word_1_254' title='bbox 400 2001 534 2054; x_wconf 91' lang='lat' dir='ltr'>quanti</span> <span class='ocrx_word' id='word_1_255' title='bbox 553 2001 724 2053; x_wconf 92' lang='lat' dir='ltr'>quidque</span> <span class='ocrx_word' id='word_1_256' title='bbox 757 2001 832 2039; x_wconf 87' lang='lat' dir='ltr'>fit?</span> <span class='ocrx_word' id='word_1_257' title='bbox 861 2000 969 2038; x_wconf 92' lang='lat' dir='ltr'>aliter</span> <span class='ocrx_word' id='word_1_258' title='bbox 987 2000 1130 2045; x_wconf 58' lang='lat' dir='ltr'>doctos,</span> <span class='ocrx_word' id='word_1_259' title='bbox 1165 2009 1203 2038; x_wconf 92' lang='lat' dir='ltr'>et</span> <span class='ocrx_word' id='word_1_260' title='bbox 1232 1999 1436 2038; x_wconf 65' lang='lat' dir='ltr'>indoctos?</span> <span class='ocrx_word' id='word_1_261' title='bbox 1468 2000 1539 2037; x_wconf 89' lang='lat' dir='ltr'>Sed</span> <span class='ocrx_word' id='word_1_262' title='bbox 1573 2014 1664 2039; x_wconf 90' lang='lat' dir='ltr'>cum</span> 
     </span>
     <span class='ocr_line' id='line_1_29' title="bbox 274 2064 1663 2118; baseline -0.002 -13"><span class='ocrx_word' id='word_1_263' title='bbox 274 2066 483 2105; x_wconf 89' lang='lat' dir='ltr'>constiterit</span> <span class='ocrx_word' id='word_1_264' title='bbox 502 2066 602 2105; x_wconf 90' lang='lat' dir='ltr'>inter</span> <span class='ocrx_word' id='word_1_265' title='bbox 620 2067 764 2112; x_wconf 64' lang='lat' dir='ltr'>doftos,</span> <span class='ocrx_word' id='word_1_266' title='bbox 786 2066 920 2118; x_wconf 88' lang='lat' dir='ltr'>quanti</span> <span class='ocrx_word' id='word_1_267' title='bbox 940 2078 996 2104; x_wconf 88' lang='lat' dir='ltr'>res</span> <span class='ocrx_word' id='word_1_268' title='bbox 1017 2078 1178 2118; x_wconf 84' lang='lat' dir='ltr'>quaeque</span> <span class='ocrx_word' id='word_1_269' title='bbox 1197 2065 1241 2103; x_wconf 89' lang='lat' dir='ltr'>s1t</span> <span class='ocrx_word' id='word_1_270' title='bbox 1256 2083 1269 2110; x_wconf 82' lang='lat'>;</span> <span class='ocrx_word' id='word_1_271' title='bbox 1291 2065 1316 2103; x_wconf 90' lang='lat' dir='ltr'>fi</span> <span class='ocrx_word' id='word_1_272' title='bbox 1336 2064 1513 2103; x_wconf 86' lang='lat' dir='ltr'>homines</span> <span class='ocrx_word' id='word_1_273' title='bbox 1533 2064 1663 2110; x_wconf 75' lang='lat' dir='ltr'>essent,</span> 
     </span>
     <span class='ocr_line' id='line_1_30' title="bbox 274 2130 1663 2185; baseline -0.002 -14"><span class='ocrx_word' id='word_1_274' title='bbox 274 2131 405 2171; x_wconf 88' lang='lat' dir='ltr'>ufitate</span> <span class='ocrx_word' id='word_1_275' title='bbox 434 2133 706 2185; x_wconf 89' lang='lat' dir='ltr'>loquerentur:</span> <span class='ocrx_word' id='word_1_276' title='bbox 741 2132 836 2170; x_wconf 90' lang='lat' dir='ltr'>dum</span> <span class='ocrx_word' id='word_1_277' title='bbox 867 2145 923 2170; x_wconf 82' lang='lat' dir='ltr'>res</span> <span class='ocrx_word' id='word_1_278' title='bbox 943 2140 1134 2175; x_wconf 85' lang='lat' dir='ltr'>maneant,</span> <span class='ocrx_word' id='word_1_279' title='bbox 1161 2130 1275 2169; x_wconf 89' lang='lat' dir='ltr'>verba</span> <span class='ocrx_word' id='word_1_280' title='bbox 1304 2130 1450 2183; x_wconf 86' lang='lat' dir='ltr'>fingant</span> <span class='ocrx_word' id='word_1_281' title='bbox 1481 2130 1663 2169; x_wconf 87' lang='lat' dir='ltr'>arbitratu</span> 
     </span>
     <span class='ocr_line' id='line_1_31' title="bbox 274 2197 355 2236; baseline 0.012 -1"><span class='ocrx_word' id='word_1_282' title='bbox 274 2197 355 2236; x_wconf 90' lang='lat' dir='ltr'>su0.</span> 
     </span>
    </p>

    <p class='ocr_par' dir='ltr' id='par_1_5' title="bbox 274 2262 1661 2580">
     <span class='ocr_line' id='line_1_32' title="bbox 330 2262 1659 2315; baseline -0.002 -14"><span class='ocrx_word' id='word_1_283' title='bbox 330 2263 461 2301; x_wconf 92' lang='lat' dir='ltr'><strong>XXX.</strong></span> <span class='ocrx_word' id='word_1_284' title='bbox 494 2264 565 2302; x_wconf 87' lang='lat' dir='ltr'>Sed</span> <span class='ocrx_word' id='word_1_285' title='bbox 585 2263 696 2301; x_wconf 91' lang='lat' dir='ltr'>venio</span> <span class='ocrx_word' id='word_1_286' title='bbox 725 2263 771 2301; x_wconf 88' lang='lat' dir='ltr'>ad</span> <span class='ocrx_word' id='word_1_287' title='bbox 789 2263 1049 2303; x_wconf 84' lang='lat' dir='ltr'>inconstantiae</span> <span class='ocrx_word' id='word_1_288' title='bbox 1083 2263 1245 2308; x_wconf 86' lang='lat' dir='ltr'>crimen,</span> <span class='ocrx_word' id='word_1_289' title='bbox 1284 2263 1351 2315; x_wconf 88' lang='lat' dir='ltr'>(ne</span> <span class='ocrx_word' id='word_1_290' title='bbox 1379 2262 1510 2315; x_wconf 81' lang='lat' dir='ltr'>saepius</span> <span class='ocrx_word' id='word_1_291' title='bbox 1543 2263 1659 2307; x_wconf 81' lang='lat' dir='ltr'>dicas,</span> 
     </span>
     <span class='ocr_line' id='line_1_33' title="bbox 274 2328 1658 2382; baseline -0.001 -16"><span class='ocrx_word' id='word_1_292' title='bbox 274 2341 339 2367; x_wconf 88' lang='lat' dir='ltr'>me</span> <span class='ocrx_word' id='word_1_293' title='bbox 358 2328 541 2381; x_wconf 86' lang='lat' dir='ltr'>aberrare)</span> <span class='ocrx_word' id='word_1_294' title='bbox 578 2342 694 2381; x_wconf 87' lang='lat' dir='ltr'>quam</span> <span class='ocrx_word' id='word_1_295' title='bbox 715 2338 757 2368; x_wconf 92' lang='lat' dir='ltr'>tu</span> <span class='ocrx_word' id='word_1_296' title='bbox 776 2330 886 2382; x_wconf 88' lang='lat' dir='ltr'>ponis</span> <span class='ocrx_word' id='word_1_297' title='bbox 906 2329 947 2367; x_wconf 86' lang='lat' dir='ltr'>in</span> <span class='ocrx_word' id='word_1_298' title='bbox 977 2329 1100 2368; x_wconf 87' lang='lat' dir='ltr'>verbis</span> <span class='ocrx_word' id='word_1_299' title='bbox 1115 2347 1127 2374; x_wconf 88' lang='lat'>;</span> <span class='ocrx_word' id='word_1_300' title='bbox 1159 2342 1230 2381; x_wconf 88' lang='lat' dir='ltr'>ego</span> <span class='ocrx_word' id='word_1_301' title='bbox 1249 2329 1408 2381; x_wconf 89' lang='lat' dir='ltr'>pofitam</span> <span class='ocrx_word' id='word_1_302' title='bbox 1429 2329 1468 2365; x_wconf 90' lang='lat' dir='ltr'>in</span> <span class='ocrx_word' id='word_1_303' title='bbox 1490 2341 1528 2365; x_wconf 88' lang='lat' dir='ltr'>re</span> <span class='ocrx_word' id='word_1_304' title='bbox 1546 2337 1658 2379; x_wconf 87' lang='lat' dir='ltr'>puta-</span> 
     </span>
     <span class='ocr_line' id='line_1_34' title="bbox 275 2393 1657 2448; baseline -0.001 -16"><span class='ocrx_word' id='word_1_305' title='bbox 275 2394 379 2432; x_wconf 89' lang='lat' dir='ltr'>bam.</span> <span class='ocrx_word' id='word_1_306' title='bbox 411 2394 449 2432; x_wconf 85' lang='lat' dir='ltr'>Si</span> <span class='ocrx_word' id='word_1_307' title='bbox 469 2394 552 2432; x_wconf 87' lang='lat' dir='ltr'>satis</span> <span class='ocrx_word' id='word_1_308' title='bbox 571 2394 641 2432; x_wconf 86' lang='lat' dir='ltr'>erit</span> <span class='ocrx_word' id='word_1_309' title='bbox 659 2393 734 2433; x_wconf 93' lang='lat' dir='ltr'>hoc</span> <span class='ocrx_word' id='word_1_310' title='bbox 753 2405 995 2448; x_wconf 90' lang='lat' dir='ltr'>perceptum,</span> <span class='ocrx_word' id='word_1_311' title='bbox 1024 2395 1065 2433; x_wconf 88' lang='lat' dir='ltr'>in</span> <span class='ocrx_word' id='word_1_312' title='bbox 1085 2408 1162 2447; x_wconf 91' lang='lat' dir='ltr'>quo</span> <span class='ocrx_word' id='word_1_313' title='bbox 1181 2394 1367 2446; x_wconf 86' lang='lat' dir='ltr'>adjutores</span> <span class='ocrx_word' id='word_1_314' title='bbox 1389 2393 1534 2430; x_wconf 86' lang='lat' dir='ltr'>Stoicos</span> <span class='ocrx_word' id='word_1_315' title='bbox 1553 2394 1657 2445; x_wconf 87' lang='lat' dir='ltr'>opti-</span> 
     </span>
     <span class='ocr_line' id='line_1_35' title="bbox 276 2458 1658 2505; baseline -0.002 -7"><span class='ocrx_word' id='word_1_316' title='bbox 276 2473 360 2498; x_wconf 89' lang='lat' dir='ltr'>mos</span> <span class='ocrx_word' id='word_1_317' title='bbox 379 2458 583 2505; x_wconf 87' lang='lat' dir='ltr'>habemus,</span> <span class='ocrx_word' id='word_1_318' title='bbox 612 2469 756 2500; x_wconf 89' lang='lat' dir='ltr'>tantam</span> <span class='ocrx_word' id='word_1_319' title='bbox 775 2461 854 2499; x_wconf 91' lang='lat' dir='ltr'>vim</span> <span class='ocrx_word' id='word_1_320' title='bbox 873 2460 943 2499; x_wconf 87' lang='lat' dir='ltr'>effe</span> <span class='ocrx_word' id='word_1_321' title='bbox 963 2461 1129 2505; x_wconf 87' lang='lat' dir='ltr'>virtutis,</span> <span class='ocrx_word' id='word_1_322' title='bbox 1160 2469 1203 2498; x_wconf 90' lang='lat' dir='ltr'>ut</span> <span class='ocrx_word' id='word_1_323' title='bbox 1235 2460 1379 2503; x_wconf 88' lang='lat' dir='ltr'>omnia,</span> <span class='ocrx_word' id='word_1_324' title='bbox 1416 2458 1442 2496; x_wconf 89' lang='lat' dir='ltr'><strong>fi</strong></span> <span class='ocrx_word' id='word_1_325' title='bbox 1478 2472 1524 2496; x_wconf 90' lang='lat' dir='ltr'>ex</span> <span class='ocrx_word' id='word_1_326' title='bbox 1544 2458 1658 2496; x_wconf 87' lang='lat' dir='ltr'>altera</span> 
     </span>
     <span class='ocr_line' id='line_1_36' title="bbox 275 2524 1661 2580; baseline -0.001 -16"><span class='ocrx_word' id='word_1_327' title='bbox 275 2534 380 2577; x_wconf 83' lang='lat' dir='ltr'>parte</span> <span class='ocrx_word' id='word_1_328' title='bbox 407 2535 612 2580; x_wconf 90' lang='lat' dir='ltr'>ponantur,</span> <span class='ocrx_word' id='word_1_329' title='bbox 646 2539 695 2565; x_wconf 88' lang='lat' dir='ltr'>ne</span> <span class='ocrx_word' id='word_1_330' title='bbox 727 2535 928 2580; x_wconf 83' lang='lat' dir='ltr'>appareant</span> <span class='ocrx_word' id='word_1_331' title='bbox 957 2525 1115 2580; x_wconf 85' lang='lat' dir='ltr'>quidem</span> <span class='ocrx_word' id='word_1_332' title='bbox 1132 2540 1141 2565; x_wconf 90' lang='lat'><strong>:</strong></span> <span class='ocrx_word' id='word_1_333' title='bbox 1177 2538 1269 2564; x_wconf 88' lang='lat' dir='ltr'>cum</span> <span class='ocrx_word' id='word_1_334' title='bbox 1301 2524 1446 2569; x_wconf 78' lang='lat' dir='ltr'>omnia,</span> <span class='ocrx_word' id='word_1_335' title='bbox 1485 2537 1570 2576; x_wconf 85' lang='lat' dir='ltr'>quae</span> <span class='ocrx_word' id='word_1_336' title='bbox 1599 2524 1661 2562; x_wconf 85' lang='lat' dir='ltr'>illi</span> 
     </span>
    </p>
   </div>
  </div>
 </body>
</html>
