2330 2983
563 189 613 235 82
998 164 1546 229 DEFINIBUS

563 288 634 326 Sed
654 287 844 331 existimo,
877 296 927 331 te,
958 287 1054 325 ficut
1083 286 1255 324 nostrum
1281 284 1494 328 Triarium,
1527 281 1657 323 minus
1689 294 1736 320 eo
1763 279 1955 324 delectari,

560 353 664 404 quod
684 353 751 392 ista
781 351 965 396 Platonis,
986 351 1213 395 Aristotelis,
1235 348 1491 403 Theophrasti
1521 347 1702 386 orationis
1733 354 1958 386 ornamenta

560 418 782 470 neglexerit.
815 417 920 457 Nam
941 416 1036 456 illuc
1066 416 1225 469 quidem
1259 416 1396 454 adduci
1426 415 1490 454 vix
1510 413 1674 468 possum,
1710 423 1754 452 ut
1784 426 1839 457 ea,
1870 424 1959 464 quae

561 483 712 523 senserit
731 483 812 528 ille,
835 483 906 523 tibi
927 497 1003 522 non
1024 497 1109 522 vera
1128 483 1340 522 videantur.

615 549 716 587 Vide
736 557 941 601 quantum,
975 549 1149 600 inquam,
1170 547 1314 592 fallare,
1345 549 1555 599 Torquate.
1588 546 1725 584 Oratio
1755 558 1818 583 me
1848 542 1956 588 istius

559 613 779 667 philosophi
801 628 878 653 non
897 613 1072 652 offendit.
1096 614 1202 652 Nam
1222 624 1261 652 et
1279 613 1550 666 complectitur
1566 613 1705 656 verbis,
1725 610 1831 664 quod
1846 608 1954 652 vult;

559 689 598 718 et
618 681 713 719 dicit
733 681 858 734 plane,
890 680 995 732 quod
1014 680 1230 732 intelligam
1249 695 1258 718 ι
1289 689 1327 718 et
1347 689 1474 718 tamen
1501 692 1521 716 a
1539 677 1785 732 philosopho,
1815 676 1841 714 fi
1862 673 1956 713 affe-

560 755 617 784 rat
645 746 919 798 eloquentiam,
951 759 1029 784 non
1057 745 1230 798 asperner
1245 763 1259 790 5
1296 746 1322 783 fi
1348 758 1427 783 non
1455 743 1606 789 habeat,
1637 757 1715 781 non
1743 741 1957 780 admodum

560 811 744 863 flagitem.
768 812 827 849 Re
847 809 946 848 mihi
967 823 1044 848 non
1063 823 1169 862 aeque
1189 809 1385 853 satisfacit,
1404 818 1442 846 et
1463 809 1622 861 quidem
1647 808 1744 846 locis
1764 805 1956 859 pluribus.

559 876 632 914 Sed
653 884 748 928 quot
767 873 960 917 homines,
996 882 1053 912 tot
1072 874 1280 912 sententiae.
1312 873 1412 912 Falli
1431 873 1550 926 igitur
1568 871 1778 925 poss‘umus.
1801 870 1957 921 Qam-

558 941 692 980 obrem
714 940 883 984 tandem,
905 939 1046 991 inquit,
1078 953 1156 978 non
1177 938 1387 978 satisfacit?
1419 948 1456 976 te
1484 939 1590 976 enim
1606 938 1780 989 judicem
1801 948 1957 988 aequum

558 1016 655 1060 puto
666 1024 678 1051 ;
702 1006 832 1049 modo,
854 1018 938 1057 quae
958 1005 1059 1043 dicat
1078 1005 1158 1049 ille,
1176 1005 1271 1042 bene
1292 1004 1408 1042 noris.
1431 1003 1516 1042 Nisi
1538 1001 1638 1041 mihi
1655 1002 1875 1045 Phaedrum,
1894 1000 1959 1038 in-

558 1085 692 1124 quam,
714 1071 926 1111 mentitum
943 1080 1007 1109 aut
1024 1071 1223 1109 Zenonem
1239 1079 1363 1122 putas,
1383 1071 1568 1121 (quorum
1589 1078 1798 1120 utrumque
1813 1065 1958 1109 audivi,

559 1151 652 1175 cum
673 1135 773 1175 mihi
795 1134 891 1173 nihil
914 1135 997 1174 sane
1028 1145 1161 1188 praeter
1181 1135 1419 1173 sedulitatem
1440 1135 1661 1187 probarent)
1693 1145 1827 1171 omnes
1857 1129 1959 1169 mihi

558 1202 722 1255 Epicuri
744 1201 936 1240 sententiae
967 1201 1055 1239 satis
1085 1210 1183 1239 notae
1214 1201 1314 1239 sunt.
1346 1202 1478 1252 Atque
1507 1213 1584 1244 eos,
1617 1213 1716 1251 quos
1745 1196 1955 1241 nominavi,

559 1281 651 1307 cum
673 1267 807 1307 Attico
828 1266 953 1306 nostro
972 1265 1188 1319 frequenter
1208 1267 1335 1304 audivi
1351 1284 1363 1310 ς
1386 1279 1478 1304 cum
1499 1266 1700 1305 miraretur
1716 1264 1781 1302 ille
1796 1263 1957 1316 quidem

559 1343 782 1384 utrumque,
805 1331 1010 1372 Phaedrum
1028 1341 1158 1370 autem
1177 1332 1293 1370 etiam
1314 1340 1480 1369 amaret:
1503 1331 1754 1382 quotidieque
1774 1331 1872 1366 inter
1888 1340 1959 1365 nos

558 1411 614 1442 ea,
636 1410 720 1449 quae
740 1396 1005 1440 audiebamus,
1025 1395 1319 1435 conferebamus
1335 1414 1347 1440 ;
1370 1409 1494 1448 neque
1508 1405 1585 1433 erat
1605 1407 1779 1446 unquam
1798 1402 1962 1431 contro-

558 1463 687 1507 vei-fia,
708 1462 805 1514 quid
823 1475 894 1514 ego
913 1461 1184 1513 intelligerem,
1206 1461 1268 1500 sed
1289 1461 1384 1513 quid
1403 1461 1616 1513 probarem.

613 1529 686 1568 VI.
720 1528 829 1579 Qid
857 1528 976 1580 igitur
1005 1527 1071 1572 est,
1099 1527 1259 1579 inquit?
1291 1527 1437 1566 Audire
1464 1527 1570 1566 enim
1591 1527 1720 1579 cupio,
1751 1524 1847 1577 quid
1878 1537 1959 1563 non

559 1594 711 1648 probes.
735 1593 944 1645 Principio,
960 1592 1135 1644 inquam,
1150 1593 1188 1630 in
1209 1591 1390 1644 physicis,
1407 1592 1548 1644 quibus
1570 1592 1739 1631 maxime
1757 1590 1958 1642 gloriatur,

560 1661 733 1713 primum
755 1668 857 1698 totus
887 1658 939 1696 est
958 1658 1117 1696 alienus.
1162 1658 1392 1696 Democrito
1422 1658 1554 1710 adjicit
1573 1669 1761 1711 perpauca
1787 1664 1959 1700 mutans,

559 1725 620 1764 sed
640 1725 705 1769 ita,
728 1734 770 1762 ut
789 1737 844 1768 ea,
866 1737 950 1775 quae
971 1723 1157 1775 corrigere
1182 1722 1280 1767 vult,
1308 1722 1408 1761 mihi
1428 1723 1589 1775 quidem
1607 1723 1808 1775 depravare
1828 1720 1959 1758 videa-

552 1800 634 1836 tur.
668 1790 738 1828 Ille
756 1798 917 1833 atomos,
940 1802 1033 1841 quas
1051 1788 1230 1841 appellat,
1250 1788 1290 1826 id
1308 1788 1374 1833 est,
1395 1801 1553 1841 corpora
1572 1787 1782 1832 individua,
1803 1794 1963 1839 propter

560 1856 788 1895 soliditatem
804 1853 929 1893 censet
943 1855 981 1892 in
997 1854 1152 1893 infinito
1164 1854 1282 1899 inani,
1300 1854 1341 1892 in
1359 1867 1438 1907 quo
1456 1853 1555 1892 nihil
1571 1867 1639 1892 nec
1656 1853 1869 1897 summum,
1888 1865 1959 1890 nec

559 1922 756 1967 infimum,
779 1934 848 1959 nec
870 1921 1058 1965 medium,
1081 1933 1150 1958 nec
1171 1921 1373 1965 ultimum,
1396 1934 1466 1958 nec
1486 1929 1704 1959 extremum
1726 1919 1785 1964 fit,
1806 1919 1859 1957 ita
1877 1917 1958 1956 fer·

561 1990 605 2033 ri,
632 1998 674 2027 ut
693 1986 1007 2026 concursionibus
1029 1987 1128 2024 inter
1149 1986 1182 2024 se
1201 1985 1477 2031 cohaerescant;
1508 2000 1555 2024 ex
1571 1999 1650 2038 quo
1668 1985 1883 2023 efficiantur
1900 1997 1957 2028 ea,

559 2067 644 2106 quae
664 2053 750 2096 sint,
785 2065 946 2104 quaeque
972 2059 1189 2095 cernantur,
1223 2051 1355 2089 omnia
1372 2065 1380 2089 :
1413 2064 1581 2103 eumque
1615 2059 1769 2088 motum
1804 2058 1958 2087 atomo-

561 2131 648 2156 rum
670 2117 778 2155 nullo
798 2130 817 2154 a
838 2116 1043 2169 principi0,
1063 2115 1124 2154 sed
1144 2129 1190 2154 ex
1211 2125 1350 2154 :eterno
1369 2125 1555 2169 tempore,
1587 2115 1752 2168 intelligi
1771 2114 1959 2153 conveni-

560 2198 613 2222 re.
646 2183 838 2235 Epicurus
857 2190 1002 2226 autem,
1030 2181 1069 2220 in
1101 2182 1242 2234 quibus
1265 2181 1433 2234 sequitur
1454 2182 1742 2226 Democritum,
1775 2194 1851 2218 non
1881 2179 1960 2218 fere

561 2249 716 2287 labitur.
739 2249 973 2299 Qanquam
993 2247 1190 2298 utriusque
1208 2261 1301 2285 cum
1318 2248 1441 2285 multa
1457 2261 1532 2285 non
1551 2247 1686 2300 probo,
1703 2256 1787 2284 tum
1805 2245 1902 2283 illud
1918 2245 1958 2283 in

561 2314 710 2367 primis,
740 2312 859 2365 quod,
891 2326 983 2350 cum
1004 2313 1044 2350 in
1065 2327 1190 2352 rerum
1211 2323 1342 2351 natura
1368 2313 1445 2351 duo
1465 2313 1662 2365 quaerenda
1690 2313 1774 2357 sint,
1798 2313 1958 2362 (unum,

561 2393 645 2431 qua.-
666 2377 823 2416 materia
842 2377 900 2422 sit,
929 2391 976 2415 cx
996 2391 1071 2429 qua
1090 2391 1252 2430 quaeque
1272 2391 1327 2415 res
1349 2378 1534 2416 efficiatur
1552 2396 1562 2422 ;
1594 2378 1771 2421 alterum,
1792 2391 1877 2429 qum
1903 2377 1959 2414 vis

563 2444 620 2488 sit,
641 2458 724 2495 qua:
744 2443 915 2495 quidque
942 2443 1100 2495 efficiat)
1123 2444 1169 2482 de
1191 2444 1346 2482 materia
1365 2443 1630 2488 dill'cruerunt,
1650 2444 1729 2481 vim
1751 2452 1787 2481 ct
1808 2442 1959 2481 causam

561 2510 752 2549 efficiendi
781 2509 1030 2563 reliquerunt.
1063 2510 1134 2550 Sed
1164 2508 1239 2550 hoc
1259 2523 1469 2550 commune
1495 2510 1662 2549 vitium:
1695 2510 1770 2549 illae
1797 2507 1956 2563 Epicuri
