2330 2983
623 240 898 279 LIBER
956 240 1450 282 SECUNDUS.
1662 258 1739 298 459

346 352 464 392 quam
485 340 603 385 Deos,
624 339 737 391 quale
757 340 952 393 idcunque
972 341 1038 386 est,
1060 342 1132 380 five
1153 343 1319 381 inanima
1340 352 1485 389 natura,
1518 343 1589 382 s1ve
1611 345 1738 383 neces-

348 405 432 444 sitas
461 407 499 443 vi
527 405 666 458 magn&⁴
697 406 865 450 incitata,
896 405 977 444 haec
1011 406 1269 459 pulcherrima
1301 422 1414 461 opera
1442 409 1623 455 efficiens,
1655 424 1740 462 quae

346 470 534 509 videmus.
585 470 679 508 Non
698 470 751 508 est
770 470 889 522 igitur
920 479 1050 508 natura
1070 473 1244 509 Deorum
1265 483 1489 525 praepotens‚
1525 488 1650 527 neque
1669 488 1738 513 ex-

347 536 503 579 cellens,
532 535 559 572 fi
590 535 749 587 quidem
780 548 821 573 ea
852 535 1016 587 subjecta
1035 536 1087 574 est
1106 537 1141 574 ei
1160 536 1220 573 vel
1250 538 1468 583 neceffitati,
1502 540 1559 577 vel
1582 549 1737 585 naturae,

346 613 422 653 qua
440 600 592 645 caelum,
623 600 755 644 maria,
786 609 892 638 terrae
912 609 1099 653 regantur.
1145 600 1259 638 Nihil
1286 610 1413 640 autem
1435 603 1487 640 est
1507 605 1738 655 praestantius

345 666 432 704 Deo
450 680 458 704 :
490 667 537 706 ab
556 679 600 704 eo
620 666 739 719 igitur
758 666 901 705 necesse
919 667 972 704 est
991 666 1184 705 mundum
1205 667 1296 720 regi.
1330 668 1443 706 Nulli
1461 669 1579 721 igitur
1598 670 1651 708 est
1671 684 1738 708 na-

343 740 438 770 turae
457 732 652 777 obediens,
682 740 747 770 aut
767 732 972 784 subjectus,
994 733 1100 771 Deus
1119 747 1128 771 :
1160 746 1319 771 omnem
1339 746 1428 785 ergo
1449 735 1544 786 regit
1565 735 1642 787 ipse
1669 749 1738 773 na-

344 806 485 836 turam.
522 798 680 836 Etenim
701 797 726 835 fi
747 797 1011 842 concedimus,
1042 798 1299 851 intelligentes
1319 798 1390 837 effe
1410 800 1528 845 Deos,
1555 801 1738 839 concedi·

346 875 434 901 mus
464 863 581 902 etiarn
611 863 865 916 providentes,
895 872 933 901 et
956 877 1081 902 rerum
1112 864 1273 916 quidem
1302 865 1573 905 maximarum.
1633 867 1738 919 Ergo

347 927 478 967 utrum
498 929 687 982 ignorant,
718 943 802 981 quae
830 943 884 968 res
916 930 1093 968 maximae
1121 930 1207 975 sint,
1235 944 1391 983 quoque
1410 930 1469 970 hae
1488 932 1607 970 modo
1637 941 1736 970 trac-

345 995 467 1033 tandae
486 1004 524 1033 et
550 995 699 1033 tuendae
714 1014 726 1039 ;
757 1009 803 1034 an
824 996 905 1034 vim
926 1009 1004 1034 non
1021 995 1180 1041 habent,
1210 1010 1287 1049 qua
1306 1007 1425 1035 tantas
1447 1011 1503 1036 res
1533 998 1738 1037 sustineant

343 1068 382 1098 et
400 1061 559 1112 gerant?
589 1062 646 1099 At
665 1070 702 1099 et
727 1061 917 1113 ignoratio
936 1075 1077 1107 rerum,
1099 1062 1220 1100 aliena
1239 1071 1378 1100 naturae
1396 1063 1571 1101 Deorum
1591 1063 1670 1107 est;
1701 1073 1738 1102 et

344 1125 550 1164 sustinendi
570 1126 738 1165 muneris
759 1135 913 1179 propter
932 1127 1242 1165 imbecillitatem
1262 1128 1467 1165 difficultas
1488 1128 1653 1166 minime
1669 1142 1736 1166 ca-

343 1191 402 1229 dit
420 1191 461 1229 in
490 1192 725 1244 majestatem
745 1193 935 1231 Deorum.
980 1193 1042 1231 Ex
1062 1207 1141 1246 quo
1167 1193 1333 1232 efficitur
1357 1194 1410 1239 id,
1442 1207 1521 1246 quo
1540 1195 1736 1240 volumus,

344 1257 519 1296 Deorum
539 1258 779 1311 providentia
799 1259 991 1297 mundum
1012 1259 1278 1298 administrari.

387 1323 541 1362 XXXI.
562 1325 695 1376 Atque
714 1324 855 1362 neceffe
870 1324 936 1370 est,
966 1337 1057 1362 cum
1079 1324 1151 1362 fint
1170 1325 1253 1370 Dii,
1278 1325 1322 1377 (fi
1342 1325 1460 1364 modo
1481 1325 1565 1370 fint,
1588 1335 1632 1364 ut
1645 1339 1736 1379 pro-

345 1387 445 1426 fecto
466 1387 569 1441 sunt)
591 1389 802 1428 animantes
821 1390 906 1435 esse,
927 1403 996 1428 nec
1016 1390 1140 1428 solum
1160 1391 1385 1435 animantes,
1407 1391 1468 1429 sed
1488 1391 1604 1429 etiam
1619 1392 1736 1430 ratio-

345 1454 405 1492 nis
436 1463 648 1507 compotes‚
683 1455 783 1493 inter
812 1454 924 1508 seque
955 1455 1056 1508 quasi
1082 1455 1189 1493 civili
1208 1455 1476 1494 conciliatione
1495 1465 1533 1494 et
1563 1456 1738 1495 societate

343 1519 584 1571 conjuntftos,
606 1533 728 1558 unum
748 1519 955 1565 mundum,
987 1529 1030 1559 ut
1049 1534 1300 1559 communem
1327 1522 1606 1574 rempublicam
1625 1531 1738 1573 atque

346 1584 483 1622 urbem
503 1585 685 1636 aliquam,
706 1594 892 1635 regentes.
935 1585 1128 1635 Sequitur,
1152 1594 1194 1621 ut
1214 1586 1346 1622 eadem
1367 1586 1412 1623 fit
1431 1587 1471 1623 in
1490 1585 1565 1630 his,
1586 1599 1670 1638 quae
1697 1587 1737 1624 in

344 1662 479 1702 genere
507 1648 692 1693 humano,
724 1649 831 1694 ratio,
872 1648 1003 1686 eadem
1034 1649 1168 1687 veritas
1200 1650 1406 1702 utrobique
1439 1651 1497 1696 fit,
1529 1651 1739 1704 eademque

343 1715 407 1753 lex
422 1732 434 1759 3
466 1727 550 1767 quae
568 1713 621 1751 est
639 1713 729 1751 resti
747 1713 966 1767 praeceptio,
987 1714 1168 1766 pravique
1188 1715 1371 1766 depulfio.
1409 1717 1472 1752 Ex
1491 1729 1570 1766 quo
1590 1717 1736 1754 intelli-

343 1780 460 1833 gitur,
492 1779 734 1833 prudentiam
765 1792 934 1832 quoque,
955 1787 992 1816 et
1011 1788 1184 1817 mentem
1208 1792 1228 1816 a
1249 1779 1335 1817 Diis
1367 1780 1412 1817 ad
1442 1779 1619 1818 homines
1648 1795 1735 1834 per-

343 1844 482 1883 veniffe
498 1863 509 1889 3
540 1845 591 1882 ob
610 1858 770 1896 eamque
791 1844 941 1882 causam
963 1844 1152 1895 majorum
1173 1843 1355 1882 institutis
1376 1858 1498 1890 mens,
1530 1844 1637 1891 fides,
1657 1847 1734 1884 vir-

343 1919 421 1955 tus,
453 1910 668 1954 concordia,
702 1910 923 1948 consecratae
953 1919 992 1948 et
1021 1910 1177 1962 publice
1203 1909 1383 1948 dedicatae
1402 1910 1501 1948 sunt.
1552 1911 1649 1962 Qae
1668 1914 1737 1964 qui

341 1976 523 2014 convenit
553 1988 668 2028 penes
689 1976 792 2013 Deos
823 1975 894 2013 esse
913 1988 1062 2028 negare,
1094 1989 1187 2014 curn
1206 1988 1340 2013 eorum
1371 1975 1524 2028 augusta
1557 1986 1596 2014 et
1614 1977 1737 2016 sancia

343 2041 541 2079 fimulacra
559 2041 811 2078 veneremur?
842 2040 960 2092 Qod
979 2041 1006 2079 fi
1037 2040 1132 2078 inest
1156 2041 1197 2079 in
1216 2039 1426 2079 hominum
1446 2054 1582 2094 genere
1611 2055 1733 2088 mens,

343 2106 452 2151 fides,
478 2107 611 2151 virtus,
643 2106 846 2144 concordia
860 2124 872 2151 3
904 2107 1006 2144 unde
1024 2105 1106 2144 haec
1126 2106 1166 2144 in
1188 2115 1316 2152 terras,
1347 2107 1415 2145 nifi
1436 2121 1456 2144 a
1475 2107 1632 2160 superis,
1668 2109 1735 2146 de-

345 2172 459 2210 fluere
479 2172 711 2224 potuerunt?
743 2173 924 2224 Cumque
945 2171 988 2210 fit
1007 2172 1047 2210 in
1068 2171 1179 2210 nobis
1199 2172 1416 2218 confilium,
1438 2173 1547 2218 ratio,
1564 2173 1734 2225 pruden-

346 2238 421 2282 tia3
453 2236 594 2275 necesse
614 2237 679 2281 est,
698 2238 801 2275 Deos
820 2236 902 2275 haec
922 2238 1001 2290 ipsa
1019 2236 1158 2276 habere
1178 2239 1332 2290 majora,
1350 2252 1420 2277 nec
1440 2238 1578 2277 habere
1594 2238 1733 2284 solum,

347 2303 407 2340 sed
432 2303 546 2340 etiam
566 2301 626 2340 his
648 2303 703 2339 uti
725 2303 764 2339 in
795 2303 974 2342 maximis
995 2312 1032 2341 et
1051 2304 1209 2357 optimis
1230 2305 1355 2343 rebus.
1398 2303 1514 2342 Nihil
1535 2312 1663 2341 autem
1683 2304 1735 2342 est

348 2381 417 2406 nec
438 2369 573 2419 majus,
606 2381 673 2405 nec
694 2368 831 2406 melius
852 2370 1011 2408 mundo.
1058 2370 1214 2408 Necesse
1246 2370 1299 2409 est
1329 2384 1418 2422 ergo
1448 2383 1537 2407 eum
1560 2369 1734 2407 Deorum

348 2433 505 2472 consilio
524 2443 560 2471 et
585 2433 819 2486 providentia
839 2435 1102 2474 administrari.

403 2499 612 2544 Postremo,
643 2513 732 2537 cum
763 2499 847 2538 satis
869 2501 1127 2547 docuerimus,
1159 2500 1228 2539 hos
1248 2499 1317 2538 effe
1338 2501 1455 2543 Deos,
1484 2513 1649 2551 quorum
1672 2501 1731 2537 in-

348 2564 490 2616 signem
507 2564 586 2603 vim
607 2574 644 2603 et
666 2565 848 2604 illustrem
870 2565 1007 2605 faciem
1029 2567 1255 2610 videremus,
1278 2565 1393 2602 solem
1412 2565 1511 2610 dico,
1533 2575 1570 2603 et
1588 2565 1732 2610 lunam,

1210 2632 1318 2670 Mm
1341 2645 1378 2669 m
1413 2645 1431 2668 2
