2330 2983
518 247 593 288 208
939 244 1043 282 DE
1101 242 1484 284 FINIBUS

652 342 788 395 Qibus
805 341 897 395 abss
915 341 966 381 ad
971 340 1253 395 praecavendum
1271 341 1489 396 intelligendi
1503 341 1649 396 astutia,

516 411 584 450 fibi
604 411 745 462 injee'to
765 417 906 446 terrore
924 408 1060 447 mortis
1080 407 1318 448 horrescunt.

571 476 671 527 Qis
691 484 820 513 autem
840 473 888 512 de
906 473 988 527 ipso
1007 474 1171 527 sapiente
1190 474 1299 513 aliter
1316 475 1521 522 existimat,
1543 475 1654 528 quin,
1680 474 1798 515 etiam
1816 488 1912 516 cum

515 541 722 580 decreverit
751 539 823 579 effe
853 540 1114 585 moriendum,
1146 550 1273 580 tamen
1294 541 1449 580 disceffu
1469 555 1489 580 a
1508 541 1582 580 suis
1607 551 1723 595 atque
1750 542 1831 596 ipsa
1849 555 1911 581 re-

515 607 723 661 linquenda
741 606 828 645 luce
849 607 1074 644 moveatur?
1096 607 1276 645 Maxime
1295 617 1423 646 autem
1439 608 1479 646 in
1498 606 1575 646 hoc
1595 608 1754 660 quidem
1772 621 1911 661 genere

515 676 571 715 vis
591 675 643 713 est
662 673 859 727 perspicua
879 681 1034 718 naturae,
1065 686 1158 711 cum
1188 683 1227 711 et
1246 673 1538 713 mendicitatem
1557 674 1675 713 multi
1693 676 1911 728 perpetian-

515 751 592 785 tur,
622 748 665 778 ut
698 739 827 777 vivant
842 755 854 782 3
891 746 930 775 et
960 747 1148 790 angantur
1177 739 1546 791 appropinquatione
1578 740 1715 778 mortis
1743 739 1912 779 confecti

513 805 691 844 homines
712 803 900 842 senectute
914 821 926 847 5
958 812 997 840 et
1016 815 1057 840 ea
1071 801 1276 855 perferant,
1297 817 1381 856 quae
1397 802 1654 843 Philoetetam
1674 805 1848 844 videmus
1868 805 1910 844 in

513 871 653 909 fabulis
666 888 679 914 3
702 869 784 922 qui,
806 881 897 906 cum
913 868 1144 906 cruciaretur
1163 881 1241 906 non
1257 867 1423 908 ferendis
1449 869 1661 917 doloribus,
1679 870 1911 924 propagabat

513 947 641 975 tamen
661 935 781 972 vitam
801 934 966 986 aucupio
985 933 1207 986 sagittarum
1225 948 1235 972 ι

651 1000 858 1053 Cotfigebat
878 999 1006 1038 tardus
1024 1000 1161 1045 celeres,
1169 1000 1274 1054 stans
1292 1000 1466 1046 volantes,

513 1076 556 1106 ut
575 1066 676 1120 apud
697 1066 864 1104 Accium
885 1065 952 1110 est,

649 1133 922 1183 Pinnas-umque
940 1140 1107 1170 contextu
1125 1131 1268 1184 corpori
1283 1140 1487 1184 tegumenta
1490 1131 1672 1185 sociebat-

567 1198 629 1236 De
662 1196 871 1236 hominum
901 1209 1066 1248 genere,
1097 1205 1162 1234 aut
1196 1197 1358 1235 omnino
1384 1197 1429 1235 de
1459 1198 1701 1243 animalium,
1736 1198 1906 1251 loquor;

512 1277 605 1301 cum
625 1263 803 1301 arborum
823 1271 862 1299 et
881 1261 1057 1314 stirpium
1073 1262 1207 1300 eadem
1222 1276 1318 1315 pene
1334 1272 1465 1301 natura
1484 1263 1551 1301 fit:
1575 1263 1662 1309 slve,
1677 1273 1719 1302 ut
1739 1264 1908 1304 doetissi-

511 1329 586 1367 mis
607 1329 696 1367 viris
715 1327 837 1365 visum
857 1326 924 1371 est,
956 1327 1077 1379 major
1096 1327 1224 1379 aliqua
1243 1327 1352 1366 causa
1370 1337 1486 1380 atque
1510 1329 1677 1368 divinior
1706 1328 1806 1368 hanc
1826 1331 1910 1369 vim

510 1394 700 1446 ingenuit,
722 1392 796 1430 five
814 1390 888 1430 hoc
909 1392 962 1429 ita
981 1391 1026 1430 sit
1055 1391 1230 1431 fortuito.
1263 1392 1474 1432 Videamus
1505 1407 1560 1439 ea,
1583 1408 1667 1447 quae
1694 1404 1792 1433 terra
1818 1395 1908 1448 gig-

510 1461 582 1506 nit,
604 1458 815 1497 corticibus
844 1468 882 1496 et
901 1457 1093 1496 radicibus
1126 1458 1248 1497 valida
1274 1458 1407 1498 servari
1423 1478 1435 1504 ς
1466 1460 1571 1512 quod
1601 1461 1794 1514 contingit
1824 1463 1910 1501 ani-

509 1525 675 1565 malibus
692 1523 868 1568 sensuum
887 1523 1168 1569 distributione,
1184 1533 1222 1564 et
1238 1524 1404 1577 quadam
1419 1527 1685 1579 compactione
1705 1528 1909 1568 membro-

511 1605 612 1630 rum.
646 1591 736 1643 Qa
755 1589 913 1642 quidem
935 1589 982 1628 de
1012 1602 1064 1634 re,
1093 1603 1313 1643 quanquam
1339 1590 1513 1630 affentior
1531 1592 1593 1637 iis,
1627 1593 1696 1645 qui
1716 1591 1798 1632 haec
1817 1607 1908 1633 om·

510 1657 574 1695 nia
593 1656 673 1708 regi
703 1655 837 1694 natura
857 1663 994 1707 putant
1009 1673 1020 1700 ς
1053 1668 1137 1707 quae
1157 1655 1185 1693 si
1214 1665 1349 1694 natura
1378 1656 1587 1710 negligant,
1617 1657 1697 1710 ipsa
1723 1657 1795 1697 effe
1829 1673 1908 1699 non

508 1722 675 1776 poffint;
707 1731 836 1759 tamen
855 1721 1040 1766 concedo,
1076 1729 1133 1765 ut,
1168 1721 1238 1774 qui
1257 1721 1305 1759 de
1323 1720 1400 1760 hoc
1420 1721 1656 1768 dissentiunt,
1687 1723 1911 1764 existiment

509 1789 614 1842 quod
639 1788 774 1832 velint,
804 1800 846 1825 ac
878 1786 937 1824 vel
968 1785 1044 1826 hoc
1073 1787 1305 1840 intelligant,
1336 1787 1363 1826 fi
1383 1789 1538 1841 quando
1566 1798 1744 1828 naturam
1772 1789 1906 1830 homi-

507 1857 567 1895 nis
588 1856 730 1900 dicam,
764 1853 966 1892 hominem
1001 1853 1126 1892 dicere
1146 1867 1210 1892 me
1225 1873 1237 1900 ς
1270 1853 1367 1893 nihil
1388 1855 1497 1899 enim
1528 1854 1603 1894 hoc
1624 1855 1767 1895 differt.
1798 1857 1908 1898 Nam

507 1923 612 1976 prius
634 1921 774 1974 poterit
804 1933 824 1958 a
843 1920 878 1958 se
898 1920 1059 1973 quisque
1079 1920 1281 1967 discedere,
1311 1935 1429 1974 quam
1460 1923 1674 1975 appetitum
1693 1937 1824 1963 earum
1845 1938 1907 1964 re-

510 2002 610 2032 rum,
632 2001 717 2039 quae
739 1986 806 2025 fibi
827 1986 1059 2031 conducant,
1089 1987 1279 2025 amittere.
1300 1988 1392 2038 Jure
1414 1988 1531 2040 igitur
1549 1988 1754 2041 graviffimi
1774 1989 1908 2042 philo·

509 2053 619 2108 sophi
633 2053 791 2092 initium
805 2052 946 2091 summi
967 2053 1059 2091 boni
1077 2066 1096 2090 a
1113 2063 1243 2090 natura
1259 2054 1489 2106 petiverunt,
1508 2064 1545 2093 et
1562 2054 1674 2094 illum
1691 2056 1908 2108 appetitum

508 2133 651 2164 rerum,
682 2120 727 2157 ad
760 2129 932 2157 naturam
965 2119 1358 2165 accommodatarum,
1382 2120 1647 2173 ingeneratum
1677 2130 1907 2174 putaverunt

506 2186 705 2230 omnibus,
727 2185 795 2238 qui
815 2186 1062 2224 continentur
1082 2198 1124 2223 ea
1144 2185 1481 2225 commendatione
1509 2196 1664 2232 natum,
1685 2200 1760 2240 qua
1781 2187 1815 2226 se
1835 2189 1902 2242 ipsi

507 2252 689 2305 diligunt.

569 2318 662 2355 XII.
696 2316 889 2369 Deinceps
911 2316 1119 2355 videndum
1141 2316 1207 2362 est,
1238 2317 1420 2369 quoniam
1444 2316 1527 2356 satis
1558 2328 1730 2371 apertum
1751 2319 1804 2358 est
1835 2319 1904 2359 fibi

507 2397 703 2436 quemque
724 2383 855 2420 natur-:1
875 2382 945 2421 ess‘e
965 2396 1111 2427 carum,
1129 2397 1213 2435 quae
1231 2383 1274 2421 lit
1294 2382 1466 2422 hominis
1489 2394 1633 2423 natura.
1662 2385 1706 2424 ld
1726 2385 1776 2424 est
1797 2386 1902 2426 enim

507 2451 553 2489 dc
573 2464 651 2502 quo
670 2450 893 2502 quaerimus.
925 2451 1048 2503 Atqui
1083 2450 1325 2503 perspicuum
1361 2451 1426 2497 cst,
1458 2451 1659 2493 hominem
1691 2467 1712 2492 e
1745 2467 1903 2506 corpore

508 2517 713 2567 animoque
735 2515 914 2561 constare,
945 2530 1036 2554 cum
1058 2516 1192 2569 prima:
1224 2516 1294 2554 lint
1315 2517 1433 2556 animi
1457 2527 1591 2571 partes,
1623 2519 1795 2558 secundm
1814 2532 1901 2558 cor·

508 2583 622 2635 poris.
657 2583 804 2620 Deinde
827 2582 864 2620 id
885 2596 1039 2635 quoque
1071 2582 1260 2628 videmus,
1290 2592 1325 2622 et
1357 2583 1409 2624 ita
1436 2584 1642 2637 figuratum
1675 2598 1827 2638 corpus,
1859 2595 1902 2624 ut
