2330 2983
708 234 981 272 LIBER
1037 231 1533 271 SECUNDUS.
1741 233 1824 285 287

438 333 540 385 quod
560 334 656 370 reae
675 332 938 384 amplexantur
957 332 1029 376 isti,
1055 332 1159 384 quod
1179 331 1394 377 honestum,
1413 331 1517 384 quod
1536 332 1695 376 redum,
1717 331 1825 384 quod

438 398 620 436 decorum
640 397 887 449 appellamus,
919 397 1022 448 quod
1042 397 1144 434 idem
1165 397 1356 434 interdum
1380 397 1530 435 virtutis
1561 397 1718 435 nomine
1737 410 1823 435 am-

437 463 655 515 pleftimur,
677 471 719 498 ut
739 461 868 498 omnia
886 470 1074 513 praeterea,
1096 474 1179 512 quae
1199 461 1298 498 bona
1322 462 1489 512 corporis
1510 471 1547 499 et
1566 461 1726 500 fortunae
1746 477 1821 515 pu-

438 535 580 571 tantur,
611 526 815 579 perexigua
844 535 882 563 et
913 526 1062 563 minuta
1081 526 1302 563 videantur:
1335 539 1382 562 ne
1413 526 1560 564 malum
1581 528 1738 578 quidem
1758 529 1824 565 ul-

437 591 535 636 lum,
558 605 640 636 nec,
658 591 683 629 si
704 591 744 628 in
766 604 888 628 unum
909 590 1039 628 locum
1051 590 1187 627 collata
1201 589 1286 627 sunt
1307 591 1449 635 omnia,
1467 604 1558 628 cum
1575 593 1825 644 turpitudinis

437 657 539 696 malo
558 657 824 709 comparanda.

494 724 636 775 Qare,
658 723 698 767 fi,
716 732 758 760 ut
777 722 888 760 initio
908 721 1128 767 conceffisti,
1149 723 1346 775 turpitudo
1364 724 1467 776 pejus
1485 723 1537 761 est
1556 736 1671 775 quam
1689 723 1796 761 dolor
1809 742 1827 768 ς.

438 787 537 826 nihil
567 788 619 826 est
648 787 759 840 plane
779 786 899 825 dolor.
960 788 1066 825 Nam
1100 788 1194 826 dum
1220 789 1292 826 tibi
1322 798 1430 841 turpe
1461 802 1530 827 nec
1561 789 1724 840 dignum
1743 789 1824 826 viro

438 853 643 898 videbitur,
677 865 842 905 gemere,
877 852 1028 904 ejulare,
1059 852 1269 898 lamentari,
1296 853 1432 906 frangi,
1460 854 1663 898 debilitari,
1682 854 1826 899 dolere,

438 929 524 957 tum
544 918 729 963 honestas,
756 928 842 957 tum
861 918 1038 970 dignitas,
1069 927 1154 957 tum
1175 919 1289 958 decus
1310 920 1451 958 aderit:
1484 929 1602 972 tuque
1623 920 1662 957 in
1691 933 1733 957 ea
1761 920 1824 957 in-

438 985 618 1029 tueberis‚
654 993 691 1022 te
710 984 953 1022 continebis:
983 983 1090 1022 cedet
1120 984 1289 1036 profesto
1319 986 1451 1023 virtuti
1481 985 1603 1030 dolor,
1635 995 1673 1024 et
1705 985 1827 1023 animi

437 1050 658 1088 inductione
687 1049 926 1102 languescet:
958 1058 1023 1087 aut
1055 1049 1158 1087 enim
1189 1050 1294 1088 nulla
1313 1051 1431 1088 virtus
1461 1051 1527 1095 est,
1558 1060 1622 1088 aut
1648 1060 1827 1088 contem-

437 1116 584 1154 nendus
603 1115 729 1154 omnis
749 1115 870 1152 dolor.
903 1114 1199 1152 Prudentiamne
1225 1116 1280 1153 vis
1300 1115 1384 1160 effe,
1406 1116 1481 1153 fine
1501 1129 1575 1167 qua
1595 1129 1642 1153 ne
1661 1116 1830 1168 intelligi.

439 1182 598 1235 quidem
632 1181 709 1219 ulla
741 1181 860 1219 virtus
890 1180 1040 1233 potest?
1073 1180 1180 1232 Qid
1200 1194 1290 1233 ergo
1315 1182 1384 1219 ea?
1416 1181 1634 1220 Patieturne
1653 1191 1690 1219 te
1709 1182 1829 1234 quid-

438 1261 554 1301 quam
574 1247 696 1286 facere
714 1245 813 1285 nihil
834 1246 1099 1298 proficientem
1129 1255 1168 1284 et
1187 1247 1421 1285 laborantem
1439 1247 1452 1284 ?
1483 1249 1547 1285 An
1579 1248 1827 1299 temperantia

439 1314 532 1353 sinet
552 1323 589 1352 te
607 1312 858 1352 immoderate
877 1311 998 1350 facere
1017 1312 1230 1365 quidquam
1248 1313 1261 1349 ?
1281 1314 1346 1351 An
1365 1312 1441 1350 coli
1455 1313 1600 1365 justitia
1619 1313 1759 1365 poterit
1778 1313 1830 1351 ab

439 1378 598 1418 homine
619 1387 772 1431 propter
791 1378 870 1415 vim
891 1378 1030 1415 doloris
1051 1378 1273 1415 enuntiante
1293 1377 1502 1423 commissa,
1529 1378 1711 1430 prodente
1730 1391 1824 1417 con-

440 1445 548 1490 scios,
570 1444 693 1483 multa
713 1443 838 1481 officia
857 1442 1122 1495 relinquente?
1188 1443 1252 1480 uid
1270 1443 1283 1479 ?
1303 1442 1523 1481 fortitudini
1543 1443 1826 1495 comitibusque

439 1512 532 1562 ejus,
555 1509 814 1562 magnitudini
833 1508 966 1552 animi,
987 1508 1176 1560 gravitati,
1198 1508 1402 1560 patientiae,
1424 1521 1551 1546 rerum
1570 1506 1830 1547 humanarum

440 1575 705 1627 despicientiam
733 1586 812 1625 quo
833 1573 950 1611 modo
979 1572 1248 1625 respondebis?
1278 1572 1517 1618 Afflictusne,
1547 1581 1585 1611 et
1610 1574 1754 1625 jacens,
1787 1584 1829 1612 et

439 1639 677 1678 lamentabili
702 1651 794 1677 voce
824 1637 1037 1690 deplorans,
1073 1638 1213 1682 audies,
1251 1639 1287 1675 O
1309 1638 1434 1676 virum
1454 1637 1595 1676 fortem
1615 1639 1628 1675 ?
1659 1639 1720 1676 Te
1739 1652 1833 1676 vero·

439 1705 491 1744 ita
510 1704 703 1750 affectum,
726 1716 773 1742 ne
791 1704 918 1742 virum
934 1704 1093 1756 quidem
1114 1704 1250 1742 dixerit
1265 1704 1481 1755 quisquam.
1509 1704 1735 1742 Amittenda
1749 1704 1828 1756 igi-

440 1780 500 1810 tur
518 1770 706 1809 fortitudo
725 1769 790 1814 est,
811 1778 875 1806 aut
894 1769 1128 1822 sepeliendus
1149 1769 1269 1807 dolor.

493 1837 604 1874 XIV.
638 1834 791 1887 Ecquid
811 1833 880 1871 scis
911 1834 1042 1886 igitur,
1074 1834 1098 1871 fi
1120 1834 1212 1885 quid
1243 1834 1289 1871 de
1310 1833 1522 1872 Corinthiis
1549 1836 1623 1872 tuis
1643 1834 1822 1878 amiseris,

440 1900 539 1954 poffe
557 1900 692 1938 habere
712 1909 749 1937 te
769 1899 957 1950 reliquam
978 1898 1250 1951 supellectilem
1266 1899 1402 1936 salvam
1419 1914 1429 1936 2
1448 1900 1628 1937 virtutem
1650 1909 1776 1936 autem
1798 1899 1828 1936 fi

442 1980 556 2004 unam
577 1965 741 2004 amiseris
757 1983 768 2010 ς
804 1965 886 2016 (ets1
907 1965 1033 2002 amitti
1053 1978 1130 2002 non
1149 1964 1270 2017 potest
1292 1964 1427 2016 virtus)
1453 1965 1513 2002 sed
1540 1965 1565 2002 fi
1586 1978 1701 2002 unam
1729 1978 1826 2002 con-

439 2031 551 2070 feffus
582 2031 698 2069 fueris
734 2040 769 2068 te
789 2043 864 2068 non
898 2029 1049 2075 habere,
1082 2029 1230 2067 nullam
1262 2038 1298 2067 te
1329 2029 1400 2067 effe
1430 2029 1681 2068 habiturum?
1713 2030 1829 2068 Num

440 2098 557 2150 igitur
576 2096 718 2135 fortem
738 2096 877 2141 virum,
914 2109 1008 2134 num
1028 2109 1169 2147 magno
1188 2095 1330 2140 animo,
1361 2109 1456 2133 num
1476 2096 1698 2148 patientem,
1729 2109 1826 2133 num

440 2177 605 2216 gravem,
629 2176 723 2200 num
743 2161 910 2199 humana
930 2170 1242 2199 contemnentem
1262 2171 1368 2214 potes
1389 2162 1512 2199 dicere
1534 2160 1828 2205 Prometheum,.

441 2238 505 2266 aut
522 2227 772 2266 Philoctetam
791 2228 803 2263 ?
835 2226 921 2264 illos
942 2227 1046 2264 enim
1066 2226 1182 2271 malo,
1204 2239 1321 2278 quam
1343 2236 1390 2264 te.
1457 2227 1526 2264 Sed
1546 2227 1611 2264 ille
1628 2236 1726 2264 certe
1748 2240 1824 2264 non

444 2292 564 2338 fortis,
588 2293 654 2344 qui
670 2294 770 2343 jacet
790 2292 828 2329 in
850 2292 950 2329 lecto
967 2291 1145 2336 humido,

576 2357 680 2409 Qtod
693 2357 838 2408 ejulatu,
869 2356 996 2410 questu,
1022 2357 1172 2409 gemitu,
1187 2357 1415 2410 fremitibus,

577 2422 788 2476 Refluando,
818 2432 953 2462 mutum
959 2423 1094 2477 flebiles
1114 2437 1212 2462 voces
1230 2424 1357 2476 reffert.

444 2491 536 2529 Non
562 2503 632 2542 ego
655 2489 840 2535 dolorem,
871 2489 1042 2527 dolorem
1073 2489 1143 2527 effe
1163 2502 1274 2541 nego.
1326 2490 1405 2525 Cur
1427 2487 1530 2525 enim
1551 2485 1736 2524 fortitudo
1757 2486 1829 2523 de-

444 2554 650 2595 iideratur?
682 2554 751 2594 Sed
770 2567 860 2593 eum
891 2553 1058 2607 opprimi
1084 2554 1171 2592 dico
1201 2553 1393 2606 sapientia,
1424 2552 1448 2591 si
1484 2551 1600 2590 modo
1619 2551 1670 2590 est
1699 2551 1827 2604 aliqua
