2330 2983
657 240 930 282 LIBER
987 239 1405 280 TERTIUS.
1654 244 1731 299 167

390 345 523 384 XXII.
557 343 628 383 Sed
642 344 724 396 jam
746 343 865 381 sentio
893 356 956 382 me
975 342 1044 381 esse
1060 343 1211 396 longius
1231 345 1469 396 proveetum,
1501 358 1616 397 quam
1637 359 1730 399 pro-

335 412 455 465 pofita
473 411 567 449 ratio
587 409 804 462 postularet.
836 410 983 446 Verum
1003 409 1237 447 admirabilis
1259 411 1485 463 compositio
1505 411 1731 465 disciplinae,

336 475 645 527 incredibilisque
665 487 790 512 rerum
812 475 926 512 traxit
946 474 1038 511 ordo
1057 489 1065 512 :
1097 487 1229 525 quern,
1262 488 1330 526 per
1349 475 1437 512 deos
1467 477 1702 516 immortales
1719 478 1727 515 ἒ

336 555 463 581 nonne
493 541 670 579 miraris?
701 540 809 593 Qid
840 540 945 578 enim
976 548 1041 577 aut
1061 540 1101 577 in
1122 550 1266 585 natura,
1299 554 1375 592 qua
1393 540 1493 579 nihil
1518 542 1569 580 est
1589 545 1727 596 aptius,

335 607 434 646 nihil
454 606 690 660 descriptius‚
720 616 785 644 aut
804 606 844 644 in
872 606 1052 659 operibus
1083 619 1200 644 manu
1220 605 1328 644 factis
1361 616 1439 645 tam
1458 609 1729 661 compositum,

334 683 492 726 tamque
511 674 758 726 compactum
778 681 815 710 et
836 681 1146 725 coagmentatum
1166 673 1330 710 inveniri
1350 673 1470 726 potest
1489 674 1503 710 ?
1529 675 1623 726 quid
1643 676 1730 728 pos-

335 740 452 778 terius
472 740 587 793 priori
607 753 684 777 non
705 738 911 776 convenit?
942 738 1036 790 quid
1055 737 1237 790 sequitur,
1270 739 1374 791 quod
1404 754 1481 778 non
1513 741 1732 793 respondeat

337 805 517 858 superiori
535 806 547 842 ?
578 804 674 857 quid
694 818 771 842 non
792 804 840 841 fic
861 803 963 841 aliud
993 817 1039 842 ex
1059 804 1134 842 alio
1153 805 1329 850 nectitur,
1359 815 1401 843 ut
1435 820 1527 850 non,
1562 807 1587 844 fi
1610 807 1734 846 ullam

335 871 485 909 literam
506 870 684 916 moveris,
713 869 841 908 labent
861 869 1017 907 omnia?
1049 870 1135 908 Nec
1156 880 1283 908 tamen
1305 871 1519 923 quidquam
1538 872 1604 917 est,
1627 874 1732 926 quod

337 937 481 974 moveri
500 936 623 989 poffit.
684 936 814 986 Qam
843 936 966 987 gravis
985 949 1087 979 ver0,
1109 949 1226 987 quam
1247 936 1464 988 magnifica,
1497 951 1614 989 quam
1635 953 1732 978 con—

336 1002 433 1039 stans
454 1001 657 1039 conficitur
677 1000 832 1053 persona
851 1001 1038 1052 Sapientis
1057 1002 1070 1038 ?
1101 1002 1182 1052 qui,
1197 1015 1289 1039 cum
1310 1003 1404 1039 ratio
1419 1003 1604 1048 docuerit,
1627 1005 1732 1056 quod

336 1065 537 1105 honestum
559 1066 660 1111 esset,
692 1066 732 1103 id
751 1064 823 1103 effe
843 1065 967 1103 solum
988 1066 1149 1110 bonum,
1172 1067 1320 1118 semper
1341 1068 1384 1105 fit
1405 1067 1545 1106 neceffe
1566 1069 1618 1106 est
1640 1069 1732 1108 bea·-

336 1141 413 1177 tus,
435 1145 597 1185 vereque
617 1132 748 1170 omnia
766 1130 833 1168 ista
859 1131 1018 1168 nomina
1035 1131 1230 1185 poffideat,
1258 1145 1342 1184 quae
1368 1133 1514 1171 irrideri
1535 1134 1581 1173 ab
1601 1135 1732 1188 impe-

336 1198 418 1236 ritis
440 1198 574 1237 solent.

391 1266 549 1304 Restius
570 1265 675 1304 enim
695 1265 950 1318 appellabitur
968 1279 1047 1310 rex,
1079 1280 1196 1319 quam
1223 1266 1473 1318 Tarquinius,
1502 1268 1574 1320 qui'
1592 1283 1659 1307 nec
1680 1268 1729 1314 se,

336 1343 408 1368 nec
428 1330 510 1369 suos
531 1344 656 1383 regere
676 1330 826 1383 potuit:
859 1331 995 1369 rectius
1015 1331 1192 1384 magister
1209 1332 1358 1384 populi,
1383 1333 1431 1383 (is
1453 1334 1557 1371 enirn
1574 1334 1625 1372 est
1646 1335 1731 1372 dic-

336 1397 453 1447 tator)
482 1409 599 1448 quam
635 1396 748 1446 Sylla,
780 1395 847 1447 qui
879 1396 998 1434 trium
1029 1395 1292 1449 pestiferorum
1322 1398 1519 1443 vitiorum,
1556 1399 1730 1445 luxuriae,

337 1461 512 1506 avaritiae,
543 1460 774 1499 crudelitatis
795 1460 971 1513 magister
989 1460 1092 1500 fuit:
1125 1463 1261 1500 reffius
1293 1463 1395 1500 dives
1416 1477 1533 1515 quam
1566 1465 1731 1510 Craffus,

338 1528 421 1580 qui,
453 1526 521 1565 nifi
541 1526 709 1579 eguisset,
731 1539 931 1577 nunquam
952 1526 1190 1579 Euphratem
1211 1527 1318 1565 nulla
1337 1528 1429 1566 belli
1451 1528 1558 1566 causa
1579 1531 1731 1568 transire

337 1592 524 1631 voluifl‘et.
556 1592 675 1630 Recte
694 1592 774 1643 ejus
795 1591 926 1628 omnia
944 1592 1133 1637 dicentur,
1155 1593 1223 1645 qui
1243 1592 1312 1630 scit
1333 1595 1391 1631 uti
1410 1593 1510 1632 solus
1530 1596 1730 1634 omnibus.

338 1659 456 1696 Recte
475 1658 590 1695 etiam
616 1655 778 1710 pulcher
808 1657 1089 1710 appellabitur;
1121 1659 1241 1697 animi
1268 1659 1372 1698 enim
1393 1659 1625 1699 lineamenta
1645 1661 1732 1700 sunt

335 1721 553 1776 pulchriora
586 1736 703 1776 quam
735 1723 904 1775 corporis
924 1738 932 1761 :
971 1726 1068 1762 recte
1101 1723 1198 1762 solus
1229 1724 1338 1770 liber,
1374 1739 1443 1763 nec
1475 1726 1731 1766 dominationi

335 1789 560 1841 cujusquam
591 1802 738 1842 parens,
780 1800 905 1841 neque
934 1786 1113 1828 obediens
1145 1790 1346 1843 cupiditati
1370 1807 1379 1829 ;
1422 1794 1520 1830 reete
1550 1793 1730 1839 invictus,

336 1856 445 1907 cujus
465 1856 581 1893 etiam
601 1855 627 1893 s1
655 1869 793 1908 corpus
821 1856 1110 1908 constringatur,
1142 1857 1272 1894 animo
1303 1867 1430 1895 tamen
1451 1859 1604 1897 vincula
1624 1860 1730 1912 injici

336 1919 443 1958 nulla
461 1920 599 1973 poffint
617 1935 625 1958 :
649 1934 772 1973 neque
791 1923 964 1975 expectet
984 1922 1110 1960 ullum
1133 1931 1283 1974 tempus
1304 1924 1436 1969 aetaeis‚
1452 1934 1494 1962 ut
1515 1934 1599 1962 tum
1619 1925 1730 1962 deni-

336 1999 411 2037 que
425 1986 634 2037 judicetur‚
666 1987 842 2025 beatusne
862 1986 991 2032 fuerit,
1020 2001 1112 2025 cum
1132 1997 1350 2026 extremum
1370 1989 1456 2027 vitae
1477 1990 1579 2028 diem
1608 2001 1731 2029 morte

336 2050 571 2098 confecerit3
604 2053 707 2106 quod
737 2054 802 2091 ille
837 2066 936 2091 unus
971 2067 991 2091 e
1024 2042 1168 2106 septem
1189 2054 1419 2107 sapientibus
1449 2070 1526 2095 non
1547 2057 1732 2110 sapienter

335 2118 512 2157 Croesum
534 2120 701 2157 monuit.
751 2120 858 2158 Nam
879 2120 904 2157 s1
926 2120 1054 2157 beatus
1076 2133 1247 2172 unquam
1271 2120 1410 2167 fuifl‘et,
1442 2123 1591 2160 beatam
1611 2123 1730 2161 vitam

335 2184 452 2236 usque
469 2185 515 2222 ad
534 2185 649 2223 illum
669 2199 689 2222 a
710 2186 811 2237 Cyro
831 2187 1048 2224 extructum
1070 2200 1206 2239 rogum
1228 2188 1453 2239 protuliffet.
1497 2189 1613 2241 Qod
1634 2189 1658 2226 fi
1679 2190 1731 2227 ita

337 2249 402 2294 est,
425 2259 466 2287 ut
488 2264 610 2303 neque
631 2250 831 2303 quisquam
854 2251 920 2289 nis1
942 2252 1065 2290 bonus
1086 2253 1156 2298 vir,
1188 2262 1225 2290 et
1245 2266 1378 2292 omnes
1400 2255 1492 2292 boni
1512 2255 1610 2293 beati
1632 2255 1702 2293 fint
1716 2274 1732 2299 3.

336 2315 430 2368 quid
451 2315 691 2370 philosophia
712 2319 832 2371 magis
854 2319 1075 2366 colendum,
1093 2328 1157 2359 aut
1178 2319 1270 2373 quid
1288 2321 1339 2359 est
1355 2321 1496 2360 virtute
1515 2321 1679 2360 divinius
1697 2322 1709 2357 ?
