2330 2983
544 263 863 302 LIBER
934 263 1349 304 PRIMUS.
1604 277 1656 317 97

253 359 451 399 monstrofi
466 377 480 405 3
510 359 575 397 alii
594 369 723 397 autem
742 360 857 397 etiam
879 360 1071 398 amatoriis
1092 361 1310 399 levitatibus
1341 360 1473 406 dediti,
1495 360 1558 399 alii
1578 375 1648 414 pe-

252 426 432 470 tulantes,
463 424 528 463 alii
556 424 728 470 audaces,
759 426 940 477 protervi,
971 426 1090 464 iidem
1115 427 1410 478 intemperantes
1437 435 1475 465 et
1505 427 1646 479 ignavi,

254 503 455 542 nunquam
473 490 515 527 in
535 488 719 528 sententia
737 491 1001 542 permanentes
1017 506 1026 528 :
1045 504 1138 542 quas
1157 492 1207 529 ob
1223 491 1347 528 causas
1363 493 1403 529 in
1419 505 1551 530 eorum
1573 494 1650 530 vita

252 555 359 593 nulla
374 555 427 593 est
444 554 687 607 intercapedo
702 554 897 593 molestiae.
938 555 1063 607 Igitur
1078 569 1202 607 neque
1222 555 1426 594 stultorum
1446 557 1650 608 quisquam

255 621 401 666 beatus,
441 634 567 673 neque
605 620 820 674 sapientum
858 634 936 659 non
967 621 1099 659 beatus
1117 636 1126 659 :
1158 622 1363 673 multoque
1397 621 1473 660 hoc
1511 623 1649 661 melius

254 699 322 724 nos
342 685 541 739 veriusque
571 699 688 738 quam
709 686 841 725 Stoici.
888 686 951 724 Illi
981 686 1087 725 enim
1107 696 1248 739 negant
1268 687 1415 724 bonum
1437 687 1651 739 quidquam

254 752 339 797 effe,
371 752 440 790 nis1
460 752 586 791 nescio
605 765 723 804 quam
744 751 852 790 illam
873 753 1066 797 umbram,
1095 753 1200 805 quod
1219 752 1413 805 appellant
1432 751 1650 797 honestum,

255 831 334 855 non
352 826 431 855 tam
451 816 570 855 solido
591 830 709 869 quam
729 817 927 870 splendido
947 818 1129 856 nomine:
1152 818 1338 856 virtutem
1357 828 1501 862 autem,
1522 818 1652 857 nixam

254 880 329 919 hoc
349 880 520 926 honesto,
542 881 690 919 nullam
708 882 898 934 requirere
917 882 1171 935 voluptatem,
1192 892 1306 935 atque
1325 883 1372 921 ad
1391 882 1499 921 beate
1517 883 1651 921 viven-

254 946 350 984 dum
370 946 488 999 seipsa
506 946 576 985 effe
595 955 832 985 contentam.

310 1012 422 1050 XIX.
455 1011 527 1049 Sed
545 1010 699 1064 poffunt
728 1011 810 1050 haec
840 1012 1006 1064 quadam
1040 1013 1184 1051 ratione
1204 1013 1297 1058 dici,
1327 1027 1405 1052 non
1430 1013 1549 1052 modo
1574 1026 1653 1052 non

254 1078 570 1131 repugnantibus,
591 1091 724 1116 verum
744 1078 862 1116 etiam
882 1079 1197 1131 approbantibus,
1218 1079 1344 1117 nobis.
1390 1079 1452 1118 Sic
1480 1080 1587 1118 enim
1606 1079 1654 1117 ab

254 1144 427 1197 Epicuro
446 1143 589 1197 sapiens
610 1142 756 1197 semper
786 1144 916 1182 beatus
943 1144 1154 1184 inducitur.
1196 1145 1343 1183 Finitas
1362 1144 1479 1183 habet
1497 1145 1653 1200 cupidi-

253 1219 349 1248 tates
365 1228 377 1255 ς
400 1210 563 1263 negligit
577 1220 743 1248 mortem
759 1228 771 1256 ;
794 1210 840 1248 de
860 1210 932 1249 diis
953 1211 1241 1249 immortalibus
1254 1211 1332 1250 fine
1347 1211 1430 1249 ullo
1445 1221 1553 1250 metu
1568 1225 1656 1250 vera

254 1275 368 1314 sentit
384 1294 396 1321 3
428 1289 506 1314 non
526 1275 691 1321 dubitat,
713 1276 739 1314 fi
759 1277 812 1314 ita
831 1276 969 1315 melius
990 1277 1048 1322 fit,
1070 1277 1235 1330 migrare
1253 1277 1302 1315 de
1320 1277 1410 1316 vita.
1442 1279 1519 1316 His
1539 1278 1654 1316 rebus

254 1341 458 1379 instruEtus
475 1341 622 1394 semper
635 1341 742 1379 estin
757 1341 967 1394 voluptate.
995 1342 1138 1394 Neque
1152 1343 1259 1380 enim
1276 1351 1430 1395 tempus
1443 1342 1496 1380 est
1511 1343 1653 1388 ullum,

255 1421 336 1460 quo
355 1420 433 1445 non
453 1407 540 1459 plus
561 1406 699 1444 habeat
717 1407 976 1460 voluptatum,
997 1420 1116 1460 quarn
1135 1408 1330 1448 dolorum.
1371 1409 1478 1447 Nam
1498 1417 1537 1447 et
1555 1423 1653 1462 prae-

256 1474 368 1511 terita
385 1481 489 1526 grate
509 1472 704 1517 meminit,
735 1482 772 1510 et
790 1472 1037 1525 praesentibus
1057 1474 1110 1511 ita
1127 1474 1288 1526 potitur,
1317 1481 1361 1511 ut
1380 1474 1657 1513 animadvertat

256 1548 399 1591 quanta
417 1538 489 1577 fint
509 1551 564 1583 ea,
595 1550 789 1590 quamque
801 1538 1002 1590 jucunda:
1038 1552 1163 1591 neque
1181 1538 1323 1591 pendet
1347 1552 1397 1577 ex
1415 1537 1572 1584 futuris,
1593 1539 1656 1579 sed

254 1605 428 1658 expectat
446 1603 525 1648 illa,
541 1602 685 1641 fruitur
698 1602 946 1656 praesentibus
965 1619 974 1642 :
994 1604 1041 1642 ab
1055 1604 1178 1656 iisque
1192 1605 1311 1649 vitiis,
1331 1618 1417 1657 quae
1435 1605 1551 1658 paulo
1569 1615 1656 1645 ante

253 1669 408 1722 collegi,
422 1668 524 1707 abest
542 1668 759 1721 plurimum
777 1684 786 1707 :
808 1678 860 1714 et,
878 1683 971 1708 curn
990 1669 1196 1708 stultorum
1215 1670 1335 1708 vitam
1355 1683 1446 1709 cum
1463 1671 1527 1709 sua
1541 1685 1654 1711 com-

254 1745 372 1789 parat,-
389 1748 528 1789 magna
546 1735 713 1777 afficitur
732 1735 941 1790 voluptate.
965 1736 1128 1775 Dolores
1145 1745 1290 1782 autem,
1307 1737 1334 1775 fi
1353 1737 1422 1789 qui
1437 1737 1654 1784 incurrunt,

255 1814 455 1854 nunquam
476 1801 558 1839 vim
580 1811 725 1840 tantam
744 1800 902 1848 habent,
924 1811 968 1841 ut
991 1815 1070 1841 non
1089 1802 1176 1856 plus
1196 1801 1334 1841 habeat
1355 1802 1515 1855 sapiens,
1548 1804 1654 1856 quod

252 1867 430 1919 gaudeat,
452 1879 570 1918 quam
595 1867 700 1918 quod
719 1876 894 1920 angatur.

311 1932 476 1985 Optime
494 1945 582 1970 vero
603 1932 808 1985 Epicurus,
839 1933 945 1986 quod
978 1934 1141 1987 exiguam
1159 1933 1255 1972 dicit
1272 1934 1470 1987 firtunam
1489 1936 1652 1974 interve-

253 1999 333 2036 nire
337 1998 502 2051 sapienti
509 2014 523 2036 .·
553 1998 786 2052 maximqsque
804 1999 850 2038 ab
879 2014 928 2044 eo,
959 2009 994 2038 et
1008 2000 1236 2053 gravgffimas
1257 2015 1313 2038 res
1343 2001 1476 2053 cotfilio
1494 2001 1597 2054 ipsius
1619 2012 1654 2040 et

255 2064 394 2102 ratione
411 2062 681 2116 adminstrari:
711 2079 820 2118 neque
837 2065 1002 2116 majorem
1032 2067 1253 2119 voluptatem
1273 2081 1315 2105 ex
1334 2067 1471 2118 infinito
1501 2077 1654 2119 tempore

253 2129 377 2168 aetatis
389 2129 531 2181 percipi
539 2129 642 2181 pff,
665 2144 769 2182 quam
789 2145 832 2169 ex
849 2131 914 2169 hoc
924 2131 1166 2184 percipiatur,
1189 2131 1282 2185 quod
1296 2131 1476 2170 videamus
1493 2131 1652 2186 fffim'-

255 2203 345 2233 tum.
405 2195 451 2232 In
472 2195 668 2233 dialectica
687 2206 815 2234 autem
837 2197 953 2235 vestra
973 2197 1121 2235 nullam
1141 2198 1222 2236 vim
1242 2198 1472 2237 existimavit
1491 2198 1562 2236 effe
1582 2211 1654 2237 nec

255 2261 302 2298 ad
322 2260 459 2298 melius
479 2260 703 2306 vivendum,
735 2276 802 2300 nec
822 2262 867 2300 ad
886 2263 1132 2301 commodius
1153 2263 1418 2302 differendum.
1456 2265 1502 2302 In
1522 2263 1654 2317 physi-

256 2326 310 2363 cis
331 2325 546 2378 plurimum
577 2327 716 2379 posuit.
778 2328 836 2366 Ea
866 2328 1021 2367 scientia
1049 2339 1088 2367 et
1106 2329 1312 2368 verborum
1344 2330 1415 2375 vis,
1449 2339 1486 2368 et
1521 2340 1652 2368 natura

255 2391 451 2436 orationis,
468 2401 506 2429 et
515 2392 834 2445 consequentium
855 2396 1199 2448 repugnantiumve
1220 2397 1315 2434 ratio
1330 2396 1452 2448 potest
1469 2395 1650 2448 perspici:

255 2458 437 2496 omniurn
458 2467 586 2496 autem
606 2472 733 2498 rerum
754 2461 886 2499 natura
904 2462 1073 2514 cognita,
1103 2461 1274 2500 levamur
1293 2462 1568 2514 superstitione,
1600 2461 1652 2499 li-

257 2523 434 2561 beramur
465 2524 600 2562 mortis
630 2534 752 2570 mem,
782 2540 861 2565 non
894 2527 1172 2566 conturbamur
1196 2528 1432 2580 ignoratione
1458 2541 1600 2573 rerum,
1630 2541 1653 2565 e

256 2601 332 2641 qua
362 2588 439 2642 ipsa
467 2588 668 2630 horribiles
701 2592 868 2633 existunt
898 2593 992 2646 saepe
1021 2592 1261 2632 formidines.
1322 2593 1503 2647 Denique
1534 2594 1651 2633 etiarn

367 2656 405 2694 T
421 2669 444 2695 ο
460 2668 512 2695 Μ.
544 2657 599 2696 ΙΙ.
1310 2659 1350 2697 Ν
