2330 2983
582 250 879 292 VARIAE
965 247 1526 290 LECTIONES.

332 359 389 428 1:75
415 397 450 426 29
470 394 499 416 et
513 385 540 423 ψ
554 387 582 416 d.

414 437 451 466 30
472 427 626 465 omniaque
641 426 751 461 ξωηηία

410 483 452 489 -
473 466 576 505 eosque
590 468 604 500 ξ
617 478 655 494 eos

416 517 448 543 3¹
473 507 556 544 plene
570 507 593 535 Ε
604 506 684 543 plane

278 563 280 565 -
414 556 449 585 35
473 545 583 574 beatius
597 546 620 574 E
636 546 662 579 ξ,
676 558 697 580 χ
712 546 800 573 beatur

337 586 393 625 176
438 595 448 614 1
474 585 578 613 habere
593 585 615 613 E
632 585 688 618 ξό.

388 660 391 663 ‚
429 637 448 663 4
467 625 646 663 profiteretur
668 624 691 651 E
715 624 731 658 ξ
744 624 880 661 profitetur
900 637 923 661 χ
933 624 1036 660 prqfite-

512 672 584 693 retur
607 663 625 701 (
627 663 662 692 ab
676 663 713 691 al.
729 675 806 691 manu
820 665 859 691 ad
869 664 958 701 oram)

432 706 449 732 8
471 703 644 733 Patronusne
659 703 685 738 ψ
701 703 865 738 Ρατνοηιψυε

410 759 451 766 -
470 744 589 777 malum,
603 743 721 772 exilium
737 757 760 780 χ
773 743 924 771 inae-tilium

417 794 452 813 ιο
473 783 611 822 fugienda
626 784 648 812 E
664 783 691 811 U
708 783 734 817 ξ,
748 797 781 820 χ,
796 782 956 821 ala-facienda

417 833 447 853 11
473 833 642 861 murumque
657 823 680 851 E
694 831 717 851 c!
731 834 828 850 murum

417 873 427 892 1
438 874 452 892 2
475 863 622 900 trajecisset
636 863 658 891 E
673 865 835 901 trany‘ecg‘ffloe

417 913 453 941 ¹4
473 903 558 941 Qod
574 903 597 931 E
611 903 640 932 U
656 904 681 936 ξ.
696 916 728 939 χ,
743 902 899 940 slerdde

417 953 450 981 15
473 943 503 971 in
519 942 640 981 sapiente
653 943 676 970 E
692 943 721 971 U
737 943 762 977 ξ,
777 956 800 980 χ
805 945 922 980 sapiente

411 998 454 1005 -—-
472 992 537 1011 vere
553 983 575 1010 E
591 983 607 1017 ξ
620 983 646 1010 d.

415 1032 425 1051 1
436 1033 451 1060 7
473 1021 579 1050 libellis
593 1023 616 1050 E
631 1023 645 1056 ξ
661 1021 721 1051 bello
733 1035 765 1059 χ,
780 1023 805 1057 ψ
818 1021 902 1050 libello

411 1078 453 1085 —
472 1062 549 1100 qnod
563 1076 585 1098 χ
599 1064 665 1100 quid

411 1117 453 1125 —
473 1102 516 1130 illi
533 1102 626 1130 verbis
643 1101 697 1130 suis
712 1102 734 1130 E
750 1103 766 1136 ξ
779 1105 807 1130 in
819 1101 937 1138 illissuis
950 1102 1037 1130 verbi,-

415 1151 425 1171 1
435 1144 450 1171 8
471 1150 591 1170 novetur
605 1142 634 1170 U
650 1142 676 1176 ξ,
689 1155 722 1179 χ,
735 1141 762 1178 ψ
777 1150 890 1171 movetur

412 1191 451 1211 20
471 1182 548 1210 dicas
564 1182 587 1210 E
600 1181 616 1215 ξ
629 1183 725 1210 dicatis

413 1231 446 1251 21
473 1231 545 1250 anne
557 1235 579 1258 χ
593 1230 654 1250 ante
667 1233 696 1250 ne

410 1277 453 1285 -
472 1261 579 1291 tribuat
594 1261 618 1289 E
632 1262 649 1296 ξ
661 1261 796 1290 tribuatur

413 1311 449 1340 ²3
470 1310 500 1330 et
511 1315 533 1337 χ
546 1303 572 1329 d.

413 1351 450 1380 25
474 1341 596 1370 debebat
611 1341 634 1369 E
648 1339 738 1370 debeat

413 1382 452 1410 26
473 1388 667 1419 quantumque
680 1394 703 1418 χ
716 1389 840 1419 quantum

414 1431 451 1457 27
472 1420 557 1449 alieni
572 1421 595 1449 E
610 1421 636 1455 ξ,
652 1435 682 1456 χ,
695 1421 720 1455 ψ
735 1421 815 1449 alicui

411 1476 453 1484 ·-—
473 1461 634 1499 perferendi
647 1474 670 1499 χ
677 1462 830 1499 perferenda

415 1510 454 1540 30
475 1509 504 1529 ut
517 1514 540 1537 χ
552 1502 580 1529 d.

411 1557 452 1563 —-
473 1551 491 1569 a
505 1549 532 1569 te
547 1541 570 1569 E
582 1541 596 1575 ξ
613 1541 652 1570 ad
660 1551 692 1570 ea

413 1591 452 1619 32
473 1580 554 1610 vobis
570 1581 593 1609 E
608 1581 625 1616 ξ
637 1582 709 1610 nobis

410 1636 452 1644 —-
471 1621 553 1649 vobis
567 1630 633 1649 cum
647 1635 669 1657 χ
681 1622 808 1659 nobiscum

414 1671 449 1700 33
472 1661 516 1689 his
529 1674 551 1697 χ
563 1661 607 1689 bic

335 1711 390 1740 177
432 1711 453 1739 4
471 1708 622 1730 occurrent
650 1701 673 1730 E
693 1701 709 1736 ξ
733 1708 877 1731 torruerent
903 1712 924 1736 χ
950 1710 1035 1728 occur-

510 1747 595 1770 terent

433 1790 450 1819 7
472 1781 522 1819 qui
544 1781 567 1809 E
586 1781 602 1816 ξ
616 1781 685 1819 quid

410 1836 451 1844 —-
470 1822 554 1849 fimus
570 1821 681 1857 sssunms

435 1863 452 1890 8
475 1862 576 1889 Sumus
593 1861 705 1894 &Simus

411 1916 452 1923 --
471 1901 562 1938 igitur
577 1901 592 1934 ξ
605 1903 690 1938 igitur
701 1910 781 1928 onum

416 1951 452 1970 10
472 1939 611 1978 appetitio
624 1941 650 1975 ψ
658 1942 750 1978 petitio

415 1990 426 2009 ι
435 1990 451 2010 2
473 1980 535 2008 sunt
549 1980 579 2009 U
585 1981 643 2018 fint

416 2030 426 2049 1
436 2031 450 2058 3
473 2020 625 2048 secundum
643 2020 666 2048 E
682 2018 869 2058 qnisbcundum

411 2076 451 2084 —
472 2060 516 2088 his
533 2061 610 2099 Ejus

410 2115 452 2125 —
471 2100 585 2129 videtur
599 2100 622 2128 E
637 2099 765 2128 videatur

417 2150 454 2178 14
474 2139 605 2177 plurimis
621 2139 646 2173 ξ,
661 2139 814 2176 xpluribus

418 2190 451 2219 15
476 2179 588 2208 brevius
603 2179 619 2213 ξ
633 2180 748 2212 bre-vius,
763 2181 808 2217 qui

412 2235 454 2243 —
474 2219 517 2247 his
533 2219 559 2253 ξ,
574 2232 597 2256 χ
610 2221 657 2247 vis

413 2275 454 2283 --
473 2260 586 2288 videtur
599 2259 625 2293 ξ,
637 2272 661 2296 χ
673 2258 799 2287 videatur

417 2302 452 2328 18
475 2299 571 2328 iisdem
588 2300 610 2327 E
627 2299 642 2332 ξ
656 2301 708 2330 istis

419 2349 454 2378 ¹9
476 2347 581 2368 naturae
598 2339 620 2367 E
637 2339 697 2372 ξεκ
711 2347 809 2367 natura

417 2389 449 2408 21
475 2379 660 2412 deserueritis,
684 2380 838 2419 omniaque
861 2378 884 2409 E
900 2378 1038 2415 gdtfiren:

515 2421 611 2453 mnia,
625 2421 702 2449 etiam

1088 356 1148 424 1:77
1174 395 1205 413 21
1232 394 1296 414 cum
1311 398 1334 423 χ
1347 386 1376 412 d.

1168 440 1208 446 —
1228 434 1354 453 natnram
1370 438 1393 462 χ
1406 424 1432 452 d.

1172 475 1209 501 24
1231 465 1283 492 sint
1295 466 1388 502 xsune

1133 514 1166 543 23
1191 504 1314 532 hominis
1338 503 1364 539 ψ
1378 504 1485 532 hominis
1519 501 1573 540 (ab
1600 503 1639 533 al.
1663 515 1740 533 manu
1759 503 1796 534 ad

1269 545 1358 576 oram)

1172 582 1208 610 26
1230 582 1298 610 licet
1313 583 1342 610 U
1356 583 1382 616 ξ,
1394 596 1426 620 χ,
1441 581 1467 617 ψ
1481 582 1560 610 liceat

1170 637 1211 643 —-
1231 623 1305 650 enim
1322 623 1347 656 ψ
1362 632 1444 651 autem

1172 663 1208 690 28
1231 663 1318 690 vester
1334 664 1356 691 E
1372 663 1402 691 U
1416 662 1442 695 ξ,
1455 674 1480 699 χ
1492 663 1571 700 noster

1172 711 1208 738 3²
1231 701 1292 730 sunt
1308 703 1330 730 E
1346 701 1376 730 U
1390 703 1469 740 §stur

1170 756 1210 763 —
1230 749 1258 770 et
1276 743 1298 770 E
1314 742 1330 776 ξ
1344 742 1392 770 vel

1173 791 1207 820 35
1232 782 1283 810 {int
1298 782 1391 817 Efiant

1095 822 1150 859 178
1195 832 1210 850 2
1226 831 1320 850 earum
1335 823 1358 851 E
1374 822 1390 856 ξ
1406 830 1489 850 eorum

1194 871 1209 899 3
1233 872 1262 890 re
1276 875 1298 899 χ
1312 873 1340 890 re
1359 862 1414 897 (ab
1427 861 1466 890 ol.
1481 873 1558 890 manu
1572 862 1613 890 ad
1620 860 1713 900 oram)

1192 911 1212 937 4
1233 902 1367 940 cujusque
1382 903 1405 931 E
1421 903 1437 937 ξ
1450 902 1616 941 cujuscunque

1192 942 1210 970 6
1232 942 1261 971 id
1277 955 1300 979 χ
1313 943 1338 970 d.

1169 995 1209 1005 ¹..
1232 989 1262 1010 nt
1278 983 1304 1016 ξ’
1318 995 1351 1020 χ’
1366 982 1390 1016 ψ
1405 981 1432 1010 d·

1194 1031 1209 1058 7
1233 1022 1274 1050 uti
1290 1023 1313 1050 E
1331 1022 1359 1050 U
1376 1022 1402 1055 ξ,
1415 1021 1442 1057 ψ
1457 1027 1486 1049 ut

1170 1075 1212 1084 -—
1230 1061 1282 1089 effe
1298 1062 1320 1090 E
1336 1061 1351 1096 ξ
1365 1063 1418 1099 fft
1431 1060 1458 1097 ψ
1472 1062 1499 1090 d.

1175 1110 1206 1130 11
1232 1101 1262 1129 id
1277 1102 1350 1130 neE
1366 1101 1574 1139 Snecxidnec

1176 1150 1209 1169 12
1231 1141 1316 1179 quale
1331 1142 1354 1169 E
1370 1142 1386 1175 ξ
1399 1152 1480 1179 quare

1170 1194 1211 1203 —
1231 1190 1288 1208 non
1304 1181 1327 1209 E
1343 1181 1360 1215 ξ
1373 1180 1443 1209 nihil

1170 1234 1212 1242 —
1230 1229 1370 1259 repugnet
1385 1221 1408 1249 E
1424 1220 1439 1255 ξ
1453 1223 1581 1259 impugnet

1173 1270 1184 1289 1
1193 1263 1208 1289 8
1230 1260 1410 1299 consequitur
1423 1261 1440 1295 ξ
1443 1263 1564 1299 sequitur

1175 1309 1211 1338 19
1233 1300 1288 1329 sole
1300 1300 1385 1338 xsblo

1169 1355 1210 1362 —
1231 1350 1247 1368 a
1260 1354 1284 1378 χ
1297 1342 1335 1368 ad

1173 1390 1208 1418 23
1231 1381 1260 1408 id
1277 1381 1300 1409 E
1317 1380 1332 1414 ξ
1346 1380 1372 1408 d.

1173 1431 1208 1459 25
1232 1420 1300 1458 quia
1314 1420 1344 1449 U
1359 1420 1425 1458 quod

1170 1475 1211 1482 —
1232 1460 1348 1498 aliquod
1364 1459 1392 1495 ψ
1406 1459 1522 1498 aliquam

1170 1514 1211 1522 —
1228 1500 1388 1537 jucundum
1403 1500 1429 1534 ξ,
1443 1500 1611 1540 xjocundam

1169 1555 1210 1562 —
1231 1540 1344 1568 acceffio
1359 1541 1382 1568 E
1399 1540 1428 1569 U
1443 1540 1469 1574 ξ,
1482 1553 1515 1577 χ,
1530 1538 1558 1576 ψ
1571 1539 1726 1577 acceffi‘onem

1173 1580 1210 1608 26
1233 1580 1270 1607 fin
1288 1581 1310 1608 E
1325 1580 1355 1608 U
1371 1580 1398 1614 ξ,
1411 1593 1435 1618 χ
1449 1581 1476 1608 d.
1545 1602 1549 1608 .

1173 1630 1209 1658 3²
1230 1619 1340 1657 adjefta
1355 1620 1384 1648 U
1398 1620 1501 1657 abjcBa

1174 1670 1207 1698 35
1231 1660 1342 1688 laboret
1356 1661 1379 1688 E
1395 1660 1494 1689 labores

1171 1714 1212 1721 ·-·
1233 1701 1273 1728 At
1290 1700 1312 1727 E
1329 1706 1378 1728 aut

1170 1754 1210 1761 ·-—
1231 1747 1260 1768 et
1275 1740 1298 1767 E
1313 1748 1342 1767 ut

1095 1788 1150 1818 ¹79
1194 1790 1208 1817 3
1232 1788 1264 1807 ac
1280 1780 1302 1807 E
1317 1782 1396 1807 etiam
1410 1779 1440 1808 U
1454 1786 1515 1817 χει

1192 1829 1207 1858 5
1231 1819 1368 1847 excitaret
1383 1820 1406 1847 E
1422 1823 1547 1847 excitares

1175 1868 1210 1887 ιο
1232 1869 1294 1897 quae
1308 1859 1398 1896 posita
1411 1860 1447 1887 est
1462 1860 1516 1894 E}
1529 1859 1637 1897 quaefita

1175 1908 1185 1927 Ι
1196 1909 1210 1927 2
1231 1899 1292 1927 haec
1307 1900 1330 1927 E
1346 1900 1372 1927 d.
1388 1900 1403 1933 ξ
1417 1908 1500 1927 tamen

1175 1940 1210 1968 16
1232 1939 1360 1968 omnium
1373 1940 1411 1968 est
1423 1939 1519 1978 aliqua
1533 1939 1557 1968 E
1569 1939 1585 1974 ξ
1598 1940 1632 1978 q?
1645 1946 1730 1969 autem
1742 1937 1796 1978 om}

1271 1990 1342 2008 'Ilum

1169 2032 1210 2040 ¹—
1229 2019 1325 2058 aliqua
1339 2020 1354 2054 ξ
1367 2020 1394 2048 d.

1170 2073 1212 2080 —
1232 2067 1292 2088 tum
1309 2060 1331 2088 E
1347 2066 1407 2088 tunc

1175 2100 1210 2127 18
1233 2099 1265 2128 fit
1278 2112 1301 2137 χ
1314 2099 1340 2130 d.

1175 2147 1185 2166 1
1194 2148 1210 2176 9
1233 2140 1312 2177 Quid
1326 2153 1350 2177 χ
1361 2140 1441 2177 Qod

1174 2187 1212 2207 20
1233 2179 1312 2208 nulla
1325 2181 1348 2208 E
1365 2180 1394 2208 U
1410 2180 1435 2214 ξ,
1449 2180 1474 2214 ψ
1487 2178 1570 2209 multa

1173 2228 1212 2255 24
1226 2228 1275 2248 aur
1289 2233 1311 2257 χ
1324 2222 1351 2248 d.

1173 2259 1210 2287 26
1232 2267 1331 2288 natura
1346 2260 1376 2288 U
1390 2273 1411 2295 χ
1426 2268 1529 2290 naturae

1174 2300 1210 2327 28
1231 2300 1317 2328 modo
1331 2300 1359 2337 ξ,
1372 2313 1394 2335 χ
1407 2301 1433 2327 d.

1174 2348 1206 2376 3¹
1231 2341 1316 2368 etiam
1333 2341 1356 2368 E
1370 2348 1453 2367 aurem

1169 2393 1212 2401 —·
1232 2380 1394 2417 constatque
1411 2380 1434 2407 E
1449 2379 1607 2416 constantque

1174 2429 1211 2458 32
1231 2419 1442 2450 conservabitur
1456 2420 1480 2448 E
1493 2417 1701 2457 conservabimus·
