2330 2983
622 265 701 306 266
932 260 1708 302 TUSCULANARUM

619 364 673 404 est
692 363 797 402 enim
830 360 1001 415 profecto
1029 360 1184 400 homini
1214 360 1418 414 prudentia
1436 359 1612 406 dulcius;
1642 373 1774 414 quam,
1809 368 1852 399 ut
1881 369 2015 400 caetera

620 429 777 474 auferat,
809 426 917 466 affert
946 435 1047 466 certe
1067 427 1248 466 senectus.
1298 428 1397 480 Qae
1421 440 1510 465 vero
1543 435 1629 466 aetas
1659 426 1775 480 longa
1802 426 1883 465 est?
1932 428 2015 465 Aut

621 494 718 547 quid
735 494 897 533 omnino
916 492 1069 531 homini
1087 492 1279 546 longum?
1310 492 1455 530 Nonne
1474 492 1592 531 modo
1610 505 1761 545 pueros,
1785 491 1903 531 modo
1921 492 2015 530 ado-

619 559 815 605 lescentes,
850 560 890 597 in
910 559 1035 604 cursu,
1067 572 1088 597 a
1108 568 1213 612 tergo
1232 557 1448 610 insequens,
1478 571 1549 597 nec
1568 558 1766 611 opinantes
1786 557 1945 597 affecuta
1963 556 2016 595 est

621 626 790 665 senectus
809 626 823 663 ?
854 625 925 664 Sed
944 625 1035 677 quia
1056 624 1154 663 ultra
1180 623 1279 663 nihil
1299 623 1502 669 habemus,
1531 623 1608 663 hoc
1637 624 1800 677 longum
1819 623 2013 662 ducimus.

623 693 770 731 Omnia
789 691 868 737 ista,
898 691 1055 744 perinde
1073 700 1118 730 ut
1136 692 1277 744 cuique
1295 691 1381 729 data
1399 691 1499 736 sunt,
1516 704 1586 744 pro
1601 699 1679 729 rata
1697 699 1801 743 parte
1820 699 1884 729 aut
1903 690 2017 742 longa

620 767 688 798 aut
718 757 847 796 brevia
878 757 1072 795 dicuntur.
1107 757 1228 809 Apud
1248 757 1451 809 Hypanim
1470 755 1648 801 fiuvium,
1675 757 1744 807 qui
1773 756 1820 794 ab
1851 757 2016 809 Europae

621 832 728 877 parte
747 823 788 861 in
808 823 979 862 Pontum
1010 821 1153 867 influit,
1184 821 1404 860 Aristoteles
1423 822 1475 859 ait
1495 821 1669 859 bestiolas
1689 819 1871 873 quasdam
1899 820 2015 865 nasci,

621 903 708 942 quae
727 902 851 928 unum
871 887 974 926 diem
994 887 1138 926 vivant.
1176 888 1238 925 Ex
1257 886 1318 926 his
1339 887 1471 940 igitur,
1493 885 1586 925 hora
1604 887 1736 925 octava
1754 899 1839 939 quae
1867 895 2020 924 mortua

622 954 689 1000 est,
719 956 895 1008 proveeta
914 963 1019 993 aetate
1048 962 1201 992 mortua
1218 953 1297 991 est:
1328 967 1412 1005 quae
1445 966 1535 991 vero
1555 952 1753 991 occidente
1770 951 1859 997 sole,
1887 951 2018 990 decre-

623 1021 727 1075 pita3
757 1034 802 1060 eo
821 1020 959 1073 magiS,
989 1019 1016 1058 fi
1035 1020 1151 1058 etiam
1171 1019 1356 1058 solstitiali
1375 1019 1448 1058 die.
1510 1017 1655 1058 Confer
1678 1018 1843 1057 nostram
1872 1018 2017 1071 longis-

622 1085 759 1126 simam
779 1094 928 1125 aetatem
947 1098 1040 1123 cum
1063 1085 1283 1131 aeternitate,
1303 1085 1344 1123 in
1363 1085 1497 1123 eadem
1516 1084 1800 1138 propemodum
1820 1083 2016 1128 brevitate,

622 1165 700 1204 qua
718 1150 794 1190 illae
814 1150 992 1195 bestiolae,
1014 1151 1259 1203 reperiemur.

678 1217 769 1255 XL.
800 1216 1106 1254 Contemnamus
1122 1215 1240 1267 igitur
1258 1227 1392 1254 omnes
1412 1215 1573 1268 ineptias
1590 1232 1602 1260 ς
1626 1214 1749 1267 (quod
1774 1214 1880 1253 enim
1899 1213 2019 1252 levius

623 1281 719 1321 huic
749 1281 896 1319 levitati
929 1293 1072 1319 nomen
1105 1281 1305 1333 imponam
1323 1281 1356 1333 ?)
1388 1289 1589 1333 totamque
1621 1280 1702 1318 vim
1738 1280 1835 1318 bene
1866 1280 2020 1318 vivendi

623 1347 666 1385 in
699 1346 819 1384 animi
850 1345 983 1384 robore
1012 1358 1056 1384 ac
1076 1346 1357 1397 magnitudine,
1385 1354 1423 1384 et
1448 1346 1487 1383 in
1516 1345 1696 1384 omnium
1721 1358 1848 1382 rerum
1876 1343 2019 1383 huma-

624 1425 762 1451 narum
781 1411 1070 1464 contemptione
1089 1425 1132 1449 ac
1152 1410 1408 1464 despicientia,
1437 1419 1475 1449 et
1508 1410 1548 1448 in
1568 1411 1677 1449 omni
1707 1410 1862 1455 virtute,
1898 1424 2020 1463 pona-

624 1490 727 1517 mus.
759 1477 865 1515 Nam
886 1489 989 1514 nunc
1017 1476 1176 1528 quidem
1196 1476 1494 1529 cogitationibus
1516 1474 1784 1514 molestiffimis
1803 1475 2020 1514 effoemina-

625 1557 728 1587 mur,
751 1551 806 1587 ut,
832 1542 858 1580 fi
878 1551 964 1579 ante
982 1554 1086 1579 mors
1106 1541 1283 1580 adventet
1301 1555 1418 1594 quam
1440 1540 1710 1580 Chaldaeorum
1730 1541 1907 1595 promiffa
1925 1555 2021 1581 con-

626 1609 745 1648 secuti
760 1608 906 1652 sumu8‚
925 1607 1077 1660 spoliati,
1089 1607 1237 1660 magnis
1253 1608 1482 1660 quibusdam
1498 1607 1624 1652 bonis,
1647 1607 1759 1652 illufi,
1776 1607 2022 1660 destitutique

627 1675 836 1713 videamur.
883 1673 1001 1724 Qod
1023 1673 1047 1710 fi
1068 1673 1302 1725 expefftando
1321 1682 1359 1711 et
1377 1673 1618 1712 desiderando
1636 1673 1848 1725 pendemus
1869 1674 2021 1717 animis,

626 1739 855 1783 cruciamur,
876 1738 1078 1790 angimur3
1115 1751 1185 1790 pro
1206 1739 1273 1776 Dii
1301 1739 1537 1777 immortales
1556 1739 1563 1775 !
1602 1752 1717 1791 quam
1739 1739 1810 1777 iter
1839 1739 1937 1777 illud
1951 1741 2019 1791 ju-

626 1805 799 1844 cundum
820 1804 890 1842 effe
911 1803 1037 1849 debet,
1060 1817 1138 1855 quo
1158 1803 1349 1849 confecto,
1373 1804 1477 1842 nulla
1496 1805 1643 1857 reliqua
1660 1818 1763 1850 cura,
1790 1805 1895 1842 nulla
1915 1805 2020 1844 solli-

628 1871 760 1909 citudo
779 1869 909 1909 futura
929 1869 972 1907 sit
991 1868 998 1905 !
1033 1870 1165 1921 Qam
1199 1883 1262 1907 me
1282 1869 1441 1907 delcetat
1461 1868 1721 1908 Theramenes
1741 1869 1748 1907 ἔ
1780 1883 1898 1922 quam
1924 1871 2024 1910 elato

626 1937 763 1975 animo
781 1935 858 1974 est!
891 1935 972 1973 Etsi
1006 1934 1112 1972 enim
1144 1934 1295 1979 flemus,
1326 1948 1418 1973 cum
1439 1935 1619 1987 legimus,
1650 1945 1778 1974 tamen
1809 1948 1887 1974 non
1908 1937 2023 1975 mise-

629 2001 797 2041 rabiliter
829 2002 886 2038 vir
915 1999 1037 2038 clarus
1057 1999 1256 2038 emoritur.
1308 2000 1403 2050 Qi,
1437 2014 1529 2038 cum
1550 2001 1744 2052 conjectus
1773 2001 1815 2039 in
1832 2014 2024 2041 carcerem

628 2065 901 2119 trigintajussu
933 2073 1196 2116 tyrannorum,
1227 2077 1420 2103 venenum
1451 2074 1493 2103 ut
1515 2065 1640 2103 fitiens
1666 2065 1895 2111 obduxiffet,
1933 2067 2022 2105 reli-

631 2146 756 2185 quum
786 2131 836 2170 fic
857 2146 876 2169 e
907 2131 1047 2184 poculo
1073 2131 1199 2182 ejecit,
1230 2140 1273 2168 ut
1307 2130 1345 2168 id
1376 2130 1587 2176 resonaret;
1619 2144 1698 2184 quo
1719 2131 1841 2170 sonitu
1861 2132 2022 2178 reddito,

629 2199 809 2242 arridens,
839 2197 1011 2250 Propino,
1042 2196 1183 2249 inquit,
1213 2197 1276 2235 boc
1294 2197 1422 2249 pulcro
1443 2197 1588 2242 Cm'tiae,
1618 2197 1686 2249 qui
1720 2197 1761 2235 in
1790 2211 1881 2236 eum
1902 2197 2024 2238 fuerat

630 2263 862 2302 teterrimus.
913 2262 1040 2300 Graeci
1061 2262 1165 2300 enim
1196 2262 1235 2299 in
1264 2262 1449 2301 conviviis
1486 2262 1605 2300 solent
1626 2263 1838 2308 nominare,
1867 2264 1932 2302 cui
1951 2278 2024 2317 po-

631 2329 765 2367 culum
785 2327 958 2366 tradituri
976 2327 1061 2365 sint.
1083 2327 1191 2365 Lufit
1212 2327 1268 2365 vir
1287 2328 1461 2380 egregius
1478 2337 1651 2366 extremo
1671 2328 1819 2381 spiritu,
1835 2341 1926 2367 cum
1941 2330 2024 2382 jam

634 2394 848 2446 praecordiis
882 2402 1107 2445 conceptam
1141 2401 1309 2431 mortem
1335 2393 1577 2432 contineret:
1609 2408 1770 2447 vereque
1789 2394 1838 2439 ei,
1870 2396 1938 2447 qui
1959 2408 2024 2433 ve-

635 2475 777 2499 ncnum
799 2460 1021 2513 praebucrat,
1051 2468 1217 2497 mortem
1246 2459 1300 2497 cst
1319 2473 1402 2497 cam
1424 2470 1641 2512 auguratus,
1663 2474 1748 2513 qua:
1769 2461 1872 2499 brevi
1892 2461 2024 2500 conse-

635 2536 723 2564 cuta
741 2527 806 2564 cst.
841 2526 941 2578 Qis
961 2524 1059 2563 hanc
1079 2526 1197 2564 animi
1219 2526 1378 2564 maximi
1406 2527 1625 2578 aequitatem
1647 2528 1684 2565 in
1707 2527 1785 2580 ipsa
1803 2536 1924 2566 morte
1941 2528 2024 2565 lau-

633 2592 751 2636 daret,
784 2592 806 2630 si
830 2601 994 2630 mortem
1015 2590 1164 2631 malum
1187 2591 1406 2644 judicaret?
1440 2592 1553 2631 Vadit
1574 2593 1612 2632 in
1632 2592 1798 2633 eundem
1819 2605 2025 2638 carcerem,
