2330 2983
587 247 662 287 ¹54
1007 231 1111 270 DE
1169 229 1554 270 FINIBUS

581 335 783 388 cognitum
802 334 860 379 fit,
893 343 958 372 aut
987 333 1274 386 conjunctione,
1303 341 1368 370 aut
1388 330 1652 375 fimilitudine,
1682 323 1748 369 aiut
1776 331 1993 371 collau'one‘

582 401 737 440 rationis
753 418 765 446 ς
797 399 872 438 hoc
906 408 1055 451 quarto,
1091 399 1198 451 quod
1229 406 1449 437 extremum
1472 397 1597 450 posui,
1626 397 1821 436 bonorum
1846 397 1990 437 notitia·

581 465 679 504 fasta
697 466 763 504 est.
796 467 902 504 Cum
922 466 1028 503 enim
1047 465 1094 503 ab
1126 465 1172 503 iis
1193 465 1319 509 rebus,
1351 478 1437 517 quae
1456 464 1542 503 sunt
1561 463 1772 503 secundum
1792 472 1988 508 naturam,

581 531 748 570 ascendit
768 532 920 569 animus
947 530 1153 569 collatione
1172 531 1345 574 rationis,
1378 539 1464 568 tum
1483 529 1530 568 ad
1551 529 1751 568 notionem
1771 530 1866 569 boni
1894 542 1988 583 per-

583 597 702 635 venit.

637 663 730 701 Hoc
763 671 894 700 autem
925 661 1052 715 ipsum
1084 662 1250 706 bonum,
1279 675 1356 699 non
1378 661 1598 706 acceffione‚
1620 673 1744 713 neque
1763 659 1984 706 crescendo,

582 737 649 767 aut
668 742 760 767 cum
790 729 933 766 caeteris
965 727 1238 780 comparando,
1269 727 1330 765 sed
1349 728 1501 780 propria
1531 728 1567 764 vi
1594 727 1657 764 sua
1675 736 1715 765 et
1739 726 1924 766 sentimus
1944 735 1992 765 et*

582 795 820 848 appellamus
841 794 1004 833 bonum.
1051 795 1108 831 Ut
1127 794 1234 831 enim
1255 793 1349 837 mel,
1380 793 1446 831 etfi
1466 792 1731 830 dulciffimum
1749 792 1816 837 est,
1837 793 1903 831 suo
1922 802 1984 831 ta-

583 874 672 898 men
693 859 848 912 proprio
866 872 1003 912 genere
1024 859 1177 911 saporis,
1208 872 1286 896 non
1316 858 1603 910 comparatione
1621 871 1719 896 cum
1735 857 1834 902 aliis,
1867 857 1992 896 dulce*

582 925 652 963 effe
673 925 858 970 sentitur3
890 924 939 962 sic
960 925 1109 963 bonum
1140 923 1230 968 hoc,
1261 924 1308 962 de
1327 937 1406 977 quo
1430 925 1596 976 agimus,
1627 923 1681 962 est
1704 923 1804 962 illud
1822 923 1992 976 quidem-

582 991 743 1044 plurimi
773 990 1054 1035 aestimandum,
1084 990 1145 1028 sed
1165 1004 1207 1027 ea
1237 989 1436 1028 aestimatio
1464 1003 1602 1042 genere
1621 990 1734 1034 valet,
1764 1002 1843 1027 non
1870 1003 1991 1042 mag--

583 1057 772 1095 nitudine.
832 1057 939 1095 Nam
976 1070 1070 1094 cum
1104 1056 1317 1101 aestimatio,
1358 1070 1443 1108 quae
1473 1052 1554 1102 ἀξία-
1592 1056 1748 1100 dicitur,
1788 1069 1912 1108 neque
1940 1056 1982 1094 in

583 1123 693 1161 bonis
725 1132 924 1160 numerata
952 1122 1011 1167 fit,
1042 1135 1166 1175 neque
1204 1120 1328 1160 rursus
1367 1122 1407 1159 in
1444 1121 1556 1160 malis
1574 1140 1585 1167 ς
1635 1131 1982 1174 quantumcunque

580 1200 627 1226 eo
646 1187 845 1232 addideris,
877 1187 918 1225 in
937 1187 1004 1226 suo
1022 1200 1159 1240 genere
1179 1187 1364 1226 manebit.
1395 1187 1485 1225 Alia
1503 1186 1556 1224 est
1575 1187 1694 1239 igitur
1713 1187 1864 1240 propria
1882 1187 1982 1225 aesti-

580 1254 702 1291 matio
721 1253 872 1291 virtutis
888 1271 901 1297 5
932 1266 1016 1304 quae
1035 1266 1187 1304 genere,
1209 1267 1286 1291 non
1307 1252 1523 1297 crescendo,
1549 1253 1661 1291 valet.

635 1319 723 1357 Nec
754 1332 842 1356 vero
868 1318 1170 1370 perturbationes
1202 1319 1436 1363 animorum,
1471 1332 1556 1370 quae
1575 1319 1696 1357 vitam
1715 1317 1980 1370 insipientium

579 1384 756 1422 miseram
789 1384 1043 1436 acerbamque
1074 1384 1239 1423 reddunt
1272 1385 1383 1437 (quas
1409 1384 1538 1422 Graeci
1559 1378 1639 1428 πάθη
1659 1383 1875 1437 appellant:
1907 1397 1980 1436 po-

578 1460 697 1488 teram
724 1463 796 1503 ego
828 1450 989 1488 verbum
1022 1450 1150 1503 ipsum
1180 1435 1446 1503 interpretdnffl
1479 1449 1636 1488 morbos
1670 1449 1885 1503 appellare;
1917 1449 1990 1488 sed<

578 1529 656 1554 non
677 1516 897 1554 conveniret
927 1515 973 1553 ad
993 1516 1150 1554 omnia:
1183 1517 1270 1568 quis
1290 1517 1396 1554 enim
1423 1515 1739 1561 misericordiam,
1774 1525 1838 1554 aut
1857 1515 1983 1569 ipsam>

577 1581 829 1627 iracundiam,
862 1581 1047 1619 morbum
1066 1581 1160 1619 solet
1180 1581 1306 1620 dicere
1324 1582 1336 1619 ?
1367 1591 1405 1619 at
1433 1581 1493 1619 illi
1512 1581 1648 1619 dicunt
1667 1577 1778 1625 πάθος.
1824 1581 1880 1620 Sit
1902 1581 1982 1634 igi-

577 1658 639 1686 tur
651 1648 898 1701 perturbatio,
931 1661 1016 1700 quae
1036 1649 1194 1688 nomine
1224 1648 1306 1701 ipso
1324 1647 1458 1687 vitiosa
1476 1647 1659 1686 declarari
1676 1647 1827 1686 videtur
1842 1649 1874 1699 ;)
1907 1661 1978 1686 nec

574 1713 635 1752 hae
653 1714 958 1767 perturbationes
991 1714 1028 1751 vi
1061 1714 1188 1766 aliqua
1218 1714 1381 1753 naturali
1415 1723 1648 1759 moventur;
1680 1713 1886 1766 omnesque
1918 1713 1978 1752 hae

575 1779 661 1817 sunt
680 1793 816 1833 genere
836 1789 1013 1832 quatuor,
1045 1780 1216 1832 partibus
1237 1780 1381 1832 plures,
1403 1780 1601 1833 aegritudo,
1631 1779 1817 1825 formido,
1838 1779 1976 1825 libido,

576 1859 770 1898 quamque
790 1845 908 1884 Stoici
928 1845 1133 1884 communi
1155 1846 1313 1885 nomine
1333 1847 1503 1899 corporis
1530 1855 1568 1884 et
1588 1846 1708 1884 animi
1729 1839 1823 1887 ἡδσνῆν
1842 1846 1976 1898 appel·

573 1911 667 1957 lant,
682 1925 754 1964 ego
774 1911 878 1949 malo
898 1911 1073 1950 laetitiam
1092 1912 1295 1965 appellare,
1313 1912 1414 1965 quasi
1427 1912 1620 1964 gestientis
1633 1912 1753 1950 animi
1769 1911 1978 1950 elationem

575 1977 845 2030 voluptariam.
898 1978 1206 2016 perturbationes
1227 1988 1353 2016 autem
1376 1979 1482 2016 nulla
1501 1988 1644 2022 naturae
1664 1978 1701 2015 vi
1719 1991 1975 2016 commoven-

574 2051 659 2087 πυτς
692 2043 900 2095 omniaque
927 2055 969 2080 ea
988 2042 1074 2081 sunt
1094 2043 1293 2097 opiniones
1324 2056 1366 2081 ac
1381 2044 1529 2095 judicia
1549 2043 1727 2080 levitatis.
1760 2043 1894 2095 Itaque
1913 2042 1975 2081 his

575 2107 718 2160 sapiens
738 2107 884 2161 semper
904 2108 1066 2147 vacabit.

631 2173 702 2211 XI.
737 2174 869 2212 Omne
887 2184 1031 2219 autem,
1065 2175 1168 2226 quod
1190 2174 1393 2213 honestum
1422 2177 1482 2220 iit,
1514 2175 1553 2213 id
1573 2174 1644 2214 ess'e
1676 2184 1828 2228 propter
1848 2175 1883 2213 se
1903 2189 1971 2214 ex-

575 2239 797 2292 petendum,
827 2254 1037 2279 commune
1058 2241 1168 2280 nobis
1188 2242 1239 2280 cst
1259 2256 1352 2280 cum
1374 2241 1588 2280 multorum
1615 2242 1779 2280 aliorum
1800 2240 1971 2294 philoso-

574 2305 740 2358 phorum
770 2306 980 2345 sententiis.
1025 2309 1162 2347 Praeter
1192 2309 1297 2347 enim
1330 2319 1402 2346 tres
1422 2308 1657 2361 disciplinas,
1685 2322 1769 2361 qum
1789 2308 1972 2347 virtutem

574 2385 594 2408 a
615 2371 767 2411 summo
788 2373 891 2411 bono
910 2373 1137 2419 excludunt,
1169 2375 1312 2413 cacteris
1333 2375 1516 2413 omnibus
1538 2374 1776 2427 philosophis
1806 2372 1887 2413 hacc
1919 2375 1970 2413 est

575 2437 715 2476 tuenda
748 2438 944 2483 sententia,
975 2440 1143 2479 maxime
1175 2450 1300 2478 tamen
1323 2439 1382 2478 his
1404 2441 1554 2485 Stoicis,
1585 2441 1652 2493 qui
1688 2439 1785 2479 nihil
1806 2439 1910 2479 aliud
1930 2440 1971 2479 in

575 2503 766 2542 bonorum
789 2519 965 2552 numero,
987 2506 1053 2545 nili
1075 2505 1292 2552 honestum,
1323 2506 1393 2544 css'c
1414 2506 1632 2545 voluerunt.
1684 2506 1755 2545 Sed
1777 2504 1857 2544 haec
1877 2506 1968 2559 qui-

572 2568 662 2608 dem
695 2570 745 2608 est
774 2571 962 2624 perfacilis
993 2582 1030 2611 ct
1057 2574 1295 2626 perexpedita
1316 2572 1495 2612 defensio.
1545 2574 1646 2626 Qis
1667 2573 1719 2612 est
1747 2572 1869 2618 enim,
1903 2581 1968 2610 aut
