2330 2983
603 232 676 259 112
1007 216 1108 254 DE
1195 211 1576 252 FINIBUS

594 313 890 354 innumerabiles
911 313 1052 365 potius,
1070 325 1147 350 non
1169 319 1247 349 tam
1267 309 1444 355 curiosos,
1466 322 1535 348 nec
1556 318 1635 347 tam
1657 306 1850 351 molestos,
1871 319 1988 359 quam

595 393 661 417 vos
692 379 801 422 estis;
841 379 996 430 quibus,
1032 378 1225 430 quidquid
1256 377 1387 421 velim,
1427 374 1540 414 facile
1574 373 1829 427 persuadeam.
1880 372 1989 424 Qid

593 458 684 496 ergo
709 444 944 488 dubitamus,
975 443 1085 495 quin,
1116 443 1157 487 fi,
1188 456 1264 480 non
1284 441 1422 485 dolere,
1453 440 1626 493 voluptas
1653 439 1697 477 s1t
1717 438 1880 483 summa,
1911 450 1989 475 non

593 509 664 547 effe
685 510 724 547 in
746 509 952 561 voluptate,
982 508 1090 546 dolor
1110 508 1154 545 fit
1174 507 1394 546 maximus?
1433 507 1514 544 Cur
1533 505 1572 543 id
1592 518 1669 543 non
1696 505 1747 542 ita
1771 503 1817 542 fit
1835 503 1847 539 ?
1886 502 1990 556 Qia

591 575 714 613 dolori
733 588 811 613 non
831 575 1003 627 voluptas
1022 574 1208 612 contraria
1225 573 1291 618 est,
1327 572 1388 610 sed
1409 571 1549 610 doloris
1571 570 1744 623 privatio.

648 641 699 678 X.
732 641 823 679 Hoc
844 653 931 677 vero
951 653 1026 677 non
1049 639 1187 683 videre,
1218 638 1390 676 maximo
1417 645 1643 689 argumento
1662 634 1728 680 est,
1749 634 1819 672 effe
1848 633 1987 686 volup-

594 715 712 744 tatem
733 706 854 749 illam,
891 719 966 756 qua
995 705 1153 748 sublata,
1184 713 1296 756 neget
1315 703 1349 741 se
1378 702 1592 754 intelligere
1611 701 1787 745 omnino,
1817 699 1912 752 quid
1945 699 1990 736 fit

595 772 756 810 bonum.
807 771 905 808 Eam
933 779 1059 808 autem
1092 771 1144 807 ita
1175 769 1426 822 persequitur,
1466 781 1551 819 quae
1584 766 1710 818 palato
1742 765 1987 817 percipiatur,

592 851 677 888 quae
697 836 848 874 auribus
865 850 872 872 :
905 844 1036 873 caetera
1060 834 1180 878 addit,
1197 848 1281 885 quae
1301 833 1326 871 fi
1347 831 1528 886 appelles,
1549 830 1673 870 honos
1693 828 1907 883 praefandus
1927 829 1986 867 fit.

592 903 683 940 Hoc
715 901 832 954 igitur
862 900 967 953 quod
998 900 1122 938 solum
1157 900 1307 938 bonum
1336 898 1480 937 severus
1511 906 1549 935 et
1579 895 1701 949 gravis
1736 893 1988 948 philosophus

592 967 712 1011 novit,
749 967 852 1004 idem
883 979 960 1004 non
987 966 1156 1004 videtne
1175 963 1436 1018 expetendum
1465 962 1625 1015 quidem
1651 960 1736 1006 effe,
1767 959 1874 1013 quod
1903 973 1988 998 eam

591 1032 828 1085 voluptatem
861 1030 936 1069 hoc
967 1031 1103 1069 eodem
1135 1031 1284 1068 austere
1317 1043 1395 1068 non
1426 1027 1692 1071 defideremus,
1731 1039 1824 1065 cum
1857 1024 1988 1064 dolore

590 1110 808 1136 careamus:
839 1110 1061 1149 quanquam
1081 1095 1162 1134 haec
1183 1095 1269 1134 sunt
1288 1094 1487 1134 contraria.

647 1164 728 1201 Hic
754 1163 780 1201 fi
807 1161 964 1201 definire
983 1172 1021 1200 et
1039 1161 1205 1200 dividere
1233 1160 1435 1205 didicisset,
1466 1159 1492 1198 si
1523 1157 1708 1211 loquendi
1738 1157 1834 1202 vim,
1864 1156 1892 1195 fi
1918 1156 1986 1194 de-

590 1229 707 1280 nique
726 1227 1042 1266 consuetudinem
1062 1227 1266 1264 verborum
1287 1235 1442 1270 teneret,
1474 1237 1673 1277 nunquam
1693 1224 1734 1261 in
1755 1232 1874 1261 tantas
1891 1222 1984 1260 sale-

592 1295 676 1332 bras
694 1293 895 1332 incidisset.
944 1293 1064 1331 Nunc
1085 1292 1202 1337 vides,
1239 1292 1334 1344 quid
1354 1290 1480 1329 faciat.
1528 1290 1660 1340 Qam
1680 1302 1794 1327 nemo
1815 1301 1985 1341 unquam

588 1360 826 1412 voluptatem
846 1358 1023 1412 appellat,
1045 1367 1083 1396 et
1101 1356 1200 1396 hanc
1219 1357 1260 1395 in
1280 1366 1392 1395 motu
1407 1356 1661 1409 voluptatem,
1682 1368 1767 1407 quae
1787 1354 1864 1392 duo
1883 1353 1984 1398 sunt,

589 1445 712 1469 unum
739 1429 845 1468 facit.
896 1430 958 1468 Sic
978 1429 1084 1467 enim
1103 1427 1170 1467 has
1191 1428 1319 1466 suaves
1345 1437 1383 1465 et
1409 1427 1512 1480 quafi
1532 1426 1662 1464 dulces
1682 1425 1896 1479 voluptates
1916 1438 1985 1478 ap-

589 1497 720 1550 pellat.
771 1495 969 1534 Interdum
990 1495 1042 1532 ita
1061 1502 1254 1538 extenuat,
1282 1502 1325 1531 ut
1344 1493 1420 1531 M’.
1439 1493 1606 1531 Curium
1626 1500 1736 1544 putes
1756 1491 1890 1544 loqui:
1921 1491 1984 1529 in-

589 1562 742 1601 terdum
762 1562 814 1600 ita
833 1561 974 1605 laudat,
1005 1568 1061 1605 ut,
1092 1559 1186 1615 quid
1211 1568 1388 1612 praeterea
1417 1558 1462 1597 fit
1486 1558 1649 1603 bonum,
1680 1566 1792 1610 neget
1818 1556 1853 1595 se
1883 1555 1986 1610 poffe

588 1642 636 1667 ne
658 1627 832 1680 suspicari
853 1625 1026 1678 quidem.
1075 1626 1173 1676 Qae
1193 1625 1277 1677 jam
1310 1624 1431 1663 oratio
1451 1637 1528 1662 non
1548 1636 1569 1661 a
1587 1621 1818 1677 philosopho
1837 1622 1982 1675 aliquo,

587 1695 649 1733 sed
669 1707 689 1731 a
707 1692 874 1736 censore,
898 1691 1151 1744 opprimenda
1169 1691 1234 1730 est.
1285 1691 1378 1730 Non
1399 1690 1451 1728 est
1470 1689 1574 1728 enim
1596 1689 1735 1727 vitium
1755 1688 1795 1727 in
1815 1690 1984 1727 oratione

584 1760 722 1804 solum,
748 1757 809 1796 sed
826 1757 944 1796 etiarn
964 1758 1002 1795 in
1023 1757 1210 1795 moribus.
1250 1757 1464 1795 Luxuriam
1486 1769 1562 1795 non
1582 1753 1837 1809 reprehendit,
1866 1755 1984 1793 modo

587 1826 631 1865 sit
651 1820 767 1864 vacua
786 1823 937 1862 infinita
956 1823 1166 1876 cupiditate
1186 1832 1223 1861 et
1244 1823 1397 1861 timore.

642 1892 732 1930 Hoc
763 1890 850 1928 loco
879 1888 1086 1941 discipulos
1117 1901 1280 1940 quaerere
1310 1888 1474 1932 videtur,
1505 1897 1561 1933 ut,
1597 1887 1665 1939 qui
1696 1886 1789 1925 asoti
1817 1886 1888 1924 effe
1916 1899 1983 1923 ve-

586 1957 674 2001 lint,
713 1953 930 2008 philosophi
961 1963 1046 1991 ante
1076 1953 1182 1991 fiant.
1237 1955 1272 1992 A
1299 1954 1439 2006 primo,
1475 1962 1518 1991 ut
1543 1953 1694 2005 opinor,
1724 1952 1983 1990 animantium

585 2032 671 2061 ortu
694 2022 835 2074 petitur
855 2020 963 2073 origo
982 2019 1123 2058 summi
1145 2019 1251 2058 boni.
1302 2019 1426 2057 Simul
1458 2028 1572 2071 atque
1599 2027 1732 2056 natum
1753 2017 1893 2055 animal
1914 2017 1980 2062 est,

585 2089 725 2142 gaudet
745 2087 953 2139 voluptate,
983 2095 1021 2123 et
1048 2099 1131 2123 eam
1158 2085 1316 2138 appetit,
1349 2094 1391 2123 ut
1417 2085 1593 2130 bonum,
1625 2083 1841 2137 aspernatur
1869 2083 1981 2122 dolo-

585 2169 680 2199 rem,
702 2164 744 2192 ut
763 2153 924 2192 malum.
963 2153 1023 2190 De
1045 2152 1153 2190 malis
1174 2162 1302 2189 autem
1322 2161 1359 2189 et
1375 2151 1484 2189 bonis
1502 2151 1548 2189 ab
1566 2151 1609 2188 iis
1631 2150 1876 2195 animalibus,
1896 2163 1981 2202 quae

587 2220 760 2259 nondum
781 2219 978 2271 depravata
998 2217 1083 2262 sint,
1119 2217 1170 2255 ait
1189 2218 1336 2270 optime
1351 2217 1528 2269 judicari.
1577 2217 1672 2255 Haec
1699 2226 1737 2254 et
1758 2225 1799 2254 tu
1827 2216 1879 2254 ita
1907 2229 1979 2268 po·

586 2286 700 2331 suisti,
719 2295 756 2323 et
777 2285 888 2322 verba
908 2283 1024 2322 vestra
1041 2283 1137 2321 sunt.
1173 2285 1303 2335 Qum
1324 2283 1447 2321 multa
1463 2282 1620 2321 vitiosa?
1650 2284 1858 2321 Summum
1874 2282 1979 2320 enim

586 2353 731 2391 bonum
752 2360 789 2389 et
811 2349 956 2388 malum
978 2350 1128 2402 vagiens
1151 2363 1242 2402 puer
1263 2359 1346 2387 utra
1364 2349 1558 2401 voluptate
1578 2348 1818 2400 dijudicabit,
1847 2347 1977 2392 stante,

582 2432 629 2456 an
652 2417 857 2455 movente?
893 2415 1093 2469 quoniam,
1131 2415 1155 2453 si
1182 2415 1253 2453 diis
1281 2415 1417 2468 placet,
1448 2415 1495 2452 ab
1528 2415 1697 2467 Epicuro
1727 2414 1833 2466 loqui
1864 2412 1978 2451 disci-

579 2497 683 2526 muS.
734 2484 770 2522 Si
793 2483 921 2528 stante,
958 2481 1031 2521 hoc
1058 2491 1189 2521 natura
1214 2481 1390 2520 videlicet
1422 2481 1517 2525 vult,
1549 2481 1686 2520 salvam
1707 2479 1778 2520 effe
1797 2479 1845 2526 se,
1875 2478 1979 2533 quod
