<?xml version="1.0" encoding="UTF-8"?>
<!DOCTYPE html PUBLIC "-//W3C//DTD XHTML 1.0 Transitional//EN"
    "http://www.w3.org/TR/xhtml1/DTD/xhtml1-transitional.dtd">
<html xmlns="http://www.w3.org/1999/xhtml" xml:lang="en" lang="en">
 <head>
  <title>
</title>
<meta http-equiv="Content-Type" content="text/html;charset=utf-8" />
  <meta name='ocr-system' content='tesseract 3.04.00' />
  <meta name='ocr-capabilities' content='ocr_page ocr_carea ocr_par ocr_line ocrx_word'/>
</head>
<body>
  <div class='ocr_page' id='page_1' title='image "./operacumindicibu02ciceuoft_0058.png"; bbox 0 0 2330 2983; ppageno 0'>
   <div class='ocr_carea' id='block_1_1' title="bbox 581 188 1649 243">
    <p class='ocr_par' dir='ltr' id='par_1_1' title="bbox 581 188 1649 243">
     <span class='ocr_line' id='line_1_1' title="bbox 581 188 1649 243; baseline -0.001 -14"><span class='ocrx_word' id='word_1_1' title='bbox 581 204 629 243; x_wconf 84' lang='lat'>52</span> <span class='ocrx_word' id='word_1_2' title='bbox 896 190 960 229; x_wconf 91' lang='lat' dir='ltr'>M.</span> <span class='ocrx_word' id='word_1_3' title='bbox 1019 188 1649 229; x_wconf 68' lang='lat' dir='ltr'>T.CICERO&#39;NIS</span> 
     </span>
    </p>
   </div>
   <div class='ocr_carea' id='block_1_2' title="bbox 575 284 1981 2568">
    <p class='ocr_par' dir='ltr' id='par_1_2' title="bbox 580 284 1978 469">
     <span class='ocr_line' id='line_1_2' title="bbox 635 284 1978 339; baseline 0.001 -15"><span class='ocrx_word' id='word_1_4' title='bbox 635 287 722 324; x_wconf 91' lang='lat' dir='ltr'>XL.</span> <span class='ocrx_word' id='word_1_5' title='bbox 755 287 912 324; x_wconf 88' lang='lat' dir='ltr'>Horum</span> <span class='ocrx_word' id='word_1_6' title='bbox 945 287 1091 338; x_wconf 89' lang='lat' dir='ltr'>aliquid</span> <span class='ocrx_word' id='word_1_7' title='bbox 1110 286 1229 324; x_wconf 89' lang='lat' dir='ltr'>vestro</span> <span class='ocrx_word' id='word_1_8' title='bbox 1249 286 1406 339; x_wconf 89' lang='lat' dir='ltr'>sapienti</span> <span class='ocrx_word' id='word_1_9' title='bbox 1436 295 1587 324; x_wconf 89' lang='lat' dir='ltr'>certum</span> <span class='ocrx_word' id='word_1_10' title='bbox 1617 284 1796 330; x_wconf 85' lang='lat' dir='ltr'>videtur;</span> <span class='ocrx_word' id='word_1_11' title='bbox 1827 285 1978 332; x_wconf 60' lang='lat' dir='ltr'>nostro,</span> 
     </span>
     <span class='ocr_line' id='line_1_3' title="bbox 580 349 1971 404; baseline 0 -15"><span class='ocrx_word' id='word_1_12' title='bbox 580 364 628 389; x_wconf 91' lang='lat' dir='ltr'>ne</span> <span class='ocrx_word' id='word_1_13' title='bbox 649 351 742 402; x_wconf 89' lang='lat' dir='ltr'>quid</span> <span class='ocrx_word' id='word_1_14' title='bbox 763 352 932 388; x_wconf 56' lang='lat' dir='ltr'>maxime</span> <span class='ocrx_word' id='word_1_15' title='bbox 951 351 1110 401; x_wconf 89' lang='lat' dir='ltr'>quidem</span> <span class='ocrx_word' id='word_1_16' title='bbox 1130 351 1325 403; x_wconf 84' lang='lat' dir='ltr'>probabile</span> <span class='ocrx_word' id='word_1_17' title='bbox 1344 351 1404 396; x_wconf 90' lang='lat' dir='ltr'>fit,</span> <span class='ocrx_word' id='word_1_18' title='bbox 1423 351 1602 389; x_wconf 88' lang='lat' dir='ltr'>occurrit.</span> <span class='ocrx_word' id='word_1_19' title='bbox 1645 351 1703 389; x_wconf 86' lang='lat' dir='ltr'>Ita</span> <span class='ocrx_word' id='word_1_20' title='bbox 1718 350 1806 389; x_wconf 89' lang='lat' dir='ltr'>sunt</span> <span class='ocrx_word' id='word_1_21' title='bbox 1824 350 1866 389; x_wconf 87' lang='lat' dir='ltr'>in</span> <span class='ocrx_word' id='word_1_22' title='bbox 1883 349 1971 404; x_wconf 91' lang='lat' dir='ltr'>ple-</span> 
     </span>
     <span class='ocr_line' id='line_1_4' title="bbox 580 416 1559 469; baseline 0.001 -16"><span class='ocrx_word' id='word_1_23' title='bbox 580 416 704 467; x_wconf 89' lang='lat' dir='ltr'>risque</span> <span class='ocrx_word' id='word_1_24' title='bbox 723 417 998 454; x_wconf 83' lang='lat' dir='ltr'>contrariarum</span> <span class='ocrx_word' id='word_1_25' title='bbox 1020 417 1212 454; x_wconf 73' lang='lat' dir='ltr'>rationum</span> <span class='ocrx_word' id='word_1_26' title='bbox 1232 417 1334 469; x_wconf 88' lang='lat' dir='ltr'>paria</span> <span class='ocrx_word' id='word_1_27' title='bbox 1348 425 1559 455; x_wconf 87' lang='lat' dir='ltr'>momenta.</span> 
     </span>
    </p>

    <p class='ocr_par' dir='ltr' id='par_1_3' title="bbox 577 481 1981 1579">
     <span class='ocr_line' id='line_1_5' title="bbox 637 481 1970 533; baseline 0.001 -15"><span class='ocrx_word' id='word_1_28' title='bbox 637 481 701 518; x_wconf 87' lang='lat' dir='ltr'>Sin</span> <span class='ocrx_word' id='word_1_29' title='bbox 732 481 809 533; x_wconf 84' lang='lat' dir='ltr'>agis</span> <span class='ocrx_word' id='word_1_30' title='bbox 830 481 1095 525; x_wconf 88' lang='lat' dir='ltr'>verecundius,</span> <span class='ocrx_word' id='word_1_31' title='bbox 1114 491 1152 519; x_wconf 92' lang='lat' dir='ltr'>et</span> <span class='ocrx_word' id='word_1_32' title='bbox 1172 495 1235 520; x_wconf 89' lang='lat' dir='ltr'>me</span> <span class='ocrx_word' id='word_1_33' title='bbox 1253 482 1416 527; x_wconf 87' lang='lat' dir='ltr'>accusas,</span> <span class='ocrx_word' id='word_1_34' title='bbox 1438 495 1514 520; x_wconf 91' lang='lat' dir='ltr'>non</span> <span class='ocrx_word' id='word_1_35' title='bbox 1535 481 1639 533; x_wconf 92' lang='lat' dir='ltr'>quod</span> <span class='ocrx_word' id='word_1_36' title='bbox 1666 481 1741 520; x_wconf 88' lang='lat' dir='ltr'>tuis</span> <span class='ocrx_word' id='word_1_37' title='bbox 1762 481 1970 520; x_wconf 89' lang='lat' dir='ltr'>rationibus</span> 
     </span>
     <span class='ocr_line' id='line_1_6' title="bbox 582 545 1970 599; baseline 0.001 -16"><span class='ocrx_word' id='word_1_38' title='bbox 582 559 658 583; x_wconf 91' lang='lat' dir='ltr'>non</span> <span class='ocrx_word' id='word_1_39' title='bbox 679 546 860 590; x_wconf 72' lang='lat' dir='ltr'>assentiar,</span> <span class='ocrx_word' id='word_1_40' title='bbox 879 546 937 584; x_wconf 91' lang='lat' dir='ltr'>sed</span> <span class='ocrx_word' id='word_1_41' title='bbox 953 547 1057 598; x_wconf 89' lang='lat' dir='ltr'>quod</span> <span class='ocrx_word' id='word_1_42' title='bbox 1074 547 1190 585; x_wconf 85' lang='lat' dir='ltr'>nullis</span> <span class='ocrx_word' id='word_1_43' title='bbox 1206 565 1217 591; x_wconf 88' lang='lat'>;</span> <span class='ocrx_word' id='word_1_44' title='bbox 1247 547 1400 585; x_wconf 87' lang='lat' dir='ltr'>vincam</span> <span class='ocrx_word' id='word_1_45' title='bbox 1416 547 1605 592; x_wconf 90' lang='lat' dir='ltr'>animum,</span> <span class='ocrx_word' id='word_1_46' title='bbox 1626 547 1766 599; x_wconf 91' lang='lat' dir='ltr'>cuique</span> <span class='ocrx_word' id='word_1_47' title='bbox 1785 545 1970 590; x_wconf 81' lang='lat' dir='ltr'>assentiar,</span> 
     </span>
     <span class='ocr_line' id='line_1_7' title="bbox 581 611 1972 664; baseline 0.001 -16"><span class='ocrx_word' id='word_1_48' title='bbox 581 611 763 663; x_wconf 87' lang='lat' dir='ltr'>deligam.</span> <span class='ocrx_word' id='word_1_49' title='bbox 786 612 916 662; x_wconf 84' lang='lat' dir='ltr'>Qem</span> <span class='ocrx_word' id='word_1_50' title='bbox 929 611 1190 664; x_wconf 85' lang='lat' dir='ltr'>potiffimum?</span> <span class='ocrx_word' id='word_1_51' title='bbox 1212 613 1368 663; x_wconf 85' lang='lat' dir='ltr'>Qem?</span> <span class='ocrx_word' id='word_1_52' title='bbox 1386 612 1684 650; x_wconf 83' lang='lat' dir='ltr'>Democritum?</span> <span class='ocrx_word' id='word_1_53' title='bbox 1701 611 1849 664; x_wconf 89' lang='lat' dir='ltr'>semper</span> <span class='ocrx_word' id='word_1_54' title='bbox 1863 611 1972 649; x_wconf 88' lang='lat' dir='ltr'>enim</span> 
     </span>
     <span class='ocr_line' id='line_1_8' title="bbox 583 675 1971 729; baseline 0.001 -16"><span class='ocrx_word' id='word_1_55' title='bbox 583 676 644 727; x_wconf 93' lang='lat' dir='ltr'>(ut</span> <span class='ocrx_word' id='word_1_56' title='bbox 664 676 784 727; x_wconf 87' lang='lat' dir='ltr'>scitis)</span> <span class='ocrx_word' id='word_1_57' title='bbox 806 675 988 714; x_wconf 83' lang='lat' dir='ltr'>studiosus</span> <span class='ocrx_word' id='word_1_58' title='bbox 1004 677 1214 714; x_wconf 86' lang='lat' dir='ltr'>nobilitatis</span> <span class='ocrx_word' id='word_1_59' title='bbox 1229 676 1301 714; x_wconf 90' lang='lat' dir='ltr'>fui.</span> <span class='ocrx_word' id='word_1_60' title='bbox 1322 677 1500 729; x_wconf 89' lang='lat' dir='ltr'>Urgebor</span> <span class='ocrx_word' id='word_1_61' title='bbox 1512 678 1595 728; x_wconf 89' lang='lat' dir='ltr'>jam</span> <span class='ocrx_word' id='word_1_62' title='bbox 1610 677 1790 715; x_wconf 88' lang='lat' dir='ltr'>omnium</span> <span class='ocrx_word' id='word_1_63' title='bbox 1805 675 1971 714; x_wconf 66' lang='lat' dir='ltr'>vestrum</span> 
     </span>
     <span class='ocr_line' id='line_1_9' title="bbox 580 741 1972 795; baseline 0 -17"><span class='ocrx_word' id='word_1_64' title='bbox 580 741 771 779; x_wconf 90' lang='lat' dir='ltr'>convicio.</span> <span class='ocrx_word' id='word_1_65' title='bbox 794 742 909 778; x_wconf 89' lang='lat' dir='ltr'>Tune</span> <span class='ocrx_word' id='word_1_66' title='bbox 928 749 992 778; x_wconf 87' lang='lat' dir='ltr'>aut</span> <span class='ocrx_word' id='word_1_67' title='bbox 1011 741 1122 779; x_wconf 88' lang='lat' dir='ltr'>inane</span> <span class='ocrx_word' id='word_1_68' title='bbox 1136 742 1350 794; x_wconf 90' lang='lat' dir='ltr'>quidquam</span> <span class='ocrx_word' id='word_1_69' title='bbox 1371 751 1480 795; x_wconf 90' lang='lat' dir='ltr'>putes</span> <span class='ocrx_word' id='word_1_70' title='bbox 1495 742 1579 786; x_wconf 84' lang='lat' dir='ltr'>effe,</span> <span class='ocrx_word' id='word_1_71' title='bbox 1596 755 1687 780; x_wconf 89' lang='lat' dir='ltr'>cum</span> <span class='ocrx_word' id='word_1_72' title='bbox 1707 742 1761 780; x_wconf 89' lang='lat' dir='ltr'>ita</span> <span class='ocrx_word' id='word_1_73' title='bbox 1778 741 1972 794; x_wconf 89' lang='lat' dir='ltr'>completa</span> 
     </span>
     <span class='ocr_line' id='line_1_10' title="bbox 579 805 1972 858; baseline -0.001 -15"><span class='ocrx_word' id='word_1_74' title='bbox 579 815 617 843; x_wconf 89' lang='lat' dir='ltr'>et</span> <span class='ocrx_word' id='word_1_75' title='bbox 637 805 807 843; x_wconf 90' lang='lat' dir='ltr'>conferta</span> <span class='ocrx_word' id='word_1_76' title='bbox 836 805 907 843; x_wconf 88' lang='lat' dir='ltr'>fint</span> <span class='ocrx_word' id='word_1_77' title='bbox 925 806 1068 850; x_wconf 88' lang='lat' dir='ltr'>omnia,</span> <span class='ocrx_word' id='word_1_78' title='bbox 1101 815 1145 843; x_wconf 88' lang='lat' dir='ltr'>ut</span> <span class='ocrx_word' id='word_1_79' title='bbox 1174 815 1211 843; x_wconf 92' lang='lat' dir='ltr'>et</span> <span class='ocrx_word' id='word_1_80' title='bbox 1230 806 1335 857; x_wconf 91' lang='lat' dir='ltr'>quod</span> <span class='ocrx_word' id='word_1_81' title='bbox 1370 806 1587 844; x_wconf 86' lang='lat' dir='ltr'>movebitur</span> <span class='ocrx_word' id='word_1_82' title='bbox 1616 819 1823 858; x_wconf 86' lang='lat' dir='ltr'>corporum</span> <span class='ocrx_word' id='word_1_83' title='bbox 1847 805 1972 850; x_wconf 87' lang='lat' dir='ltr'>cedat,</span> 
     </span>
     <span class='ocr_line' id='line_1_11' title="bbox 580 870 1981 924; baseline 0 -16"><span class='ocrx_word' id='word_1_84' title='bbox 580 880 618 908; x_wconf 89' lang='lat' dir='ltr'>et</span> <span class='ocrx_word' id='word_1_85' title='bbox 639 884 713 923; x_wconf 82' lang='lat' dir='ltr'>qua</span> <span class='ocrx_word' id='word_1_86' title='bbox 733 871 902 923; x_wconf 91' lang='lat' dir='ltr'>quidque</span> <span class='ocrx_word' id='word_1_87' title='bbox 922 870 1079 916; x_wconf 76' lang='lat' dir='ltr'>cesserit,</span> <span class='ocrx_word' id='word_1_88' title='bbox 1107 871 1211 909; x_wconf 90' lang='lat' dir='ltr'>aliud</span> <span class='ocrx_word' id='word_1_89' title='bbox 1229 871 1337 910; x_wconf 88' lang='lat' dir='ltr'>illico</span> <span class='ocrx_word' id='word_1_90' title='bbox 1357 871 1632 924; x_wconf 87' lang='lat' dir='ltr'>subsequatur?</span> <span class='ocrx_word' id='word_1_91' title='bbox 1652 880 1718 909; x_wconf 90' lang='lat' dir='ltr'>aut</span> <span class='ocrx_word' id='word_1_92' title='bbox 1736 879 1886 910; x_wconf 85' lang='lat' dir='ltr'>atomos</span> <span class='ocrx_word' id='word_1_93' title='bbox 1907 870 1981 909; x_wconf 79' lang='lat' dir='ltr'>ul·</span> 
     </span>
     <span class='ocr_line' id='line_1_12' title="bbox 579 935 1973 988; baseline 0.001 -15"><span class='ocrx_word' id='word_1_94' title='bbox 579 935 646 980; x_wconf 87' lang='lat' dir='ltr'>las,</span> <span class='ocrx_word' id='word_1_95' title='bbox 668 948 688 973; x_wconf 93' lang='lat' dir='ltr'>e</span> <span class='ocrx_word' id='word_1_96' title='bbox 708 935 848 988; x_wconf 89' lang='lat' dir='ltr'>quibus</span> <span class='ocrx_word' id='word_1_97' title='bbox 869 935 1058 987; x_wconf 87' lang='lat' dir='ltr'>quidquid</span> <span class='ocrx_word' id='word_1_98' title='bbox 1077 936 1275 981; x_wconf 84' lang='lat' dir='ltr'>efficiatur,</span> <span class='ocrx_word' id='word_1_99' title='bbox 1307 936 1462 974; x_wconf 78' lang='lat' dir='ltr'>illarum</span> <span class='ocrx_word' id='word_1_100' title='bbox 1481 936 1527 975; x_wconf 86' lang='lat' dir='ltr'>fit</span> <span class='ocrx_word' id='word_1_101' title='bbox 1546 936 1845 974; x_wconf 87' lang='lat' dir='ltr'>diffimillimum</span> <span class='ocrx_word' id='word_1_102' title='bbox 1863 935 1877 972; x_wconf 94' lang='lat'>?</span> <span class='ocrx_word' id='word_1_103' title='bbox 1907 944 1973 974; x_wconf 91' lang='lat' dir='ltr'>aut</span> 
     </span>
     <span class='ocr_line' id='line_1_13' title="bbox 580 1000 1971 1054; baseline 0.001 -16"><span class='ocrx_word' id='word_1_104' title='bbox 580 1000 656 1039; x_wconf 86' lang='lat' dir='ltr'>fine</span> <span class='ocrx_word' id='word_1_105' title='bbox 677 1001 802 1053; x_wconf 88' lang='lat' dir='ltr'>aliqua</span> <span class='ocrx_word' id='word_1_106' title='bbox 822 1009 950 1039; x_wconf 86' lang='lat' dir='ltr'>mente</span> <span class='ocrx_word' id='word_1_107' title='bbox 971 1015 1052 1039; x_wconf 89' lang='lat' dir='ltr'>rem</span> <span class='ocrx_word' id='word_1_108' title='bbox 1074 1001 1197 1040; x_wconf 85' lang='lat' dir='ltr'>ullam.</span> <span class='ocrx_word' id='word_1_109' title='bbox 1215 1002 1317 1040; x_wconf 87' lang='lat' dir='ltr'>effici</span> <span class='ocrx_word' id='word_1_110' title='bbox 1337 1001 1438 1054; x_wconf 83' lang='lat' dir='ltr'>poffe</span> <span class='ocrx_word' id='word_1_111' title='bbox 1457 1001 1674 1054; x_wconf 80' lang='lat' dir='ltr'>praeclaram</span> <span class='ocrx_word' id='word_1_112' title='bbox 1693 1002 1706 1038; x_wconf 94' lang='lat'>?</span> <span class='ocrx_word' id='word_1_113' title='bbox 1737 1011 1791 1047; x_wconf 84' lang='lat' dir='ltr'>et,</span> <span class='ocrx_word' id='word_1_114' title='bbox 1820 1015 1912 1040; x_wconf 87' lang='lat' dir='ltr'>cum</span> <span class='ocrx_word' id='word_1_115' title='bbox 1931 1002 1971 1040; x_wconf 87' lang='lat' dir='ltr'>in</span> 
     </span>
     <span class='ocr_line' id='line_1_14' title="bbox 581 1067 1970 1121; baseline 0.001 -17"><span class='ocrx_word' id='word_1_116' title='bbox 581 1081 660 1105; x_wconf 90' lang='lat' dir='ltr'>uno</span> <span class='ocrx_word' id='word_1_117' title='bbox 681 1067 828 1105; x_wconf 89' lang='lat' dir='ltr'>mundo</span> <span class='ocrx_word' id='word_1_118' title='bbox 847 1077 1000 1105; x_wconf 87' lang='lat' dir='ltr'>ornatus</span> <span class='ocrx_word' id='word_1_119' title='bbox 1021 1067 1085 1106; x_wconf 81' lang='lat' dir='ltr'>hic</span> <span class='ocrx_word' id='word_1_120' title='bbox 1107 1077 1184 1106; x_wconf 91' lang='lat' dir='ltr'>tam</span> <span class='ocrx_word' id='word_1_121' title='bbox 1205 1069 1249 1106; x_wconf 87' lang='lat' dir='ltr'>fit</span> <span class='ocrx_word' id='word_1_122' title='bbox 1275 1069 1485 1112; x_wconf 63' lang='lat' dir='ltr'>mirabilis„</span> <span class='ocrx_word' id='word_1_123' title='bbox 1505 1068 1815 1113; x_wconf 88' lang='lat' dir='ltr'>innumerabiles,</span> <span class='ocrx_word' id='word_1_124' title='bbox 1848 1068 1970 1121; x_wconf 83' lang='lat' dir='ltr'>supra,</span> 
     </span>
     <span class='ocr_line' id='line_1_15' title="bbox 580 1132 1970 1187; baseline 0.001 -17"><span class='ocrx_word' id='word_1_125' title='bbox 580 1132 692 1178; x_wconf 89' lang='lat' dir='ltr'>infra,</span> <span class='ocrx_word' id='word_1_126' title='bbox 713 1133 856 1177; x_wconf 90' lang='lat' dir='ltr'>dextra,</span> <span class='ocrx_word' id='word_1_127' title='bbox 886 1133 1040 1178; x_wconf 80' lang='lat' dir='ltr'>finistra‚</span> <span class='ocrx_word' id='word_1_128' title='bbox 1072 1143 1172 1178; x_wconf 89' lang='lat' dir='ltr'>ante,</span> <span class='ocrx_word' id='word_1_129' title='bbox 1207 1134 1303 1187; x_wconf 90' lang='lat' dir='ltr'>post,</span> <span class='ocrx_word' id='word_1_130' title='bbox 1325 1135 1416 1173; x_wconf 85' lang='lat' dir='ltr'>alios</span> <span class='ocrx_word' id='word_1_131' title='bbox 1438 1134 1647 1179; x_wconf 86' lang='lat' dir='ltr'>diffimiles,</span> <span class='ocrx_word' id='word_1_132' title='bbox 1668 1135 1760 1172; x_wconf 90' lang='lat' dir='ltr'>alios</span> <span class='ocrx_word' id='word_1_133' title='bbox 1780 1134 1970 1186; x_wconf 89' lang='lat' dir='ltr'>ejusdem-</span> 
     </span>
     <span class='ocr_line' id='line_1_16' title="bbox 579 1198 1971 1245; baseline 0.002 -10"><span class='ocrx_word' id='word_1_134' title='bbox 579 1199 686 1236; x_wconf 91' lang='lat' dir='ltr'>modi</span> <span class='ocrx_word' id='word_1_135' title='bbox 707 1198 872 1236; x_wconf 78' lang='lat' dir='ltr'>mundos</span> <span class='ocrx_word' id='word_1_136' title='bbox 892 1199 990 1236; x_wconf 86' lang='lat' dir='ltr'>effe?</span> <span class='ocrx_word' id='word_1_137' title='bbox 1026 1208 1076 1243; x_wconf 91' lang='lat' dir='ltr'>et,</span> <span class='ocrx_word' id='word_1_138' title='bbox 1094 1209 1137 1236; x_wconf 94' lang='lat' dir='ltr'>ut</span> <span class='ocrx_word' id='word_1_139' title='bbox 1158 1213 1224 1237; x_wconf 91' lang='lat' dir='ltr'>nos</span> <span class='ocrx_word' id='word_1_140' title='bbox 1245 1213 1348 1237; x_wconf 89' lang='lat' dir='ltr'>nunc</span> <span class='ocrx_word' id='word_1_141' title='bbox 1369 1199 1512 1244; x_wconf 86' lang='lat' dir='ltr'>sumus,</span> <span class='ocrx_word' id='word_1_142' title='bbox 1534 1200 1580 1237; x_wconf 92' lang='lat' dir='ltr'>ad</span> <span class='ocrx_word' id='word_1_143' title='bbox 1596 1199 1750 1245; x_wconf 88' lang='lat' dir='ltr'>Baulos,</span> <span class='ocrx_word' id='word_1_144' title='bbox 1772 1199 1971 1238; x_wconf 77' lang='lat' dir='ltr'>Puteolos-</span> 
     </span>
     <span class='ocr_line' id='line_1_17' title="bbox 578 1263 1970 1317; baseline 0.002 -17"><span class='ocrx_word' id='word_1_145' title='bbox 578 1276 653 1315; x_wconf 90' lang='lat' dir='ltr'>que</span> <span class='ocrx_word' id='word_1_146' title='bbox 674 1263 872 1307; x_wconf 75' lang='lat' dir='ltr'>videmus5</span> <span class='ocrx_word' id='word_1_147' title='bbox 903 1263 953 1301; x_wconf 86' lang='lat' dir='ltr'>fic</span> <span class='ocrx_word' id='word_1_148' title='bbox 973 1264 1271 1303; x_wconf 89' lang='lat' dir='ltr'>innumerabiles</span> <span class='ocrx_word' id='word_1_149' title='bbox 1292 1265 1444 1317; x_wconf 91' lang='lat' dir='ltr'>paribus</span> <span class='ocrx_word' id='word_1_150' title='bbox 1465 1265 1504 1302; x_wconf 92' lang='lat' dir='ltr'>in</span> <span class='ocrx_word' id='word_1_151' title='bbox 1521 1265 1615 1303; x_wconf 91' lang='lat' dir='ltr'>locis</span> <span class='ocrx_word' id='word_1_152' title='bbox 1631 1264 1714 1310; x_wconf 92' lang='lat' dir='ltr'>esse,</span> <span class='ocrx_word' id='word_1_153' title='bbox 1736 1265 1878 1303; x_wconf 87' lang='lat' dir='ltr'>eisdem</span> <span class='ocrx_word' id='word_1_154' title='bbox 1897 1279 1970 1304; x_wconf 91' lang='lat' dir='ltr'>no-</span> 
     </span>
     <span class='ocr_line' id='line_1_18' title="bbox 578 1327 1971 1382; baseline 0.002 -17"><span class='ocrx_word' id='word_1_155' title='bbox 578 1328 764 1372; x_wconf 83' lang='lat' dir='ltr'>minibus,</span> <span class='ocrx_word' id='word_1_156' title='bbox 799 1327 1025 1373; x_wconf 87' lang='lat' dir='ltr'>honoribus,</span> <span class='ocrx_word' id='word_1_157' title='bbox 1069 1329 1181 1367; x_wconf 91' lang='lat' dir='ltr'>rebus</span> <span class='ocrx_word' id='word_1_158' title='bbox 1219 1329 1345 1382; x_wconf 85' lang='lat' dir='ltr'>gestis,</span> <span class='ocrx_word' id='word_1_159' title='bbox 1375 1330 1552 1382; x_wconf 86' lang='lat' dir='ltr'>ingeniis,</span> <span class='ocrx_word' id='word_1_160' title='bbox 1593 1329 1744 1374; x_wconf 84' lang='lat' dir='ltr'>formis,</span> <span class='ocrx_word' id='word_1_161' title='bbox 1783 1330 1971 1375; x_wconf 83' lang='lat' dir='ltr'>aetatibus,</span> 
     </span>
     <span class='ocr_line' id='line_1_19' title="bbox 578 1393 1971 1446; baseline 0.002 -16"><span class='ocrx_word' id='word_1_162' title='bbox 578 1393 717 1431; x_wconf 84' lang='lat' dir='ltr'>eisdem</span> <span class='ocrx_word' id='word_1_163' title='bbox 739 1393 784 1432; x_wconf 92' lang='lat' dir='ltr'>de</span> <span class='ocrx_word' id='word_1_164' title='bbox 805 1393 915 1431; x_wconf 90' lang='lat' dir='ltr'>rebus</span> <span class='ocrx_word' id='word_1_165' title='bbox 937 1393 1168 1446; x_wconf 86' lang='lat' dir='ltr'>disputantes</span> <span class='ocrx_word' id='word_1_166' title='bbox 1188 1395 1201 1431; x_wconf 89' lang='lat'>?</span> <span class='ocrx_word' id='word_1_167' title='bbox 1232 1405 1293 1440; x_wconf 91' lang='lat' dir='ltr'>et‚.</span> <span class='ocrx_word' id='word_1_168' title='bbox 1311 1394 1336 1433; x_wconf 85' lang='lat' dir='ltr'>fi</span> <span class='ocrx_word' id='word_1_169' title='bbox 1358 1408 1475 1440; x_wconf 87' lang='lat' dir='ltr'>nunc,</span> <span class='ocrx_word' id='word_1_170' title='bbox 1506 1404 1571 1433; x_wconf 88' lang='lat' dir='ltr'>aut</span> <span class='ocrx_word' id='word_1_171' title='bbox 1591 1395 1616 1433; x_wconf 88' lang='lat' dir='ltr'>fi</span> <span class='ocrx_word' id='word_1_172' title='bbox 1636 1395 1760 1433; x_wconf 40' lang='lat' dir='ltr'>etiam*</span> <span class='ocrx_word' id='word_1_173' title='bbox 1774 1395 1971 1433; x_wconf 87' lang='lat' dir='ltr'>dormien-</span> 
     </span>
     <span class='ocr_line' id='line_1_20' title="bbox 577 1459 1972 1513; baseline 0.001 -15"><span class='ocrx_word' id='word_1_174' title='bbox 577 1468 632 1498; x_wconf 87' lang='lat' dir='ltr'>tes</span> <span class='ocrx_word' id='word_1_175' title='bbox 653 1459 798 1511; x_wconf 88' lang='lat' dir='ltr'>aliquid</span> <span class='ocrx_word' id='word_1_176' title='bbox 816 1460 947 1498; x_wconf 89' lang='lat' dir='ltr'>animo</span> <span class='ocrx_word' id='word_1_177' title='bbox 966 1460 1092 1498; x_wconf 89' lang='lat' dir='ltr'>videre</span> <span class='ocrx_word' id='word_1_178' title='bbox 1110 1461 1318 1506; x_wconf 87' lang='lat' dir='ltr'>videamur,</span> <span class='ocrx_word' id='word_1_179' title='bbox 1350 1461 1535 1513; x_wconf 86' lang='lat' dir='ltr'>imagines</span> <span class='ocrx_word' id='word_1_180' title='bbox 1566 1461 1798 1500; x_wconf 83' lang='lat' dir='ltr'>extrinsecus</span> <span class='ocrx_word' id='word_1_181' title='bbox 1818 1461 1858 1499; x_wconf 90' lang='lat' dir='ltr'>in</span> <span class='ocrx_word' id='word_1_182' title='bbox 1887 1462 1972 1500; x_wconf 86' lang='lat' dir='ltr'>ani-</span> 
     </span>
     <span class='ocr_line' id='line_1_21' title="bbox 577 1524 1334 1579; baseline 0.003 -17"><span class='ocrx_word' id='word_1_183' title='bbox 577 1538 663 1563; x_wconf 81' lang='lat' dir='ltr'>mos</span> <span class='ocrx_word' id='word_1_184' title='bbox 684 1524 827 1563; x_wconf 82' lang='lat' dir='ltr'>nostros</span> <span class='ocrx_word' id='word_1_185' title='bbox 849 1538 914 1577; x_wconf 90' lang='lat' dir='ltr'>per</span> <span class='ocrx_word' id='word_1_186' title='bbox 933 1538 1071 1577; x_wconf 89' lang='lat' dir='ltr'>corpus</span> <span class='ocrx_word' id='word_1_187' title='bbox 1091 1526 1301 1579; x_wconf 84' lang='lat' dir='ltr'>irrumpere</span> <span class='ocrx_word' id='word_1_188' title='bbox 1322 1527 1334 1563; x_wconf 95' lang='lat'>?</span> 
     </span>
    </p>

    <p class='ocr_par' dir='ltr' id='par_1_4' title="bbox 575 1590 1973 2163">
     <span class='ocr_line' id='line_1_22' title="bbox 632 1590 1971 1635; baseline 0.003 -8"><span class='ocrx_word' id='word_1_189' title='bbox 632 1591 699 1628; x_wconf 93' lang='lat' dir='ltr'>Tu</span> <span class='ocrx_word' id='word_1_190' title='bbox 720 1603 810 1627; x_wconf 90' lang='lat' dir='ltr'>vero</span> <span class='ocrx_word' id='word_1_191' title='bbox 828 1590 895 1628; x_wconf 89' lang='lat' dir='ltr'>ista</span> <span class='ocrx_word' id='word_1_192' title='bbox 914 1603 960 1628; x_wconf 90' lang='lat' dir='ltr'>ne</span> <span class='ocrx_word' id='word_1_193' title='bbox 979 1590 1164 1635; x_wconf 79' lang='lat' dir='ltr'>asciveris,</span> <span class='ocrx_word' id='word_1_194' title='bbox 1196 1605 1287 1629; x_wconf 89' lang='lat' dir='ltr'>neve</span> <span class='ocrx_word' id='word_1_195' title='bbox 1317 1590 1432 1630; x_wconf 91' lang='lat' dir='ltr'>fueris</span> <span class='ocrx_word' id='word_1_196' title='bbox 1465 1593 1745 1631; x_wconf 87' lang='lat' dir='ltr'>commentitiis</span> <span class='ocrx_word' id='word_1_197' title='bbox 1776 1593 1888 1631; x_wconf 91' lang='lat' dir='ltr'>rebus</span> <span class='ocrx_word' id='word_1_198' title='bbox 1914 1593 1971 1632; x_wconf 92' lang='lat' dir='ltr'>as-</span> 
     </span>
     <span class='ocr_line' id='line_1_23' title="bbox 577 1654 1971 1711; baseline 0.004 -19"><span class='ocrx_word' id='word_1_199' title='bbox 577 1654 716 1694; x_wconf 87' lang='lat' dir='ltr'>sensus.</span> <span class='ocrx_word' id='word_1_200' title='bbox 764 1654 879 1694; x_wconf 90' lang='lat' dir='ltr'>Nihil</span> <span class='ocrx_word' id='word_1_201' title='bbox 908 1655 1043 1694; x_wconf 87' lang='lat' dir='ltr'>sentire</span> <span class='ocrx_word' id='word_1_202' title='bbox 1061 1656 1114 1694; x_wconf 90' lang='lat' dir='ltr'>est</span> <span class='ocrx_word' id='word_1_203' title='bbox 1134 1657 1286 1702; x_wconf 87' lang='lat' dir='ltr'>melius,</span> <span class='ocrx_word' id='word_1_204' title='bbox 1317 1671 1434 1710; x_wconf 89' lang='lat' dir='ltr'>quam</span> <span class='ocrx_word' id='word_1_205' title='bbox 1452 1667 1530 1697; x_wconf 90' lang='lat' dir='ltr'>tam</span> <span class='ocrx_word' id='word_1_206' title='bbox 1551 1672 1662 1711; x_wconf 88' lang='lat' dir='ltr'>prava</span> <span class='ocrx_word' id='word_1_207' title='bbox 1681 1659 1831 1696; x_wconf 86' lang='lat' dir='ltr'>sentire.</span> <span class='ocrx_word' id='word_1_208' title='bbox 1877 1659 1971 1697; x_wconf 89' lang='lat' dir='ltr'>Non</span> 
     </span>
     <span class='ocr_line' id='line_1_24' title="bbox 576 1721 1970 1777; baseline 0.003 -19"><span class='ocrx_word' id='word_1_209' title='bbox 576 1734 666 1774; x_wconf 85' lang='lat' dir='ltr'>ergo</span> <span class='ocrx_word' id='word_1_210' title='bbox 685 1721 724 1758; x_wconf 91' lang='lat' dir='ltr'>id</span> <span class='ocrx_word' id='word_1_211' title='bbox 745 1721 882 1773; x_wconf 87' lang='lat' dir='ltr'>agitur,</span> <span class='ocrx_word' id='word_1_212' title='bbox 905 1729 946 1759; x_wconf 87' lang='lat' dir='ltr'>ut</span> <span class='ocrx_word' id='word_1_213' title='bbox 962 1721 1108 1774; x_wconf 89' lang='lat' dir='ltr'>aliquid</span> <span class='ocrx_word' id='word_1_214' title='bbox 1126 1722 1264 1761; x_wconf 74' lang='lat' dir='ltr'>ass&#39;ensu</span> <span class='ocrx_word' id='word_1_215' title='bbox 1281 1737 1369 1761; x_wconf 90' lang='lat' dir='ltr'>meo</span> <span class='ocrx_word' id='word_1_216' title='bbox 1388 1725 1654 1777; x_wconf 89' lang='lat' dir='ltr'>comprobem.</span> <span class='ocrx_word' id='word_1_217' title='bbox 1688 1725 1786 1776; x_wconf 85' lang='lat' dir='ltr'>Qae</span> <span class='ocrx_word' id='word_1_218' title='bbox 1807 1734 1849 1762; x_wconf 92' lang='lat' dir='ltr'>tu</span> <span class='ocrx_word' id='word_1_219' title='bbox 1870 1725 1970 1770; x_wconf 85' lang='lat' dir='ltr'>vide,</span> 
     </span>
     <span class='ocr_line' id='line_1_25' title="bbox 575 1787 1973 1843; baseline 0.003 -18"><span class='ocrx_word' id='word_1_220' title='bbox 575 1800 625 1825; x_wconf 87' lang='lat' dir='ltr'>ne</span> <span class='ocrx_word' id='word_1_221' title='bbox 659 1787 902 1839; x_wconf 89' lang='lat' dir='ltr'>impudenter</span> <span class='ocrx_word' id='word_1_222' title='bbox 920 1787 1037 1826; x_wconf 84' lang='lat' dir='ltr'>etiam</span> <span class='ocrx_word' id='word_1_223' title='bbox 1056 1788 1235 1841; x_wconf 85' lang='lat' dir='ltr'>postules,</span> <span class='ocrx_word' id='word_1_224' title='bbox 1271 1803 1346 1828; x_wconf 90' lang='lat' dir='ltr'>non</span> <span class='ocrx_word' id='word_1_225' title='bbox 1368 1789 1491 1828; x_wconf 83' lang='lat' dir='ltr'>solum</span> <span class='ocrx_word' id='word_1_226' title='bbox 1512 1800 1739 1843; x_wconf 82' lang='lat' dir='ltr'>arroganter,</span> <span class='ocrx_word' id='word_1_227' title='bbox 1766 1790 1973 1843; x_wconf 82' lang='lat' dir='ltr'>praesertim</span> 
     </span>
     <span class='ocr_line' id='line_1_26' title="bbox 576 1852 1971 1908; baseline 0.004 -18"><span class='ocrx_word' id='word_1_228' title='bbox 576 1865 668 1890; x_wconf 91' lang='lat' dir='ltr'>cum</span> <span class='ocrx_word' id='word_1_229' title='bbox 700 1853 766 1891; x_wconf 86' lang='lat' dir='ltr'>ista</span> <span class='ocrx_word' id='word_1_230' title='bbox 785 1862 849 1891; x_wconf 86' lang='lat' dir='ltr'>tua</span> <span class='ocrx_word' id='word_1_231' title='bbox 878 1852 978 1891; x_wconf 86' lang='lat' dir='ltr'>mihi</span> <span class='ocrx_word' id='word_1_232' title='bbox 1009 1867 1056 1891; x_wconf 89' lang='lat' dir='ltr'>ne</span> <span class='ocrx_word' id='word_1_233' title='bbox 1087 1854 1300 1907; x_wconf 86' lang='lat' dir='ltr'>probabilia</span> <span class='ocrx_word' id='word_1_234' title='bbox 1318 1856 1477 1908; x_wconf 91' lang='lat' dir='ltr'>quidem</span> <span class='ocrx_word' id='word_1_235' title='bbox 1497 1856 1709 1895; x_wconf 82' lang='lat' dir='ltr'>videantur.</span> <span class='ocrx_word' id='word_1_236' title='bbox 1759 1857 1846 1895; x_wconf 89' lang='lat' dir='ltr'>Nec</span> <span class='ocrx_word' id='word_1_237' title='bbox 1866 1857 1971 1895; x_wconf 87' lang='lat' dir='ltr'>enim</span> 
     </span>
     <span class='ocr_line' id='line_1_27' title="bbox 576 1918 1971 1974; baseline 0.004 -19"><span class='ocrx_word' id='word_1_238' title='bbox 576 1918 868 1964; x_wconf 85' lang='lat' dir='ltr'>divinationem,</span> <span class='ocrx_word' id='word_1_239' title='bbox 886 1932 1003 1971; x_wconf 87' lang='lat' dir='ltr'>quam</span> <span class='ocrx_word' id='word_1_240' title='bbox 1024 1920 1205 1972; x_wconf 84' lang='lat' dir='ltr'>probatis,</span> <span class='ocrx_word' id='word_1_241' title='bbox 1223 1921 1342 1959; x_wconf 85' lang='lat' dir='ltr'>ullam</span> <span class='ocrx_word' id='word_1_242' title='bbox 1363 1920 1433 1959; x_wconf 84' lang='lat' dir='ltr'>esse</span> <span class='ocrx_word' id='word_1_243' title='bbox 1449 1922 1632 1966; x_wconf 84' lang='lat' dir='ltr'>arbitror;</span> <span class='ocrx_word' id='word_1_244' title='bbox 1656 1921 1857 1974; x_wconf 82' lang='lat' dir='ltr'>fatumque</span> <span class='ocrx_word' id='word_1_245' title='bbox 1874 1922 1971 1962; x_wconf 88' lang='lat' dir='ltr'>illud</span> 
     </span>
     <span class='ocr_line' id='line_1_28' title="bbox 576 1983 1970 2035; baseline 0.004 -15"><span class='ocrx_word' id='word_1_246' title='bbox 576 1983 706 2028; x_wconf 84' lang='lat' dir='ltr'>etiam,</span> <span class='ocrx_word' id='word_1_247' title='bbox 729 1997 808 2035; x_wconf 89' lang='lat' dir='ltr'>quo</span> <span class='ocrx_word' id='word_1_248' title='bbox 827 1984 957 2021; x_wconf 91' lang='lat' dir='ltr'>omnia</span> <span class='ocrx_word' id='word_1_249' title='bbox 977 1985 1163 2022; x_wconf 89' lang='lat' dir='ltr'>contineri</span> <span class='ocrx_word' id='word_1_250' title='bbox 1184 1985 1327 2031; x_wconf 88' lang='lat' dir='ltr'>dicitis,</span> <span class='ocrx_word' id='word_1_251' title='bbox 1348 1995 1570 2024; x_wconf 89' lang='lat' dir='ltr'>contemno.</span> <span class='ocrx_word' id='word_1_252' title='bbox 1609 1987 1671 2025; x_wconf 80' lang='lat' dir='ltr'>Nc</span> <span class='ocrx_word' id='word_1_253' title='bbox 1691 1987 1970 2026; x_wconf 79' lang='lat' dir='ltr'>exaedificatum</span> 
     </span>
     <span class='ocr_line' id='line_1_29' title="bbox 576 2048 1972 2105; baseline 0.004 -19"><span class='ocrx_word' id='word_1_254' title='bbox 576 2049 736 2101; x_wconf 89' lang='lat' dir='ltr'>quidem</span> <span class='ocrx_word' id='word_1_255' title='bbox 756 2048 861 2088; x_wconf 90' lang='lat' dir='ltr'>hunc</span> <span class='ocrx_word' id='word_1_256' title='bbox 883 2050 1075 2089; x_wconf 87' lang='lat' dir='ltr'>mundum</span> <span class='ocrx_word' id='word_1_257' title='bbox 1096 2051 1226 2089; x_wconf 84' lang='lat' dir='ltr'>divino</span> <span class='ocrx_word' id='word_1_258' title='bbox 1244 2052 1401 2090; x_wconf 77' lang='lat' dir='ltr'>consilio</span> <span class='ocrx_word' id='word_1_259' title='bbox 1420 2052 1620 2097; x_wconf 65' lang='lat' dir='ltr'>existimm</span> <span class='ocrx_word' id='word_1_260' title='bbox 1642 2062 1756 2105; x_wconf 86' lang='lat' dir='ltr'>atque</span> <span class='ocrx_word' id='word_1_261' title='bbox 1775 2052 1879 2091; x_wconf 89' lang='lat' dir='ltr'>haud</span> <span class='ocrx_word' id='word_1_262' title='bbox 1896 2053 1972 2093; x_wconf 87' lang='lat' dir='ltr'>scio</span> 
     </span>
     <span class='ocr_line' id='line_1_30' title="bbox 577 2115 822 2163; baseline 0.008 -11"><span class='ocrx_word' id='word_1_263' title='bbox 577 2128 623 2153; x_wconf 83' lang='lat' dir='ltr'>an</span> <span class='ocrx_word' id='word_1_264' title='bbox 644 2115 696 2152; x_wconf 87' lang='lat' dir='ltr'>ita</span> <span class='ocrx_word' id='word_1_265' title='bbox 716 2115 772 2154; x_wconf 82' lang='lat' dir='ltr'>fit.</span> <span class='ocrx_word' id='word_1_266' title='bbox 820 2160 822 2163; x_wconf 89' lang='lat'>.</span> 
     </span>
    </p>

    <p class='ocr_par' dir='ltr' id='par_1_5' title="bbox 575 2181 1971 2568">
     <span class='ocr_line' id='line_1_31' title="bbox 631 2181 1969 2237; baseline 0.004 -19"><span class='ocrx_word' id='word_1_267' title='bbox 631 2181 740 2219; x_wconf 87' lang='lat' dir='ltr'>XLI.</span> <span class='ocrx_word' id='word_1_268' title='bbox 774 2181 844 2219; x_wconf 90' lang='lat' dir='ltr'>Sed</span> <span class='ocrx_word' id='word_1_269' title='bbox 865 2195 933 2220; x_wconf 90' lang='lat' dir='ltr'>cur</span> <span class='ocrx_word' id='word_1_270' title='bbox 966 2181 1088 2235; x_wconf 88' lang='lat' dir='ltr'>rapior</span> <span class='ocrx_word' id='word_1_271' title='bbox 1123 2183 1160 2221; x_wconf 91' lang='lat' dir='ltr'>in</span> <span class='ocrx_word' id='word_1_272' title='bbox 1184 2183 1365 2222; x_wconf 85' lang='lat' dir='ltr'>invidiam</span> <span class='ocrx_word' id='word_1_273' title='bbox 1383 2184 1395 2221; x_wconf 92' lang='lat'>?</span> <span class='ocrx_word' id='word_1_274' title='bbox 1431 2185 1592 2223; x_wconf 86' lang='lat' dir='ltr'>Licetne</span> <span class='ocrx_word' id='word_1_275' title='bbox 1623 2198 1688 2237; x_wconf 88' lang='lat' dir='ltr'>per</span> <span class='ocrx_word' id='word_1_276' title='bbox 1720 2198 1786 2224; x_wconf 84' lang='lat' dir='ltr'>vos</span> <span class='ocrx_word' id='word_1_277' title='bbox 1814 2185 1969 2231; x_wconf 83' lang='lat' dir='ltr'>nescire,</span> 
     </span>
     <span class='ocr_line' id='line_1_32' title="bbox 576 2245 1971 2303; baseline 0.004 -19"><span class='ocrx_word' id='word_1_278' title='bbox 576 2246 681 2297; x_wconf 87' lang='lat' dir='ltr'>quod</span> <span class='ocrx_word' id='word_1_279' title='bbox 702 2245 853 2285; x_wconf 87' lang='lat' dir='ltr'>nescio?</span> <span class='ocrx_word' id='word_1_280' title='bbox 884 2249 946 2285; x_wconf 87' lang='lat' dir='ltr'>Au</span> <span class='ocrx_word' id='word_1_281' title='bbox 976 2249 1112 2286; x_wconf 79' lang='lat' dir='ltr'>Stoicis</span> <span class='ocrx_word' id='word_1_282' title='bbox 1147 2249 1231 2301; x_wconf 76' lang='lat' dir='ltr'>ipsis</span> <span class='ocrx_word' id='word_1_283' title='bbox 1254 2250 1351 2288; x_wconf 82' lang='lat' dir='ltr'>inter</span> <span class='ocrx_word' id='word_1_284' title='bbox 1381 2249 1414 2287; x_wconf 86' lang='lat' dir='ltr'>sc</span> <span class='ocrx_word' id='word_1_285' title='bbox 1434 2250 1652 2303; x_wconf 84' lang='lat' dir='ltr'>disceptare,</span> <span class='ocrx_word' id='word_1_286' title='bbox 1687 2250 1785 2289; x_wconf 87' lang='lat' dir='ltr'>mihi</span> <span class='ocrx_word' id='word_1_287' title='bbox 1811 2265 1902 2290; x_wconf 88' lang='lat' dir='ltr'>cum</span> <span class='ocrx_word' id='word_1_288' title='bbox 1926 2252 1971 2291; x_wconf 85' lang='lat' dir='ltr'>iis</span> 
     </span>
     <span class='ocr_line' id='line_1_33' title="bbox 575 2312 1970 2367; baseline 0.005 -18"><span class='ocrx_word' id='word_1_289' title='bbox 575 2326 652 2350; x_wconf 89' lang='lat' dir='ltr'>non</span> <span class='ocrx_word' id='word_1_290' title='bbox 670 2312 828 2350; x_wconf 84' lang='lat' dir='ltr'>licebit?</span> <span class='ocrx_word' id='word_1_291' title='bbox 852 2313 1000 2352; x_wconf 85' lang='lat' dir='ltr'>Zenoni</span> <span class='ocrx_word' id='word_1_292' title='bbox 1017 2323 1053 2352; x_wconf 87' lang='lat' dir='ltr'>ct</span> <span class='ocrx_word' id='word_1_293' title='bbox 1071 2315 1227 2367; x_wconf 85' lang='lat' dir='ltr'>reliquis</span> <span class='ocrx_word' id='word_1_294' title='bbox 1244 2315 1321 2354; x_wconf 85' lang='lat' dir='ltr'>scre</span> <span class='ocrx_word' id='word_1_295' title='bbox 1342 2316 1478 2354; x_wconf 85' lang='lat' dir='ltr'>Stoicis</span> <span class='ocrx_word' id='word_1_296' title='bbox 1500 2315 1616 2355; x_wconf 73' lang='lat' dir='ltr'>:rther</span> <span class='ocrx_word' id='word_1_297' title='bbox 1632 2317 1781 2354; x_wconf 84' lang='lat' dir='ltr'>videtur</span> <span class='ocrx_word' id='word_1_298' title='bbox 1798 2317 1970 2357; x_wconf 78' lang='lat' dir='ltr'>summus</span> 
     </span>
     <span class='ocr_line' id='line_1_34' title="bbox 578 2378 1970 2435; baseline 0.005 -21"><span class='ocrx_word' id='word_1_299' title='bbox 578 2378 698 2422; x_wconf 87' lang='lat' dir='ltr'>Deus,</span> <span class='ocrx_word' id='word_1_300' title='bbox 721 2387 849 2416; x_wconf 90' lang='lat' dir='ltr'>mente</span> <span class='ocrx_word' id='word_1_301' title='bbox 871 2379 1064 2431; x_wconf 82' lang='lat' dir='ltr'>praeditus,</span> <span class='ocrx_word' id='word_1_302' title='bbox 1086 2394 1160 2432; x_wconf 87' lang='lat' dir='ltr'>qua</span> <span class='ocrx_word' id='word_1_303' title='bbox 1178 2381 1306 2419; x_wconf 76' lang='lat' dir='ltr'>omnia</span> <span class='ocrx_word' id='word_1_304' title='bbox 1328 2391 1518 2433; x_wconf 84' lang='lat' dir='ltr'>regantur.</span> <span class='ocrx_word' id='word_1_305' title='bbox 1551 2381 1769 2427; x_wconf 77' lang='lat' dir='ltr'>Cleanthes,</span> <span class='ocrx_word' id='word_1_306' title='bbox 1787 2383 1970 2435; x_wconf 84' lang='lat' dir='ltr'>quiquafi</span> 
     </span>
     <span class='ocr_line' id='line_1_35' title="bbox 577 2443 1970 2497; baseline 0.005 -18"><span class='ocrx_word' id='word_1_307' title='bbox 577 2444 766 2495; x_wconf 85' lang='lat' dir='ltr'>majorum</span> <span class='ocrx_word' id='word_1_308' title='bbox 786 2443 837 2482; x_wconf 88' lang='lat' dir='ltr'>est</span> <span class='ocrx_word' id='word_1_309' title='bbox 857 2445 1034 2497; x_wconf 87' lang='lat' dir='ltr'>gentium</span> <span class='ocrx_word' id='word_1_310' title='bbox 1055 2445 1217 2490; x_wconf 83' lang='lat' dir='ltr'>Stoicus,</span> <span class='ocrx_word' id='word_1_311' title='bbox 1251 2446 1418 2485; x_wconf 81' lang='lat' dir='ltr'>Zenonis</span> <span class='ocrx_word' id='word_1_312' title='bbox 1447 2447 1609 2491; x_wconf 84' lang='lat' dir='ltr'>auditor,</span> <span class='ocrx_word' id='word_1_313' title='bbox 1634 2447 1760 2485; x_wconf 81' lang='lat' dir='ltr'>Solem</span> <span class='ocrx_word' id='word_1_314' title='bbox 1781 2448 1970 2487; x_wconf 81' lang='lat' dir='ltr'>dominari</span> 
     </span>
     <span class='ocr_line' id='line_1_36' title="bbox 575 2510 1969 2568; baseline 0.006 -22"><span class='ocrx_word' id='word_1_315' title='bbox 575 2516 613 2546; x_wconf 83' lang='lat' dir='ltr'>et</span> <span class='ocrx_word' id='word_1_316' title='bbox 652 2522 775 2548; x_wconf 87' lang='lat' dir='ltr'>rerum</span> <span class='ocrx_word' id='word_1_317' title='bbox 808 2510 922 2562; x_wconf 87' lang='lat' dir='ltr'>potiri</span> <span class='ocrx_word' id='word_1_318' title='bbox 950 2520 1072 2565; x_wconf 85' lang='lat' dir='ltr'>putat.</span> <span class='ocrx_word' id='word_1_319' title='bbox 1131 2513 1263 2565; x_wconf 81' lang='lat' dir='ltr'>Itaque</span> <span class='ocrx_word' id='word_1_320' title='bbox 1297 2513 1473 2567; x_wconf 85' lang='lat' dir='ltr'>cogimur</span> <span class='ocrx_word' id='word_1_321' title='bbox 1509 2513 1727 2553; x_wconf 73' lang='lat' dir='ltr'>diss‘cnfione</span> <span class='ocrx_word' id='word_1_322' title='bbox 1757 2513 1969 2568; x_wconf 77' lang='lat' dir='ltr'>sapientum</span> 
     </span>
    </p>
   </div>
  </div>
 </body>
</html>
