2330 2983
721 273 1314 314 LUCULLUS.
1665 289 1714 326 49

320 375 476 428 ingenio
505 373 650 418 divino,
687 386 805 425 quem
837 387 961 411 unum
991 385 1011 410 e
1041 371 1205 425 physicis
1236 370 1476 424 potiflimum
1507 371 1684 423 probabit
1700 373 1713 408 ?

319 443 407 480 Nec
426 441 514 494 plus
533 453 612 477 uno
631 439 784 491 poterit.
817 439 912 477 Non
931 438 1133 491 persequor
1153 437 1374 488 quaestiones
1395 437 1562 474 infinitas
1581 452 1590 475 z
1629 446 1713 474 tan-

318 505 404 545 tum
424 506 470 543 de
482 505 681 558 principiis
698 518 839 549 rerum,
856 517 876 542 e
888 503 1030 556 quibus
1043 502 1174 540 omnia
1186 502 1370 546 constant,
1385 502 1579 539 videamus
1596 515 1714 554 quem

317 571 467 624 probet.
499 570 567 608 Est
585 569 690 607 enim
705 570 804 607 inter
824 582 983 621 magnos
1004 567 1180 606 homines
1201 567 1351 605 summa
1365 566 1548 604 diffenfio.

373 636 585 674 XXXVII.
617 635 799 687 Princeps
827 633 988 678 Thales,
1019 647 1118 671 unus
1138 646 1160 670 e
1178 631 1337 685 septem,
1373 631 1437 670 cui
1459 631 1519 669 sex
1549 631 1714 683 reliquos

317 701 533 740 consensisse
553 701 698 754 primos
720 699 862 744 ferunt,
883 713 931 738 ex
950 712 1048 752 aqua
1064 699 1162 737 dixit
1188 697 1355 736 constare
1374 697 1518 735 omnia.
1566 698 1621 735 At
1640 695 1715 734 hoc

318 767 621 812 Anaximandro,
642 766 817 820 populari
837 775 875 804 et
895 765 1010 804 sodali
1030 764 1110 809 suo,
1138 777 1215 802 non
1238 763 1415 817 persuafit
1432 777 1442 801 :
1474 763 1506 801 is
1526 763 1631 800 enim
1651 763 1713 800 in-

317 833 509 871 finitatem
528 841 669 870 naturae
688 832 787 870 dixit
806 831 890 876 effe,
924 845 944 868 a
963 843 1039 883 qua
1057 830 1189 868 omnia
1206 830 1468 882 gignerentur.
1527 827 1615 866 Post
1634 828 1714 879 ejus

318 900 469 938 auditor
483 899 760 943 Anaximenes,
781 897 980 936 infinitum
996 900 1078 934 ae'ra
1095 911 1104 934 ε
1138 895 1198 934 sed
1218 909 1273 940 ea,
1296 909 1380 947 quae
1400 908 1448 933 ex
1466 907 1512 932 eo
1527 894 1711 939 orientur,

318 965 497 1003 definita:
529 965 638 1017 gigni
657 973 786 1002 autem
803 973 955 1007 terram,
977 976 1130 1014 aquam,
1148 962 1296 1014 ignem,
1313 970 1400 998 tum
1420 973 1467 998 ex
1487 959 1548 997 his
1569 960 1712 998 omnia.

319 1033 576 1083 Anaxagoras,
596 1030 795 1068 materiam
816 1028 1009 1066 infinitam
1027 1042 1037 1065 ι
1060 1027 1123 1065 sed
1142 1040 1189 1065 ex
1210 1040 1253 1064 ea
1267 1025 1470 1079 particulas
1491 1025 1631 1063 fimiles
1651 1025 1714 1063 in-

318 1107 377 1135 ter
395 1097 445 1142 se,
466 1096 633 1134 minutas
653 1114 663 1141 ;
685 1108 744 1133 eas
765 1096 939 1148 primum
959 1091 1147 1138 confusas.
1171 1092 1296 1145 postea
1313 1093 1354 1130 in
1374 1091 1550 1130 ordinem
1570 1091 1715 1129 adduc-

319 1172 374 1201 tas
395 1175 416 1200 a
438 1171 568 1200 mente
587 1162 728 1199 divina.
786 1158 1044 1212 Xenophanes
1076 1159 1190 1212 paulo
1215 1160 1331 1196 etiam
1350 1157 1559 1210 antiquior,
1593 1169 1716 1195 unum

318 1227 389 1267 esse
406 1228 550 1273 omnia,
581 1240 705 1280 neque
724 1226 764 1264 id
783 1225 852 1264 effe
872 1225 1073 1269 mutabile,
1095 1233 1132 1262 et
1162 1224 1202 1261 id
1220 1223 1291 1262 effe
1318 1223 1466 1268 Deum,
1501 1235 1627 1275 neque
1647 1235 1715 1260 na-

318 1304 405 1333 tum
426 1308 598 1347 unquam
627 1302 665 1331 et
685 1293 975 1346 sempiternum,
1007 1288 1237 1343 conglobata
1258 1289 1394 1343 figura.
1455 1289 1715 1333 Parmenides,

318 1362 467 1414 ignem,
497 1362 565 1412 qui
585 1369 736 1398 moveat
769 1368 918 1402 terram,
949 1371 1033 1409 quae
1067 1357 1113 1394 ab
1139 1370 1183 1394 eo
1216 1355 1418 1394 formetur.
1478 1356 1715 1408 Leucippus,

321 1427 483 1479 plenum
502 1435 540 1463 et
559 1426 681 1462 inane.
704 1423 953 1462 Democritus
973 1421 1065 1460 huic
1086 1422 1126 1459 in
1146 1420 1223 1459 hoc
1242 1421 1389 1465 fimilis,
1411 1420 1563 1458 uberior
1582 1420 1621 1458 in
1641 1434 1717 1458 cae-

322 1493 426 1530 teris.
469 1489 738 1543 EmpedocleS,
767 1488 850 1526 haec
879 1488 1100 1540 pervulgata
1127 1496 1166 1523 et
1200 1495 1289 1524 nota
1319 1494 1495 1537 quatuor.
1536 1486 1716 1523 Heracli·

320 1567 398 1602 tus,
420 1557 562 1609 ignem.
613 1553 803 1598 Melissus,
822 1552 912 1597 hoc,
939 1551 1044 1604 quod
1063 1551 1150 1589 effet
1170 1550 1370 1588 infinitum
1399 1559 1437 1587 et
1456 1550 1716 1594 immutabile,

322 1632 360 1661 et
379 1621 487 1660 fuisse
507 1621 652 1673 semper
670 1628 708 1657 et
727 1618 822 1658 fore.
868 1619 978 1657 Plato
997 1631 1044 1656 ex
1064 1617 1235 1661 materia,
1267 1617 1306 1654 in
1326 1615 1361 1654 se
1379 1615 1511 1654 omnia
1530 1616 1718 1668 recipien-

321 1697 372 1733 te,
394 1686 588 1725 mundum
607 1684 677 1724 effe
695 1684 842 1723 factum
862 1683 987 1722 censet
1007 1696 1027 1721 a
1046 1684 1132 1722 Deo
1148 1682 1440 1735 sempiternum.
1487 1679 1718 1734 Pythagorei

319 1767 368 1792 ex
387 1753 570 1797 numeris,
603 1761 643 1790 et
668 1750 1031 1790 mathematicorum
1062 1749 1183 1788 initiis
1204 1748 1392 1801 proficisci
1411 1747 1548 1786 volunt
1573 1749 1716 1787 omnia,

320 1820 383 1858 Ex
402 1818 462 1857 his
482 1819 598 1871 eliget
616 1817 735 1856 vester
755 1817 899 1869 sapiens
921 1829 1043 1854 unum
1064 1815 1250 1867 aliquem,
1282 1813 1410 1858 credo,
1443 1826 1561 1865 quem
1584 1813 1716 1866 sequa-

321 1894 385 1923 tur
402 1899 411 1923 :
440 1884 579 1928 caeteri,
601 1893 659 1922 tot
678 1883 750 1920 viri
770 1892 808 1920 et
828 1882 938 1927 tanti,
960 1881 1147 1933 repudiati
1167 1880 1213 1918 ab
1233 1893 1278 1918 eo
1298 1879 1620 1931 condemnatique
1640 1879 1716 1917 dis-

321 1951 471 1989 cedent.

376 2018 664 2068 Qamcunque
704 2028 792 2054 vero
830 2014 1057 2053 sententiam
1090 2012 1304 2066 probaverit
1318 2041 1329 2057 ‚
1378 2025 1463 2050 eam
1497 2011 1547 2050 fic
1588 2010 1718 2049 animo

322 2081 636 2135 comprehensam
664 2080 835 2126 habebit,
866 2090 910 2118 ut
944 2093 986 2119 ea
1005 2094 1089 2132 quae
1109 2079 1275 2117 senfibus
1289 2097 1300 2123 5
1333 2091 1403 2116 nec
1430 2077 1553 2130 magis
1579 2090 1718 2130 appro-

322 2149 430 2187 babit
450 2161 552 2186 nunc
572 2148 712 2192 lucere,
744 2161 875 2200 quam,
911 2147 1096 2198 quoniam
1117 2146 1265 2184 Stoicus
1292 2144 1358 2189 est,
1389 2142 1494 2181 hunc
1524 2143 1720 2181 mundum

321 2215 392 2253 effe
411 2215 633 2267 sapientem,
664 2213 802 2252 habere
822 2222 1009 2257 mentem,
1037 2226 1121 2265 quae
1141 2221 1179 2249 et
1199 2211 1235 2249 se
1255 2220 1294 2249 et
1313 2211 1439 2263 ipsum
1459 2209 1641 2251 fabricata
1660 2209 1717 2252 fit,

323 2290 362 2318 et
381 2281 512 2318 omnia
531 2279 761 2324 moderetur,
781 2288 944 2323 moveat,
967 2288 1082 2331 regat.
1116 2278 1201 2315 Erit
1221 2277 1255 2314 ei
1270 2275 1489 2329 persuasum
1507 2275 1636 2318 etiam,
1659 2273 1719 2311 so-

323 2346 415 2389 lem,
439 2345 584 2390 lunam,
604 2345 725 2383 stellas
745 2358 894 2390 omnes,
927 2354 1077 2388 terram,
1102 2356 1218 2387 mare,
1245 2343 1335 2380 deos
1366 2341 1451 2385 effe,
1487 2340 1593 2393 qubd
1611 2352 1717 2391 quae·

323 2411 411 2449 dam
427 2411 601 2449 animalis
622 2411 874 2464 intelligentia
889 2424 955 2463 per
969 2409 1101 2448 omnia
1119 2423 1159 2446 ea
1175 2417 1358 2461 permeet,
1380 2417 1417 2445 et
1435 2406 1591 2445 transeat
1607 2419 1615 2443 :
1638 2403 1725 2443 fore

324 2486 452 2514 tamen
473 2476 693 2527 aliquando,
715 2486 758 2514 ut
776 2476 902 2514 omnis
924 2474 989 2513 hic
1009 2474 1178 2512 mundus
1198 2473 1327 2511 ardore
1343 2471 1534 2523 deflagret.

364 2541 596 2580 XXXVIII.
620 2541 704 2580 Sint
723 2542 790 2580 ista
804 2554 887 2581 vera
902 2559 914 2587 5
939 2541 1060 2593 (vides
1075 2541 1180 2578 enim
1190 2540 1273 2592 jam
1289 2551 1352 2577 me
1363 2536 1476 2575 ‘fateri
1488 2534 1633 2589 aliquid
1649 2533 1719 2573 effe

423 2607 462 2645 T
475 2620 499 2645 0
517 2618 566 2645 M-
600 2606 652 2645 ΙΙ.
1378 2603 1417 2640 G
