2330 2983
568 266 647 307 216
991 260 1094 299 DE
1153 257 1537 298 F'INIBUS

566 367 635 420 qui
656 364 750 404 dum
772 364 810 402 in
832 363 985 416 pulvere
1005 360 1182 414 quaedam
1202 359 1381 398 describit
1400 357 1596 403 attentius,
1623 370 1670 396 ne
1688 357 1850 410 patriam
1877 357 1970 410 qui-

567 434 657 471 dem
688 439 839 483 captam
870 427 941 466 ess‘e
960 426 1140 466 senserit?
1172 427 1376 479 Qantum
1400 424 1619 463 Aristoxeni
1650 425 1852 477 ingenium
1872 437 1970 463 con-

566 498 766 550 sumptum
788 494 962 533 videmus
983 493 1024 531 in
1043 491 1226 531 musicis?
1264 493 1357 545 Qo
1376 490 1500 529 studio
1528 488 1825 542 Aristophanem
1855 499 1971 543 puta-

567 577 656 602 mus
687 571 837 601 aetatem
874 559 913 597 in
943 559 1064 598 literis
1095 557 1268 596 duxisse?
1304 556 1413 606 Qid
1443 556 1489 594 de
1510 555 1756 609 Pythagora?
1789 556 1898 608 Qid
1924 555 1972 594 de

568 630 728 670 Platone
747 636 812 666 aut
833 625 1062 665 Democrito
1081 624 1229 676 loquar,
1251 637 1271 661 a
1291 623 1434 675 quibus
1454 631 1608 676 propter
1628 621 1798 661 discendi
1814 622 1970 675 cupidi-

567 706 687 736 tatem
708 694 883 733 videmus
900 692 1057 730 ultimas
1078 699 1190 728 terras
1206 689 1278 727 effe
1290 689 1528 742 peragratas?
1551 702 1636 741 quae
1648 689 1716 740 qui
1730 702 1810 727 non
1823 688 1970 732 vident,

569 761 669 801 nihil
691 772 862 811 unquam
882 769 1021 810 magna
1040 756 1263 809 cognitione
1282 755 1446 807 dignum
1465 763 1701 792 amaverunt.
1746 755 1879 805 Atque
1894 752 1972 792 hoc

568 829 669 872 loco,
702 827 771 879 qui
804 833 959 878 propter
988 821 1109 860 animi
1142 821 1352 873 voluptates
1383 819 1461 858 coli
1491 819 1628 857 dicunt
1647 832 1690 857 ea
1718 818 1852 863 studia,
1885 832 1971 871 quae

568 894 664 937 dixi,
700 905 777 930 non
799 889 1022 942 intelligunt
1041 887 1187 927 idcirco
1215 885 1286 925 effe
1305 899 1347 924 ea
1366 895 1521 938 propter
1541 885 1577 923 se
1605 884 1828 938 expetenda,
1850 885 1970 937 quod,

570 959 677 999 nulla
709 957 875 997 utilitate
908 955 1068 1006 objecta,
1101 953 1336 992 delectentur
1368 952 1504 997 animi,
1542 960 1657 1004 atque
1689 950 1769 1004 ipsa
1801 950 1970 996 scientia,

568 1027 685 1065 etiarn
706 1025 732 1063 si
754 1021 1002 1062 incommoda
1020 1020 1153 1058 datura
1170 1019 1227 1064 sit,
1243 1018 1446 1072 gaudeant.

629 1091 702 1130 Sed
732 1089 827 1143 quid
861 1088 997 1126 attinet
1027 1087 1074 1124 de
1108 1086 1219 1124 rebus
1251 1095 1330 1123 tam
1357 1084 1495 1138 apertis
1515 1083 1626 1136 plura
1645 1082 1863 1136 requirere?
1896 1082 1971 1136 Ipsi

562 1159 669 1197 enim
699 1169 913 1211 quaeramus
943 1167 964 1191 a
996 1152 1122 1197 nobis,
1164 1151 1357 1190 stellarum
1388 1160 1517 1189 motus
1545 1149 1971 1202 contemplationesque

568 1237 697 1263 rerum
727 1221 950 1264 caelestium,
980 1231 1194 1270 eorumque
1227 1217 1423 1261 omniurn,
1454 1230 1540 1269 quae
1570 1225 1712 1253 naturae
1741 1215 1974 1254 obscuritate

567 1289 835 1332 occultantur,
875 1285 1144 1338 cognitiones,
1190 1281 1523 1336 quemadmodum
1560 1295 1628 1320 nos
1672 1291 1852 1320 moveant
1870 1299 1883 1327 5
1932 1291 1973 1319 et

567 1356 664 1411 quid
683 1354 839 1394 historia
868 1352 1043 1396 delectet,
1075 1364 1194 1403 quam
1225 1348 1582 1402 solemus‘persequi
1615 1347 1735 1400 usque
1767 1348 1815 1386 ad
1844 1357 1972 1387 extre-

568 1436 682 1463 mum
700 1436 709 1460 z
743 1417 984 1474 praetermiss'a
1003 1417 1228 1470 repetimus,
1251 1414 1430 1454 inchoata
1448 1414 1727 1468 persequimur.
1777 1414 1865 1453 Nec
1884 1427 1974 1454 vero

568 1489 654 1528 sum
675 1486 828 1530 inscim,
863 1484 935 1522 esse
969 1483 1180 1521 utilitatem
1201 1482 1240 1520 in
1274 1480 1443 1523 historia,
1473 1494 1551 1519 non
1571 1479 1690 1519 modo
1716 1479 1972 1533 voluptatem.

569 1554 694 1606 Qid,
715 1565 808 1591 cum
824 1549 928 1588 fictas
950 1547 1112 1592 fabulas,
1126 1560 1146 1585 e
1166 1546 1308 1600 quibus
1325 1546 1470 1585 utilitas
1491 1545 1598 1584 nulla
1616 1545 1707 1584 duci
1725 1545 1863 1599 potest,
1879 1558 1974 1585 cum

570 1621 766 1672 xoluptate
801 1615 997 1669 legimus?
1029 1613 1152 1665 Qid,
1187 1626 1280 1651 curn
1314 1612 1495 1650 volumus
1530 1611 1688 1650 nomina
1715 1624 1864 1657 eorum,
1904 1612 1973 1665 qui

569 1686 666 1739 quid
685 1683 874 1737 gesserint,
907 1690 998 1719 nota
1014 1680 1126 1718 nobis
1160 1679 1246 1724 effe,
1276 1688 1464 1732 parentes,
1486 1678 1662 1731 patriam,
1692 1679 1821 1716 multa
1837 1688 1972 1731 praete-

570 1765 630 1790 rea
665 1750 829 1790 minime
863 1745 1097 1786 necessaria?
1143 1744 1265 1797 Qid,
1298 1744 1402 1796 quod
1432 1743 1611 1783 homines
1645 1743 1782 1782 infima
1800 1742 1971 1789 fortuna,

570 1817 676 1857 nulla
696 1816 756 1869 spe
777 1828 904 1853 rerum
924 1811 1192 1866 gerendarum,
1213 1810 1369 1864 opifices
1389 1810 1571 1863 denique,
1593 1809 1831 1849 delectentur
1849 1809 1973 1848 histo-

570 1883 654 1924 ria?
688 1883 936 1934 maximeque
957 1893 1020 1917 eos
1048 1878 1174 1918 videre
1204 1877 1400 1932 possumus
1421 1889 1477 1915 res
1497 1875 1617 1930 gestas
1636 1876 1766 1915 audire
1790 1886 1827 1914 et
1848 1876 1974 1930 legere

570 1951 681 1995 velle,
722 1949 790 2002 qui
826 1961 846 1985 a
877 1947 938 1999 spe
959 1945 1115 1999 gerendi
1149 1945 1300 1990 absunt,
1327 1942 1495 1984 confesti
1515 1943 1720 1982 senectute.
1780 1943 1974 1995 roirca

571 2016 737 2068 intelligi
759 2013 898 2053 neccsse
919 2012 984 2057 est,
1016 2012 1054 2050 in
1088 2010 1174 2064 ipsis
1194 2010 1320 2055 rebus,
1352 2022 1438 2062 quae
1457 2008 1656 2048 discuntur
1674 2018 1712 2047 et
1731 2008 1973 2061 cognoscun-

571 2093 648 2127 tur,
670 2082 920 2120 invitamenta
939 2077 1066 2123 inesse,
1097 2077 1241 2131 quibus
1272 2076 1319 2115 ad
1338 2075 1563 2115 discendum
1583 2074 1974 2128 cognoscendumque

572 2161 809 2188 moveamur.

627 2216 687 2253 Ac
708 2223 848 2252 veteres
868 2211 1027 2265 quidem
1049 2209 1286 2264 philosophi,
1321 2209 1361 2248 in
1392 2208 1594 2247 beatorum
1627 2207 1774 2253 insulis,
1804 2206 1973 2260 fingunt,

570 2281 695 2336 qualis
717 2279 850 2319 natura
870 2279 913 2318 sit
934 2279 1011 2317 vita
1029 2277 1273 2332 sapientium,
1294 2290 1391 2330 quos
1411 2289 1502 2314 cura
1520 2275 1630 2313 omni
1655 2274 1849 2319 liberatos,
1881 2274 1973 2313 nul-

571 2350 656 2387 lum
692 2345 936 2386 ncceffarium
970 2345 1057 2383 vitu:
1088 2343 1241 2382 cultum
1279 2353 1344 2381 aut
1374 2351 1547 2396 paratum
1580 2341 1828 2394 requirentes,
1873 2339 1973 2379 nihil

573 2414 676 2453 aliud
710 2412 780 2451 effe
800 2415 947 2451 acturos
979 2420 1128 2464 putant,
1165 2410 1231 2448 nisi
1253 2419 1295 2448 ut
1315 2423 1430 2448 omne
1458 2418 1613 2461 tempus
1634 2409 1673 2447 in
1694 2407 1900 2461 quaerendo
1929 2419 1974 2445 ac

573 2479 767 2524 discendo.
801 2479 840 2517 in
873 2488 1014 2517 natura:
1041 2477 1262 2531 cognitione
1282 2476 1523 2515 consumant.
1557 2475 1642 2514 Nos
1662 2484 1792 2513 autem
1814 2486 1889 2513 non
1911 2473 1972 2512 so·

574 2547 658 2586 lum
690 2547 803 2585 beata:
825 2547 909 2585 vitre
941 2545 1048 2584 istam
1078 2544 1372 2583 oblectationem
1403 2542 1593 2587 videmus,
1630 2541 1690 2581 sed
1723 2541 1839 2580 etiam
1869 2539 1972 2578 leva-

575 2624 754 2654 mentum
789 2613 1039 2652 miseriarum.
1100 2612 1235 2665 Itaque
1274 2610 1391 2651 multi
1424 2623 1517 2649 cum
1562 2610 1602 2648 in
1642 2608 1824 2663 potestate
1856 2606 1972 2646 effent
