2330 2983
781 253 1364 292 LUCULLUS
1723 267 1773 308 43

372 361 548 392 mecum,
578 345 647 400 qui
665 344 741 384 hoc
761 346 920 398 quidem
935 356 1050 391 certe,
1072 344 1154 384 falfi
1173 344 1245 384 esse
1264 344 1411 397 aliquid
1430 344 1471 383 in
1491 344 1670 391 sensibus,
1702 347 1774 385 tibi

372 414 560 452 affentior.

430 479 666 530 Qanquam
686 475 785 514 nihil
806 475 907 514 mihi
928 485 1007 514 tam
1028 477 1172 514 mirum
1194 476 1358 521 videtur,
1380 490 1496 528 quam
1516 477 1584 515 ista
1601 477 1696 521 dici,
1727 478 1774 515 ab

373 543 573 582 Antiocho
601 542 760 596 quidem
779 542 961 587 maxime,
995 543 1059 580 cui
1079 553 1198 587 erant,
1229 556 1313 595 quae
1333 543 1447 595 paulo
1466 552 1551 581 ante
1576 544 1670 588 dixi,
1701 557 1773 581 no-

373 609 528 649 tiffima.
570 609 682 648 Licet
701 608 807 646 enim
836 606 917 647 haec
940 608 1065 660 quivis
1085 608 1269 647 arbitratu
1290 608 1356 646 suo
1372 607 1635 662 reprehendat,
1667 609 1774 660 quod

374 688 560 728 negemus
594 688 677 713 rem
708 674 828 712 ullam
847 675 996 727 percipi
1015 673 1118 727 posse
1132 693 1144 719 ς
1176 683 1277 712 certe
1301 674 1421 713 levior
1450 673 1688 728 reprehensio
1708 673 1773 712 est.

375 742 495 793 Qod
516 750 644 780 tamen
664 740 831 778 dicimus
862 739 933 778 effe
953 741 1128 792 quaedam
1154 740 1393 793 probabilia-3
1426 754 1504 779 non
1524 740 1675 778 videtur
1700 738 1776 777 hoc

375 806 462 845 satis
482 806 553 845 effe
572 806 695 845 vobis.
727 806 792 844 Ne
811 806 870 845 fit.
893 806 964 844 Illa
983 815 1083 844 certe
1103 806 1286 845 debemus
1306 805 1488 858 effugere,
1510 819 1594 858 quae
1619 819 1640 843 a
1660 815 1696 843 te
1715 805 1775 843 vel

375 874 547 912 maxime
566 873 706 926 agitata
725 871 811 910 sunt
828 890 840 917 ς
863 872 974 911 Nihil
987 872 1104 924 igitur
1118 874 1231 912 cet-nis
1244 874 1264 912 ἓ
1284 873 1378 912 nihil
1391 873 1492 912 audis
1503 874 1525 912 ἓ
1544 873 1638 912 nihil
1646 872 1690 926 est
1709 871 1779 910 tibi

367 939 593 992 perspicuum
606 938 626 976 ,ἒ
657 937 859 990 Explicavi
877 937 992 989 paulo
1011 947 1111 982 ante,
1134 937 1382 976 Clitomacho
1402 940 1566 982 auctore,
1588 951 1666 990 quo
1686 951 1774 975 mo-

375 1005 427 1042 do
456 1003 525 1042 ista
544 1002 755 1041 Carneades
789 1003 958 1041 diceret:
990 1003 1120 1055 accipe
1140 1003 1473 1055 quemadmodum
1493 1017 1535 1041 ea
1561 1004 1737 1042 dicantur
1755 1016 1777 1040 a

378 1067 627 1108 Clitomacho
647 1068 688 1106 in
707 1081 752 1106 eo
775 1067 888 1113 libro,
925 1081 1044 1120 quem
1064 1068 1110 1106 ad
1132 1070 1179 1107 C.
1200 1069 1402 1108 Lucilium
1431 1069 1577 1121 scripsit
1605 1078 1774 1123 poetam,

375 1149 469 1174 cum
486 1133 681 1188 scripsisset
699 1133 834 1172 iisdem
851 1134 897 1171 de
913 1134 1025 1172 rebus
1044 1134 1090 1172 ad
1106 1136 1155 1173 L.
1172 1134 1443 1180 Censorinum,
1460 1149 1565 1179 eum,
1582 1135 1650 1188 qui
1667 1136 1775 1172 Con-

376 1201 435 1239 sul
455 1213 548 1238 cum
569 1200 644 1238 Μ’.
668 1199 837 1237 Manilio
856 1197 946 1237 fuit.
1007 1199 1162 1252 Scripfit
1192 1200 1310 1252 igitur
1328 1200 1389 1239 his
1409 1200 1488 1239 fere
1506 1200 1630 1239 verbis
1651 1215 1659 1238 :
1692 1200 1778 1238 sunt

376 1267 484 1305 enim
506 1265 606 1305 mihi
627 1275 730 1310 nota,
763 1274 960 1317 propterea
979 1266 1083 1317 quod
1115 1279 1244 1304 earum
1264 1267 1431 1319 ipsarum
1452 1280 1593 1311 rerum,
1615 1266 1661 1304 de
1687 1267 1777 1318 qui-

379 1333 450 1371 bus
470 1333 635 1385 agimus,
667 1331 793 1384 prima
822 1330 1012 1369 institutio
1031 1340 1070 1369 et
1089 1331 1191 1383 quafi
1221 1332 1421 1385 disciplina
1438 1333 1508 1371 illo
1526 1333 1629 1370 libro
1648 1332 1777 1370 conti-

379 1407 519 1442 netur;
549 1397 613 1435 sed
633 1396 820 1448 scriptum
839 1395 892 1433 est
911 1397 962 1432 ita
979 1414 991 1440 ς
1025 1403 1052 1419 “
1074 1397 1320 1436 Academicis
1352 1398 1514 1451 placere,
1549 1398 1619 1436 esse
1649 1412 1778 1437 rerum

380 1471 409 1487 “
438 1463 625 1516 ejusmodi
655 1461 994 1505 dissimilitudines,
1025 1471 1068 1499 ut
1094 1463 1174 1500 aliae
1203 1463 1419 1514 probabiles
1453 1463 1665 1509 videantur,
1696 1464 1777 1502 aliae

380 1537 411 1554 “
440 1538 597 1568 contra:
630 1528 670 1565 id
689 1536 819 1566 autem
851 1541 930 1565 non
949 1526 1020 1564 effe
1040 1527 1140 1573 satis,
1171 1541 1241 1566 cur
1274 1529 1346 1566 alia
1365 1530 1513 1582 percipi
1538 1529 1640 1583 poffe
1660 1531 1776 1575 dicas,

380 1603 410 1620 “
440 1595 512 1633 alia
531 1607 609 1632 non
629 1592 755 1647 posse,
779 1602 977 1645 propterea
991 1594 1096 1645 quod
1116 1594 1240 1632 multa
1257 1594 1348 1633 falsa
1367 1595 1581 1648 probabilia
1597 1596 1692 1635 sint:
1716 1597 1780 1634 ni-

380 1669 411 1685 “
438 1659 496 1698 hil
516 1669 646 1698 autem
665 1658 746 1697 falfi
767 1669 1007 1713 perceptum,
1029 1669 1068 1698 et
1086 1661 1290 1714 cognitum
1305 1662 1418 1714 poffit
1437 1661 1548 1700 effe.‘’
1579 1663 1712 1715 Itaque
1727 1664 1781 1701 ait

377 1725 627 1765 vehementer
652 1738 771 1762 errare
801 1738 879 1770 eos,
911 1724 979 1777 qui
999 1724 1144 1771 dicant,
1176 1727 1223 1764 ab
1245 1727 1455 1765 Academia
1474 1727 1598 1765 sensus
1618 1729 1741 1781 eripi,
1759 1742 1780 1766 a

375 1791 521 1845 quibus
542 1804 744 1844 nunquam
764 1789 914 1829 dictum
935 1791 993 1835 slt,
1025 1799 1090 1829 aut
1109 1792 1293 1837 colorem,
1327 1802 1393 1830 aut
1412 1793 1598 1846 saporem,
1630 1803 1696 1832 aut
1715 1794 1776 1832 so-

378 1872 478 1897 num
492 1858 649 1896 nullum
665 1857 755 1901 effe;
772 1857 872 1895 illud
887 1857 932 1894 fit
944 1857 1194 1910 disputatum,
1212 1872 1289 1897 non
1305 1858 1418 1897 ineffe
1434 1859 1473 1897 in
1489 1858 1550 1897 his
1568 1861 1777 1913 propriam,

376 1939 465 1977 quae
485 1923 673 1976 nusquam
692 1923 784 1960 alibi
803 1922 903 1968 efflet,
926 1924 1004 1961 veri
1023 1933 1062 1962 et
1081 1925 1175 1963 certi
1194 1935 1341 1964 notam.

435 1992 534 2042 Qae
567 2003 660 2027 cum
691 1988 932 2042 exposuisset,
962 1991 1150 2043 adjungit,
1181 1991 1387 2044 dupliciter
1417 1991 1494 2030 dici
1513 1991 1671 2030 ass‘ensus
1698 1990 1776 2030 sus-

379 2057 501 2096 tinere
535 2055 742 2108 sapientem
761 2070 769 2094 :
821 2069 899 2094 uno
933 2057 1064 2102 modo,
1094 2071 1187 2095 cum
1215 2056 1291 2096 hoc
1321 2058 1572 2111 intelligatur,
1617 2059 1778 2098 omnino

378 2136 470 2161 eum
490 2122 544 2160 rei
564 2121 663 2160 nulli
682 2121 846 2159 assentiri
862 2140 874 2167 ;
896 2123 1026 2168 altero,
1044 2135 1136 2161 cum
1157 2123 1191 2161 se
1211 2137 1231 2161 a
1247 2123 1521 2177 respondendo,
1546 2125 1608 2176 (ut
1623 2134 1687 2163 aut
1707 2138 1776 2178 ap-

380 2188 517 2241 probet
537 2187 645 2239 quid,
666 2197 732 2225 aut
751 2187 962 2240 improbet)
985 2188 1179 2234 sustineat,
1202 2199 1245 2227 ut
1261 2203 1385 2243 neque
1399 2199 1512 2243 neget
1527 2190 1688 2242 aliquid,
1708 2204 1778 2229 ne-

378 2268 457 2306 que
476 2254 563 2292 aiat.
607 2253 651 2292 Id
671 2267 761 2292 cum
783 2255 835 2291 ita
851 2255 896 2292 sit
911 2273 923 2299 ;
945 2255 1106 2294 alterum
1127 2256 1289 2309 placere,
1321 2265 1363 2294 ut
1383 2270 1586 2309 nunquam
1604 2256 1776 2295 assentia-

382 2329 471 2365 tur;
502 2320 663 2358 alterum
685 2330 824 2365 tenere,
847 2331 890 2358 ut
910 2321 1066 2374 sequens
1083 2322 1406 2375 probabilitatem,
1438 2323 1676 2375 ubicumque
1694 2323 1777 2362 haec

379 2395 447 2423 aut
475 2395 646 2431 occurat,
678 2396 744 2424 aut
772 2386 938 2432 deficiat,
968 2397 1033 2426 aut
1051 2389 1172 2433 etiam,
1203 2398 1267 2427 aut
1301 2404 1368 2428 non
1402 2389 1624 2443 respondere
1647 2389 1776 2442 possit.

382 2451 489 2489 Nam
510 2464 602 2488 cum
620 2451 780 2504 placeat,
810 2466 915 2498 eum,
946 2454 1013 2506 qui
1045 2454 1092 2492 de
1110 2454 1292 2493 omnibus
1313 2454 1423 2492 rebus
1443 2454 1637 2492 contineat
1667 2454 1702 2493 se
1729 2455 1777 2494 ab

379 2516 625 2563 assentiendm
661 2520 806 2558 moveri
843 2529 972 2558 tamen
1002 2530 1040 2559 ct
1075 2534 1182 2574 agere
1216 2521 1376 2574 aliquid,
1407 2521 1562 2574 reliquit
1591 2521 1777 2574 ejusmodi

382 2581 471 2628 visa,
502 2583 642 2636 quibus
675 2585 721 2627 ad
750 2585 939 2626 astionem
958 2587 1200 2625 excitemur:
1233 2588 1326 2626 item
1352 2600 1407 2632 ea,
1443 2600 1528 2638 quae
1557 2587 1779 2641 interrogati

1398 2653 1485 2692 Fz
