2330 2983
652 340 927 379 LIBER
985 339 1404 379 TERTIUS.
1636 351 1730 394 >497

333 438 489 477 nullum
507 438 558 477 est
578 451 711 477 eorum
741 438 1001 483 individuum,
1032 439 1187 477 nullum
1208 448 1406 476 aeternum.
1457 438 1581 490 Atqui
1610 451 1726 476 omne

334 505 475 542 animal
495 504 541 541 ad
558 503 820 556 accipiendam
840 503 919 541 vim
942 512 1151 547 externam,
1179 512 1216 540 et
1243 502 1439 540 ferendam
1457 513 1631 555 paratum
1658 503 1723 541 est.

333 569 503 607 Mortale
533 570 652 622 igitur
670 582 787 607 omne
806 569 962 613 animal,
993 578 1031 606 et
1050 567 1281 612 dissolubile,
1309 577 1346 605 et
1372 568 1575 606 dividuum
1594 569 1638 606 s1t
1659 582 1725 607 nc-

333 634 427 671 cefl'e
446 634 512 672 est.

388 701 445 737 Ut
475 700 595 744 enim,
626 700 653 738 fi
683 700 810 738 omnis
841 713 923 738 cera
953 699 1243 738 commutabilis
1278 699 1379 744 effet,
1410 698 1510 738 nihil
1544 700 1633 738 effet
1663 713 1726 738 ce-

331 777 456 810 reum,
477 765 582 817 quod
601 766 833 804 commutari
853 779 930 803 non
950 765 1068 818 poffet
1079 783 1091 809 ;
1123 765 1218 803 item
1238 764 1338 803 nihil
1358 775 1595 818 argenteum,
1629 764 1726 803 nihil

332 843 497 876 aeneum,
528 831 554 869 fi
575 831 864 870 commutabilis
895 831 984 870 esset
1009 841 1142 870 natura
1171 832 1316 885 argenti
1346 841 1385 870 et
1418 833 1524 871 aeris:
1557 832 1729 870 fimiliter

331 895 465 946 igitur,
498 895 524 933 fi
543 896 687 940 omnia,
718 910 803 949 quae
823 896 923 941 sunt,
944 909 964 934 e
984 896 1126 949 quibus
1156 898 1292 934 cuncta
1311 896 1497 942 constant,
1525 896 1729 935 mutabilia

332 959 445 1005 sunt,
468 961 622 998 nullum
642 974 780 1014 corpus
801 960 871 998 ess‘e
891 961 1011 1013 potest
1031 975 1110 999 non
1130 961 1341 1000 mutabile:
1374 962 1577 1000 mutabilia
1595 971 1726 999 autem

331 1023 419 1062 sunt
442 1025 521 1070 illa,
551 1039 599 1064 ex
632 1027 773 1078 quibus
806 1027 938 1065 omnia
971 1027 1157 1072 constant,
1189 1036 1231 1065 ut
1262 1027 1370 1065 vobis
1403 1027 1554 1066 videtur
1569 1046 1581 1072 ς
1612 1040 1728 1065 omne

329 1090 451 1142 igitur
469 1105 606 1145 corpus
633 1093 820 1131 mutabile
839 1093 903 1132 est.
955 1095 1009 1132 At
1030 1093 1055 1131 fi
1076 1093 1164 1131 esset
1183 1107 1321 1146 corpus
1347 1093 1504 1145 aliquod
1524 1094 1728 1131 immorta-

329 1155 380 1200 le,
402 1169 480 1194 non
500 1157 589 1195 effet
607 1171 724 1196 omne
743 1158 942 1196 mutabile.
985 1159 1044 1196 Ita
1061 1157 1240 1202 efficitur,
1263 1166 1307 1195 ut
1326 1170 1443 1196 omne
1463 1171 1600 1210 corpus
1621 1171 1728 1195 mor-

330 1221 405 1260 tale
424 1221 481 1260 s1t.
527 1223 686 1261 Etenim
705 1236 821 1261 omne
841 1236 995 1276 corpuS,
1027 1231 1092 1260 aut
1111 1236 1223 1275 aqua,
1255 1232 1320 1262 aut
1339 1236 1412 1268 aer,
1434 1232 1498 1260 aut
1518 1223 1633 1274 ignis,
1663 1231 1728 1260 aut

330 1296 427 1325 terra
449 1287 516 1333 est,
537 1297 602 1326 aut
622 1288 675 1333 id,
708 1289 812 1340 quod
832 1289 884 1326 est
904 1297 1129 1326 concretum
1149 1302 1196 1327 ex
1216 1287 1292 1333 his,
1324 1297 1390 1326 aut
1409 1301 1456 1327 ex
1476 1288 1604 1340 aliqua
1624 1296 1729 1340 parte

329 1366 465 1391 eorum
483 1369 492 1392 :
514 1352 656 1392 horum
675 1363 805 1392 autem
825 1353 924 1392 nihil
945 1355 1011 1399 est,
1031 1355 1126 1407 quin
1148 1355 1320 1393 intereat.
1352 1354 1459 1393 Nam
1474 1362 1512 1392 et
1532 1363 1728 1392 terrenum

330 1432 447 1458 omne
477 1419 673 1464 dividitur,
704 1429 742 1458 et
772 1419 914 1459 humor
946 1421 996 1458 ita
1027 1420 1157 1459 mollis
1188 1420 1253 1466 est,
1284 1429 1328 1458 ut
1357 1419 1470 1458 facile
1504 1420 1746 1472 comprimi,

330 1486 542 1538 collidique
561 1485 686 1538 poffit.
733 1487 838 1539 Ignis
858 1500 960 1532 vero,
981 1496 1019 1525 et
1038 1501 1097 1525 aer
1116 1488 1225 1525 omni
1245 1487 1417 1540 impulsu
1437 1486 1622 1525 facillime
1643 1486 1727 1538 pel-

329 1553 437 1597 litur,
466 1554 677 1603 naturaque
696 1553 832 1590 cedens
851 1553 903 1590 est
923 1553 1091 1591 maxime
1111 1561 1150 1590 et
1169 1552 1406 1604 diffipabilis.
1438 1552 1620 1589 Praeterea
1638 1564 1727 1588 om-

329 1619 393 1656 nia
422 1617 504 1656 haec
539 1627 624 1655 tum
656 1618 860 1660 intereunt,
892 1630 984 1653 cum
1009 1617 1050 1653 in
1082 1625 1256 1653 naturam
1286 1616 1399 1654 aliam
1419 1625 1696 1654 convertuntur
1713 1635 1725 1661 ς

329 1683 436 1735 quod
466 1682 524 1727 fit,
554 1695 647 1720 cum
677 1690 775 1719 terra
806 1681 848 1720 in
867 1694 1006 1734 aquam
1026 1681 1060 1719 se
1079 1682 1206 1726 vertit,
1239 1690 1277 1719 et
1296 1695 1388 1719 cum
1415 1695 1462 1719 ex
1492 1695 1589 1733 aqua
1607 1682 1729 1719 oritur

327 1761 402 1793 aer,
433 1757 470 1786 et
499 1761 592 1786 cum
612 1760 659 1786 ex
679 1760 760 1785 aere
791 1746 921 1792 aether,
954 1759 1123 1798 cumque
1153 1746 1286 1784 eadem
1306 1745 1468 1784 viciffim
1489 1756 1588 1784 retro
1615 1759 1726 1785 com-

329 1823 474 1853 meant.
524 1814 645 1866 Qod
675 1814 701 1851 fi
732 1826 773 1851 ea
795 1814 995 1857 intereant,
1027 1826 1072 1851 ex
1093 1812 1234 1864 quibus
1255 1811 1399 1850 constet
1418 1825 1535 1851 omne
1555 1812 1695 1850 animal
1711 1831 1725 1857 ς

328 1879 483 1918 nullum
503 1880 555 1918 est
574 1879 716 1917 animal
737 1879 1026 1932 sempiternum.

384 1945 499 1984 XIII.
533 1946 598 1990 Et,
631 1954 674 1983 ut
704 1944 786 1983 haec
805 1945 1045 1990 omittamus,
1076 1954 1205 1983 tamen
1225 1944 1367 1982 animal
1389 1944 1543 1982 nullum
1563 1945 1726 1982 inveniri

329 2010 464 2064 potest,
500 2010 604 2062 quod
623 2023 748 2062 neque
767 2021 902 2048 natum
934 2023 1107 2062 unquam
1140 2011 1198 2055 s1t,
1230 2019 1268 2048 et
1302 2009 1447 2062 semper
1467 2010 1511 2048 fit
1530 2008 1723 2048 futurum.

331 2079 464 2116 Omne
484 2077 589 2116 enim
609 2077 751 2115 animal
772 2077 896 2115 sensus
917 2076 1031 2115 habet
1049 2092 1058 2115 ε
1090 2076 1203 2115 sentit
1234 2077 1352 2129 igitur
1371 2085 1409 2114 et
1429 2076 1564 2121 calida,
1596 2086 1634 2114 et
1653 2076 1726 2114 fri-

327 2143 431 2196 gida,
452 2152 491 2181 et
510 2143 650 2188 dulcia,
672 2151 710 2181 et
729 2157 867 2188 amara,
895 2157 965 2181 nec
985 2142 1107 2196 potest
1127 2142 1208 2180 ullo
1229 2142 1334 2180 sensu
1348 2142 1523 2194 jucunda
1541 2143 1724 2195 accipere,

329 2219 368 2247 et
388 2223 464 2248 non
485 2210 655 2262 accipere
675 2209 874 2247 contraria.
921 2210 958 2247 Si
979 2210 1098 2262 igitur
1116 2209 1323 2262 voluptatis
1344 2208 1493 2247 sensum
1514 2209 1631 2262 capit,
1653 2209 1724 2247 do-

329 2275 420 2312 loris
439 2275 556 2312 etiam
576 2274 691 2326 capit.
725 2274 843 2325 Qod
860 2283 988 2312 autem
1008 2274 1181 2312 dolorem
1201 2274 1354 2327 accipit,
1373 2274 1411 2312 id
1432 2275 1593 2326 accipiat
1608 2275 1725 2312 etiam

330 2340 534 2378 interitum
552 2338 696 2378 necesse
724 2338 776 2377 est
790 2357 803 2384 3
833 2353 950 2378 omne
980 2340 1100 2392 igitur
1118 2340 1259 2379 animal
1291 2339 1554 2378 confitendum
1575 2339 1626 2377 est
1653 2338 1724 2377 effe

331 2406 506 2444 mortale.

387 2471 580 2515 Praeterea,
611 2470 637 2508 fi
657 2470 751 2522 quid
780 2471 846 2516 est,
878 2472 981 2524 quod
1007 2485 1076 2510 nec
1107 2472 1345 2525 voluptatem
1374 2470 1522 2515 sentiat,
1553 2483 1623 2508 nec
1651 2469 1722 2508 do-

330 2537 467 2582 lorem,
499 2537 539 2574 id
560 2537 701 2575 animal
722 2537 793 2575 effe
823 2551 900 2576 non
926 2538 1062 2591 potest.
1108 2540 1172 2577 Sin
1194 2547 1322 2576 autem
1349 2537 1453 2589 quod
1484 2537 1624 2574 animal
1656 2537 1722 2582 est,

329 2602 372 2640 id
390 2603 456 2640 illa
472 2602 615 2641 necesse
634 2603 686 2641 est
705 2603 862 2648 sentiat;
884 2613 922 2642 et
942 2604 1046 2656 quod
1063 2618 1105 2642 ea
1123 2603 1269 2648 sentiat,
1287 2616 1362 2641 non
1385 2602 1505 2655 potest
1525 2601 1595 2640 effe
1615 2612 1723 2640 aeter-

330 2681 454 2713 num5
476 2678 514 2706 et
533 2683 649 2708 omne
669 2670 809 2709 animal
830 2670 966 2709 sentit:
987 2670 1142 2709 nullum
1159 2670 1277 2722 igitur
1295 2669 1435 2706 animal
1452 2668 1503 2707 est
1523 2677 1721 2708 aeternum.

430 2735 576 2774 ΤοΜ.
609 2735 661 2775 11.
1312 2735 1424 2773 Rrr
