2330 2983
564 221 639 271 298
872 217 1646 256 TUSCULANARUM

562 319 660 356 fiunt
680 318 795 355 etiam
817 316 1042 354 tolerabiles.
1076 315 1322 360 Videmusne,
1353 315 1453 368 apud
1473 328 1569 366 quos
1597 328 1731 353 eorum
1751 314 1945 360 ludorum,

562 384 630 435 qui
651 382 838 433 Gymnici
865 381 1126 426 nominantur,
1147 394 1308 434 magnus
1328 380 1450 419 honos
1469 381 1528 425 fit,
1559 380 1713 418 nullum
1730 381 1777 418 ab
1794 380 1854 425 iis,
1880 381 1949 432 qui

562 449 600 485 in
623 447 662 484 id
681 455 871 484 certamen
887 445 1125 490 descendant,
1147 446 1302 484 devitari
1325 446 1496 484 dolorem
1514 445 1527 481 ?
1558 445 1675 498 Apud
1705 458 1800 497 quos
1820 454 1947 483 autem

563 512 723 550 venandi
743 521 781 550 et
800 511 996 563 equitandi
1015 511 1095 549 laus
1116 512 1252 564 vigeat,
1274 513 1341 564 qui
1362 511 1459 550 hanc
1480 510 1679 564 petessunt,
1701 511 1855 549 nullum
1882 509 1946 548 fu-

562 578 676 630 giunt
694 576 878 615 dolorem.
910 576 1018 628 Qid
1037 576 1084 614 de
1103 576 1236 614 nostris
1256 576 1546 620 ambitionibus,
1568 575 1662 627 quid
1678 575 1724 613 de
1742 575 1949 628 cupiditate

564 642 773 686 honorum,
794 641 954 693 loquar?
977 655 1060 693 quae
1081 641 1235 679 flamma
1253 642 1318 685 est,
1336 654 1402 693 per
1419 654 1537 692 quam
1558 653 1634 679 non
1654 640 1890 678 cucurrerint
1909 640 1950 683 ii,

563 708 632 760 qui
651 706 733 745 haec
751 706 846 744 olim
867 706 1018 758 punctis
1039 706 1195 758 singulis
1228 706 1460 758 colligebant
1478 707 1491 742 ?
1522 707 1655 758 Itaque
1675 706 1820 758 semper
1840 704 1949 743 Afri-

564 779 685 811 canus=
701 771 937 810 Socraticum
957 770 1255 823 Xenophontem
1274 772 1314 808 in
1347 771 1524 808 manibus
1550 769 1741 808 habebat:
1772 771 1881 820 cujus
1908 770 1948 807 in

564 837 700 891 primis
734 835 909 873 laudabat
940 835 1051 879 illud,
1083 836 1186 887 quod
1206 836 1360 880 diceret,
1390 835 1514 887 eqsdem
1532 834 1665 873 labores
1689 848 1756 872 non
1773 833 1834 887 ff
1857 847 1953 886 aeque

561 916 699 955 graves
717 900 928 952 imperatori
942 909 977 938 et
995 901 1113 944 militi,
1141 901 1233 953 quod
1247 901 1314 954 φρ
1338 901 1441 940 honos
1460 900 1611 940 laborem
1627 899 1791 938 leviorem
1804 898 1953 952 faceret

566 965 843 1019 imperatorium.

621 1031 694 1070 Sed
713 1037 840 1070 tamen
857 1030 930 1069 hoc
950 1032 1090 1076 evenit,
1121 1040 1164 1070 ut
1187 1033 1226 1070 in
1245 1032 1383 1085 vulgus
1403 1031 1664 1084 insipientium
1683 1029 1815 1083 opinio
1833 1028 1954 1067 valeat

566 1096 787 1141 honestatis,
817 1109 909 1134 cum
929 1096 1048 1149 ipsam
1067 1096 1192 1136 videre
1211 1111 1289 1135 non
1309 1097 1459 1150 poffint.
1509 1097 1643 1149 Itaque
1671 1095 1772 1134 fama
1789 1103 1828 1133 et
1847 1094 1954 1133 mul-

567 1163 743 1200 titudinis
768 1162 919 1214 judicio
952 1171 1168 1208 moventur,
1198 1176 1290 1201 curn
1323 1163 1362 1201 id
1395 1161 1597 1201 honestum
1627 1170 1776 1214 putent,
1811 1160 1916 1213 quod
1935 1172 1955 1197 a

568 1228 758 1280 plerisque
773 1226 961 1265 laudetur.
984 1228 1044 1265 Te
1059 1237 1200 1273 autem,
1221 1229 1247 1266 fi
1268 1229 1307 1266 in
1327 1228 1448 1267 oculis
1466 1228 1511 1266 fis
1531 1227 1807 1272 multitudinis,
1826 1235 1955 1264 tamen

567 1293 648 1345 ejus
663 1292 813 1344 judicio
832 1291 923 1330 stare
947 1291 1084 1338 nolim,
1115 1306 1200 1339 nec,
1221 1293 1326 1346 quod
1345 1293 1411 1331 illa
1429 1302 1550 1345 putet,
1578 1294 1682 1331 idem
1707 1301 1838 1345 putare
1864 1291 1956 1344 pul-

568 1356 820 1399 cherrimum.
843 1358 935 1395 Tuo
951 1356 1023 1395 tibi
1035 1357 1187 1408 judicio
1207 1358 1259 1396 est
1279 1359 1480 1396 utendum.
1503 1358 1598 1397 Tibi
1618 1358 1644 1395 fi
1664 1358 1763 1395 resta
1779 1356 1957 1409 probanti

568 1423 751 1475 placebis,
773 1431 859 1460 tum
879 1435 958 1460 non
978 1422 1094 1462 modo
1114 1431 1157 1461 tu
1177 1432 1214 1462 te
1233 1423 1381 1469 viceris,
1399 1423 1503 1476 quod
1522 1423 1638 1476 paulo
1656 1431 1742 1461 ante
1756 1421 1956 1475 praecipie-

570 1489 674 1532 bam,
696 1487 758 1526 sed
773 1500 906 1526 omnes
926 1496 964 1526 et
983 1488 1127 1526 omnia.

626 1555 717 1593 Hoc
750 1553 868 1606 igitur
898 1552 972 1591 tibi
1004 1567 1188 1606 propone,
1225 1555 1523 1608 amplitudinem
1559 1563 1598 1592 et
1630 1554 1732 1607 quasi
1766 1553 1957 1606 quandam

570 1619 900 1672 exaggerationem
926 1617 1044 1671 quam
1074 1619 1291 1658 altiffimam
1325 1621 1459 1665 animi,
1494 1633 1578 1672 quae
1611 1620 1779 1658 maxime
1812 1619 1958 1658 eminet

571 1679 862 1723 contemnendis
882 1692 920 1722 et
939 1683 1185 1736 despiciendis
1206 1684 1417 1731 doloribus,
1442 1698 1559 1723 unam
1578 1684 1647 1723 effe
1675 1685 1853 1723 omnium
1876 1697 1957 1722 rem

572 1748 888 1802 pulcherrimam,
908 1761 1030 1801 eoque
1050 1747 1326 1802 pulchriorem,
1356 1751 1382 1788 fi
1402 1759 1508 1788 vacet
1526 1751 1683 1803 populo,
1705 1763 1827 1803 neque
1845 1750 1956 1802 plau-

573 1815 657 1853 sum
675 1823 844 1867 captans,
868 1812 904 1851 se
924 1811 1075 1853 tantiam
1096 1812 1173 1867 ipsa
1191 1815 1363 1853 delectet.
1411 1816 1518 1866 Qin
1538 1816 1653 1853 etiam
1674 1813 1772 1854 mihi
1801 1815 1958 1867 quidem

571 1879 820 1918 laudabiliora
837 1879 1014 1918 videntur
1029 1880 1172 1924 omnia,
1189 1893 1273 1931 quae
1293 1879 1368 1918 fine
1387 1880 1655 1924 venditatione,
1668 1890 1706 1918 et
1725 1881 1800 1918 fine
1815 1880 1959 1932 populo

574 1945 664 1982 teste
683 1944 782 1982 fiunt
798 1959 808 1983 ε
831 1958 908 1983 non
927 1957 1006 1996 quo
1025 1943 1230 1996 fugiendus
1250 1945 1308 1989 fit,
1331 1945 1478 1996 (omnia
1491 1946 1597 1983 enim
1612 1944 1804 1984 benefaffl
1819 1946 1857 1983 in
1874 1945 1960 1982 luce

574 2009 609 2047 se
628 2009 808 2048 collocari
826 2009 979 2061 volunt)
1001 2009 1063 2048 sed
1083 2018 1210 2048 tamen
1228 2009 1383 2048 nullum
1399 2009 1591 2048 theatrum
1610 2011 1742 2048 virtuti
1762 2009 1959 2048 conscien-

574 2075 627 2112 tia
646 2075 768 2126 majus
788 2074 855 2112 est.

629 2140 800 2178 XXVII.
829 2140 960 2191 Atque
990 2140 1030 2178 in
1060 2140 1194 2192 primis
1214 2140 1446 2178 meditemur
1465 2140 1576 2185 illud,
1608 2150 1650 2178 ut
1669 2139 1750 2179 haec
1780 2139 1961 2192 patientia

574 2205 766 2251 dolorum,
787 2218 904 2257 quam
923 2205 1015 2258 saepe
1037 2206 1120 2257 jam
1146 2206 1266 2244 animi
1286 2206 1497 2244 intentione
1517 2205 1597 2244 dixi
1627 2205 1697 2244 esse
1717 2205 1958 2250 firmandam,

575 2271 614 2308 in
644 2271 753 2309 omni
782 2283 918 2323 genere
938 2270 973 2308 se
1004 2270 1230 2322 aequabilcm
1251 2272 1426 2323 praebeat.
1472 2273 1574 2323 Saepe
1603 2272 1707 2309 enim
1728 2271 1858 2315 multi,
1893 2271 1961 2322 qui

575 2343 638 2372 aut
658 2343 811 2388 propter
831 2335 995 2373 vietoriae
1023 2335 1290 2387 cupiditatem,
1319 2346 1383 2374 aut
1404 2345 1556 2388 propter
1580 2335 1723 2388 gloriae‚
1761 2345 1824 2373 aut
1844 2336 1960 2373 etiam

576 2410 617 2437 ut
646 2401 708 2450 jus
732 2400 840 2438 suum
862 2410 899 2438 ct
929 2400 1142 2439 libertatem
1170 2410 1353 2445 tenerent,
1383 2401 1537 2439 vulnera
1562 2411 1792 2453 exceperunt
1812 2400 1962 2439 fortiter

575 2475 612 2503 et
632 2466 814 2510 tulerunt,
837 2467 968 2511 iidem,
989 2466 1121 2505 omiffa
1145 2467 1405 2511 contentione,
1427 2467 1600 2506 dolorem
1620 2467 1746 2506 morbi
1766 2466 1862 2505 ferre
1882 2479 1960 2505 non

578 2529 740 2582 poffunt.
787 2532 925 2585 Neque
944 2532 1048 2572 enim
1074 2532 1208 2578 illum,
1237 2546 1355 2586 quem
1375 2532 1487 2573 facile
1516 2533 1693 2579 tulerant,
1719 2533 1864 2572 ratione
1895 2540 1960 2570 aut
