2330 2983
568 266 859 307 VARIAE
943 266 1499 308 LECTIONES.

310 411 365 440 307
389 411 420 431 2¹
446 403 558 432 videtur
570 403 598 432 D
613 403 646 432 U
655 416 678 440 χ
691 405 808 432 vertitur

387 457 426 465 --
449 443 552 471 Accius
567 443 596 471 D
611 444 701 472 ARius
712 444 738 477 ψ
752 452 767 471 2
782 446 870 480 aptius

389 492 425 511 22
446 483 551 511 dicitur
563 497 582 516 ι,
595 483 622 517 ξ,
636 495 664 516 o,
677 496 710 520 χ,
725 481 752 517 ψ
768 492 782 511 2
798 484 825 512 d.

387 532 422 559 23
443 522 489 558 jus
505 521 583 551 suum
597 523 622 557 ψ
641 522 759 561 xjuffum

385 577 426 584 —
446 561 520 590 dixit
534 575 542 589 ι
556 564 622 590 dicit

388 611 424 639 25
446 601 564 629 adversis
581 603 603 629 E
618 601 644 635 ξ,
659 601 685 634 ψ
699 609 709 628 1
727 602 755 628 d.
788 607 796 614 ·

385 656 426 663 --
446 640 522 668 idem
537 641 654 676 alicujus
668 640 753 668 etiam
767 640 792 675 ψ
811 649 820 669 1
835 641 862 669 α’,

384 695 426 702 —
447 679 572 708 secundis
589 679 727 715 Usi-deris

383 734 425 742 —
445 719 522 748 dolet
536 721 560 754 ψ
574 719 662 756 zsblet

388 760 425 788 26
447 759 626 788 Callisthenis
641 759 670 787 D
685 760 708 788 E
723 760 752 789 U
767 759 920 798 calisthenis

387 810 423 836 27
446 798 514 827 dicit
529 800 544 833 ξ
557 801 628 827 dixit

384 854 425 861 —
445 838 644 868 Callisthenem
659 840 684 868 D
699 840 723 868 E
738 839 768 868 U
782 839 948 877 Caltsthenm

388 881 424 907 28
445 877 552 907 summa
565 893 583 907 σ-
595 881 623 908 a'.

385 934 427 941 --
446 919 574 955 potentia
588 933 606 948 σ
620 921 645 947 d.
661 920 686 954 ψ
703 929 718 947 2
733 919 846 948 audacia

387 968 424 996 ²9
448 957 489 986 uti
504 973 583 981 —
597 960 680 988 rebus
695 958 822 986 secundis
839 958 862 986 E
877 958 893 992 ξ
907 959 930 986 d.

385 1012 427 1020 —
446 998 610 1027 conveniret
623 998 652 1027 U
667 1001 820 1028 conveniunt

386 1047 420 1075 3¹
445 1047 480 1066 ex
495 1038 520 1072 ψ
536 1048 543 1066 1
564 1040 594 1066 de

387 1087 423 1114 32
447 1078 531 1106 etiam
547 1077 569 1105 E
585 1078 685 1112 Stadii·

387 1126 422 1154 33
446 1125 538 1146 autem
554 1131 572 1146 σ
588 1119 614 1146 d.

385 1171 426 1180 —-
446 1166 480 1184 ne
493 1158 518 1191 ψ
535 1167 550 1185 2
564 1168 606 1185 nec

384 1211 425 1219 —
446 1197 530 1234 Qud
546 1197 570 1224 E
585 1197 662 1234 Qid

389 1245 428 1274 34
447 1235 502 1264 hoc
516 1236 539 1264 E
553 1250 572 1271 ι,
585 1249 604 1265 e
617 1238 673 1266 hec

385 1291 426 1298 —
447 1286 520 1314 :egre
533 1277 562 1305 U
574 1277 600 1305 d.
617 1275 644 1311 ψ
660 1286 675 1304 2
691 1287 760 1314 aegro

384 1330 425 1337 —·
446 1315 517 1344 ferre
530 1329 549 1347 ι,
565 1329 582 1344 o
595 1319 690 1354 reftrre

308 1356 366 1393 308
411 1365 421 1383 1
447 1355 518 1383 Haec
531 1356 556 1390 ψ
572 1365 588 1384 2
602 1358 668 1384 Haee
677 1366 735 1394 ergo

407 1405 423 1423 2
445 1395 591 1432 aliquanto
605 1396 627 1423 E
642 1394 672 1423 U
686 1410 705 1429 ι,
721 1395 749 1432 ξ,
763 1406 791 1428 e,
805 1394 870 1431 22,sp
888 1403 914 1427 1,
929 1402 944 1421 z
959 1393 1013 1421 ali-

495 1436 593 1473 quando

384 1489 426 1496 —
447 1475 582 1503 utendum
598 1489 606 1504 ι
621 1476 736 1504 utendum
750 1475 783 1512 ss

407 1524 422 1552 3
449 1522 477 1543 et
493 1515 515 1543 E
531 1516 556 1545 d.
570 1515 598 1552 ψ
613 1526 629 1544 2
642 1524 688 1545 aut

406 1563 422 1592 5
446 1554 549 1592 quibus
560 1569 582 1592 χ
592 1559 637 1594 qui

404 1595 423 1622 6
444 1595 688 1632 perturbationum
703 1595 726 1624 E
739 1607 764 1632 χ
774 1595 947 1622 turbationum

384 1649 426 1656 —
446 1634 492 1662 vel
512 1635 570 1663 cd.

401 1676 420 1702 8
441 1673 470 1702 id
485 1675 607 1713 agimus,
630 1681 662 1702 ut
676 1673 706 1702 id
720 1673 744 1702 E
756 1674 770 1708 ξ
782 1673 896 1706 dicimus,
915 1679 943 1700 ue
957 1671 981 1705 ψ
997 1679 1007 1699 1

490 1716 523 1742 id
531 1725 649 1753 agannu,
664 1720 694 1742 ut

405 1763 424 1791 9
444 1753 529 1783 etiam
543 1755 569 1789 ψ
582 1761 610 1782 a.

385 1808 426 1816 —
447 1794 542 1822 sanum
557 1803 615 1823 non
627 1794 685 1827 est;
706 1793 742 1822 fic
758 1792 786 1821 D
801 1793 893 1830 nonsit

388 1842 424 1861 ιο
446 1833 554 1868 seest1‚
570 1835 637 1868 ⁶,sp
656 1834 789 1871 zd.oest

385 1887 425 1894 -
445 1874 590 1911 appellant
604 1874 629 1907 ψ
649 1882 657 1901 1
673 1874 699 1903 d.

384 1927 423 1934 —
443 1913 519 1941 enim
542 1927 620 1936 ———
636 1912 765 1941 turbidus
792 1910 819 1947 ψ
844 1920 854 1939 1
882 1912 908 1938 d.
938 1911 1012 1948 (cum

480 1952 588 1990 spatio)

388 2002 424 2029 14
444 1995 528 2023 πάθος
545 1992 572 2020 D
586 1994 608 2020 E
624 2007 643 2024 ι,
659 1994 684 2027 ξ,
700 2007 722 2029 χ
735 1995 761 2021 d.
785 1991 971 2029 (cumspazio)

386 2042 419 2069 ¹5
445 2040 536 2061 motus
552 2033 575 2060 E
590 2034 604 2067 ξ
617 2033 715 2062 morbus

388 2073 423 2100 16
444 2073 526 2110 aegris
539 2085 560 2108 χ
573 2076 639 2108 aegri

381 2126 423 2134 —
443 2113 480 2139 est
493 2112 509 2146 ξ
522 2114 549 2141 d.

384 2165 424 2172 —
446 2152 486 2180 At
501 2152 523 2179 E
538 2153 554 2186 ξ
568 2153 605 2179 Ac

386 2199 421 2227 ¹7
443 2190 634 2228 aegrotationis
659 2191 695 2219 est
725 2191 748 2219 E
776 2191 790 2224 ξ
820 2193 953 2229 aegrctalio
979 2193 1012 2228 cst

483 2241 547 2258 emm

384 2285 424 2291 —
445 2279 500 2298 non
516 2271 538 2297 E
552 2272 579 2297 d.

389 2311 423 2337 18
447 2317 534 2337 metus
551 2319 604 2337 non
621 2309 657 2337 est
677 2310 701 2343 ψ
718 2319 733 2338 2
748 2317 825 2337 metm

390 2359 423 2386 ¹9
445 2349 606 2386 aegritudini
621 2362 629 2376 ι
642 2352 796 2388 aegritudine

388 2398 423 2416 22
445 2388 567 2416 efficiens
674 2388 754 2417 causa
767 2402 785 2417 ο·
798 2389 824 2418 d.

387 2438 422 2465 ²3
446 2429 559 2458 inventa
574 2428 603 2456 D
618 2427 645 2463 ψ
662 2439 676 2457 2
691 2430 719 2456 d.

387 2478 425 2504 24
446 2475 555 2505 reperta
569 2469 594 2502 ψ
612 2478 625 2496 2
638 2476 762 2506 repertam

388 2509 425 2536 26
446 2507 531 2543 igitur
545 2507 567 2535 E
580 2519 637 2546 ergo

389 2547 427 2577 26
448 2555 499 2576 nec
515 2547 542 2576 D
555 2558 585 2576 ae

1165 361 1174 390 1

1070 373 1126 440 {238
1150 383 1185 437 27·
1207 401 1294 430 solum
1312 403 1334 431 E
1350 402 1405 436 ξό.

1151 450 1182 478 31
1207 442 1353 479 aequaliter
1368 443 1390 470 E
1406 444 1419 476 ξ
1434 443 1461 471 d.

1150 490 1185 518 3²
1207 481 1283 509 Nam
1388 481 1449 510 sunt
1463 495 1481 510 σ
1493 483 1519 509 d.

1146 535 1187 541 --
1207 530 1241 548 ex
1263 521 1290 548 D
1305 521 1330 548 d.

1150 569 1185 595 33
1209 559 1342 596 opinione
1355 558 1381 593 ψ
1400 569 1408 587 1
1430 563 1512 596 opinio

1149 608 1187 635 34
1209 598 1276 627 boni
1297 611 1330 636 χ,
1347 597 1373 633 ψ
1393 607 1417 631 1,
1434 607 1449 626 2
1472 598 1530 627 boni
1543 601 1639 627 rationi
1657 611 1703 628 non
1728 599 1771 628 ob-

1251 646 1390 676 temperans

1147 691 1188 699 -
1208 678 1295 706 altera
1309 678 1333 705 E
1347 691 1367 711 ι,
1382 677 1409 712 ψ
1427 686 1452 712 1,
1471 687 1486 706 z
1499 677 1525 706 d.

1147 732 1187 739 —
1207 718 1294 746 altera
1400 718 1497 756 magni
1512 717 1580 745 boni
1597 717 1626 746 D
1638 719 1665 746 d.

1146 773 1189 780 —
1210 758 1282 786 reste
1295 771 1314 791 ι,
1331 758 1356 792 ξ,
1371 770 1398 790 e,
1412 770 1435 794 χ
1450 769 1507 796 quae
1519 761 1584 786 reHe

1149 809 1184 838 35
1208 807 1270 836 quae
1379 806 1434 825 non
1449 797 1644 835 obtemperans
1668 796 1691 825 E
1707 797 1732 831 ξ,
1749 796 1775 831 ψ

1257 847 1283 870 1,
1301 847 1316 865 2
1340 837 1366 866 d.

1071 889 1128 918 309
1173 887 1182 907 1
1207 877 1413 914 obtemperans.
1442 889 1462 910 ι,
1477 890 1500 915 χ
1521 876 1709 914 obtemperant:
1730 876 1781 904 ‘vel

1246 917 1376 954 cupiditas
1414 918 1467 946 dici
1492 919 1578 955 potest.
1610 930 1628 944 o·
1653 916 1773 953 obtempe-

1247 968 1310 986 rans
1332 956 1381 984 vel
1397 958 1523 995 cupiditas
1544 961 1608 986 reae
1631 954 1676 984 vel
1694 955 1775 984 libido

1246 999 1298 1025 dici
1307 998 1394 1033 potest.

1148 1053 1188 1060 —
1207 1045 1235 1066 et
1247 1037 1270 1065 E
1285 1037 1300 1070 ξ
1313 1035 1357 1064 vel

1171 1088 1186 1106 2
1209 1077 1345 1105 bonorum
1362 1088 1380 1103 σ
1393 1074 1501 1103 dolorum

1147 1132 1188 1139 -—
1209 1125 1239 1145 ut
1254 1117 1278 1151 ψ
1296 1126 1311 1144 2
1327 1117 1396 1143 Nam

1172 1166 1186 1193 3
1209 1153 1448 1189 est1,}‚,c·‚>:,'q'l
1466 1154 1520 1181 Ζά-

1148 1211 1188 1218 -
1207 1194 1397 1233 impendentis
1414 1193 1441 1221 D
1456 1193 1479 1220 E
1495 1194 1508 1226 ξ
1517 1195 1650 1230 praesentis

1167 1246 1184 1272 4
1206 1244 1234 1264 et
1248 1234 1387 1273 aegritudo
1402 1248 1478 1257 —--
1496 1233 1635 1269 praesentis
1654 1233 1680 1262 D
1697 1234 1717 1261 E
1733 1235 1760 1263 α’.

1147 1290 1188 1298 —·
1208 1274 1346 1314 aegritudo
1361 1273 1397 1300 est
1411 1273 1427 1305 ξ
1440 1273 1537 1309 quidem

1147 1330 1188 1336 -
1208 1314 1305 1352 opinio
1319 1313 1335 1347 ξ
1349 1315 1431 1350 opinio
1446 1322 1528 1340 recem

1135 1352 1138 1356 ⁴
1170 1364 1184 1392 5
1208 1354 1275 1382 mali
1290 1353 1396 1387 {morbi

1169 1404 1186 1431 7
1208 1394 1237 1422 in
1254 1393 1351 1427 vitas»
1369 1402 1379 1420 1
1398 1393 1425 1419 d.

1169 1443 1188 1472 9
1209 1434 1285 1472 quod
1300 1433 1325 1467 ψ
1342 1443 1357 1462 2
1373 1433 1471 1470 quidem

1152 1482 1188 1502 10
1209 1474 1353 1502 traducere
1369 1473 1395 1500 D
1411 1472 1528 1499 deducere
1541 1472 1670 1501 traducere

1151 1523 1162 1541 1
1173 1523 1183 1542 1
1208 1513 1350 1551 possumus
1364 1512 1509 1550 quffimus

1147 1568 1188 1575 -·
1207 1553 1240 1582 fit
1253 1554 1309 1591 κβ

1152 1602 1186 1623 12
1208 1603 1268 1621 eam
1282 1600 1312 1620 tu
1327 1593 1341 1626 ξ
1355 1603 1409 1620 eam
1421 1600 1476 1621 tam
1491 1591 1517 1627 ψ
1534 1599 1550 1619 2
1563 1592 1640 1618 eriam
1654 1599 1683 1618 tu

1151 1642 1184 1670 13
1207 1630 1378 1661 detestabilis
1391 1633 1414 1660 E
1429 1634 1443 1667 ξ
1456 1641 1479 1661 et
1494 1630 1648 1669 delgfiabilis

1151 1682 1187 1709 ¹4
1207 1672 1285 1700 omni
1299 1685 1322 1709 χ
1335 1674 1448 1710 omnique

1144 1726 1187 1734 —
1206 1712 1274 1740 velis
1289 1712 1314 1745 ψ
1330 1721 1345 1739 2
1360 1711 1404 1739 vel

1152 1760 1185 1789 ις
1208 1751 1257 1780 ille
1272 1752 1295 1779 E
1310 1751 1339 1779 U
1355 1752 1383 1778 d.

1147 1806 1189 1814 —
1209 1791 1321 1819 videtur
1332 1791 1355 1818 E
1369 1791 1382 1825 ξ
1397 1789 1529 1818 videretur

1149 1832 1184 1861 16
1205 1832 1344 1860 OEnomao
1359 1831 1383 1859 E
1399 1831 1449 1858 OE
1461 1843 1485 1867 χ
1498 1829 1651 1858 EOnmano

1146 1882 1186 1895 -1-
1207 1870 1293 1908 raptis
1309 1884 1327 1904 s,
1343 1869 1369 1905 ψ
1387 1879 1396 1898 1
1419 1878 1497 1908 raptu
1511 1869 1527 1903 ξ
1541 1876 1631 1906 raptus

1152 1922 1184 1949 ¹7
1207 1911 1444 1948 είὶξ,χ,ψ2ἅ.

1147 1968 1187 1975 -—
1206 1951 1254 1979 isse
1269 1950 1292 1978 E
1307 1952 1320 1984 ξ
1336 1951 1369 1985 est

1151 2002 1185 2031 ¹9
1208 1991 1284 2019 adire
1299 1990 1324 2018 C
1338 1993 1377 2019 ire

1147 2047 1187 2053 —
1206 2031 1263 2059 istic
1278 2030 1305 2058 D
1320 2043 1353 2067 χ,
1368 2030 1417 2063 ψΙ
1436 2031 1486 2067 ista
1500 2029 1522 2057 Ε
1539 2029 1640 2066 §istinc

1149 2081 1186 2101 20
1207 2070 1341 2098 umbrave
1352 2083 1375 2108 χ
1387 2069 1476 2097 umbra
1490 2080 1519 2097 ne
1533 2068 1560 2103 ψ
1574 2078 1589 2096 2
1606 2066 1695 2096 umbra
1708 2077 1743 2096 me

1148 2121 1179 2140 21
1206 2109 1314 2138 sceleris
1329 2109 1358 2137 in
1373 2108 1400 2143 ψ
1417 2108 1577 2145 zsceleribus

1151 2161 1185 2180 22
1207 2151 1254 2178 Tu
1272 2158 1298 2178 te
1312 2150 1336 2183 ψ
1353 2159 1368 2177 2
1384 2147 1456 2177 ‘Tuta

1145 2206 1185 2213 —
1205 2189 1362 2222 damnabis,
1383 2187 1553 2225 orbabisque
1569 2187 1596 2221 ψ
1611 2196 1626 2214 2
1642 2185 1778 2224 αἀπιπαόιξ

1253 2230 1288 2257 rii
1302 2228 1479 2265 orbabet·{l‘que
1645 2231 1649 2234 “

1149 2280 1186 2306 24
1207 2277 1286 2307 putas
1303 2268 1330 2296 D
1347 2270 1373 2295 d.

1150 2321 1184 2348 23
1209 2308 1296 2337 macie
1312 2307 1338 2342 ψ
1355 2317 1363 2334 1
1383 2309 1410 2333 in
1431 2308 1485 2334 acie

1150 2352 1186 2378 20
1207 2349 1339 2387 peredere
1361 2347 1476 2374 humore
1502 2343 1531 2370 D
1546 2343 1569 2372 E
1595 2343 1620 2377 ξ,
1637 2341 1663 2379 ψ
1679 2352 1693 2371 2
1713 2346 1774 2381 per-⁷

1251 2387 1333 2415 didere
1347 2387 1470 2413 humorem

1148 2444 1187 2452 —
1208 2429 1323 2456 humore
1345 2423 1492 2462 exsanguis
1513 2436 1532 2456 1,
1546 2435 1569 2460 χ
1589 2422 1710 2451 humorem
1730 2433 1778 2451 ex-

1263 2476 1355 2503 angues
1369 2478 1387 2493 σ
1401 2465 1524 2492 humorem
1536 2461 1670 2500 exsanguis

1152 2517 1186 2545 ²7
1211 2506 1315 2534 nidoris
1339 2505 1365 2535 D
1387 2506 1507 2531 induerit
1531 2504 1657 2532 imucori:
1676 2514 1704 2536 σ,
1720 2503 1742 2534 ψ
1763 2511 1772 2531 1

1250 2547 1338 2573 ninom
1352 2557 1372 2578 χ
1385 2545 1495 2571 ‘umoris

1320 2583 1491 2622 Ggggz
