2330 2983
558 258 638 300 514
808 246 902 285 DE
961 242 1298 283 NATURA
1354 242 1705 283 DEORUM

558 359 632 384 nus
661 357 782 382 annos
814 342 894 381 fuit
923 341 1240 396 opulentiffimae‚
1272 350 1310 380 et
1339 341 1562 381 beatiffimae
1583 342 1770 382 civitatis.
1819 342 1953 393 Qam

559 411 708 450 multos
731 417 819 447 ante
840 407 950 446 hunc
972 409 1012 446 in
1034 407 1119 461 ipso
1140 407 1304 446 Graeciae
1325 408 1419 446 flore
1442 408 1658 447 Pisistratus
1680 411 1692 447 ?
1725 410 1780 447 At
1808 408 1951 447 Phala-

560 477 628 521 ris,
660 485 698 513 at
719 475 988 528 Apollodorus
1011 487 1145 528 peenas
1167 474 1336 513 sustulit.
1387 474 1533 512 Multis
1565 475 1727 527 quidem
1749 484 1838 513 ante
1859 488 1952 513 cru-

559 542 672 580 ciatis
694 550 732 579 et
754 541 915 579 necatis.
962 541 1016 579 Et
1049 539 1249 593 praedones
1282 540 1402 578 multi
1434 540 1529 593 saepe
1561 554 1696 593 poenas
1723 540 1846 580 dant:
1880 553 1952 579 nec

560 617 693 646 tamen
725 607 926 661 poffumus
962 607 1108 651 dicere,
1150 620 1230 644 non
1263 608 1394 660 plures
1430 609 1605 660 captivos
1636 608 1789 653 acerbe,
1832 619 1955 660 quam

560 674 762 727 praedones
785 683 955 712 necatos.
978 671 1261 711 Anaxarchum
1284 673 1587 711 Democriteum
1608 687 1629 711 a
1648 673 1798 726 Cyprio
1819 681 1954 724 tyran-

561 753 614 779 no
649 739 973 779 excarnificatum
1007 738 1261 790 accepimus:
1303 738 1507 776 Zenonem
1535 739 1641 777 Eleae
1674 739 1714 777 in
1747 738 1954 776 tormentis

562 816 762 845 necatum.
812 805 924 857 Qid
955 805 1086 842 dicam
1113 803 1160 841 de
1187 804 1374 842 Socrate?
1407 805 1521 856 cujus
1558 805 1679 842 morti
1716 803 1956 856 illacrymari

563 872 682 918 soleo,
721 872 928 910 Platonem
961 871 1107 922 legens.
1156 868 1326 907 Videsne
1353 870 1490 922 igitur,
1525 867 1690 909 deorum
1719 869 1889 922 judicio,
1928 868 1956 908 fi

561 938 698 977 vident
719 951 779 976 res
803 937 1010 980 humanas,
1039 935 1249 974 discrimen
1271 935 1343 974 effe
1365 935 1594 975 sublatum?

617 1004 816 1043 XXXIV.
849 1002 1051 1054 Diogenes
1083 1001 1245 1055 quidem
1277 1002 1470 1055 Cynicus,
1501 1001 1631 1040 dicere
1653 1001 1815 1047 solebat,
1848 1001 1956 1040 Har-

563 1070 713 1123 palum,
745 1071 814 1124 qui
850 1069 1096 1122 temporibus
1131 1069 1212 1107 illis
1249 1069 1380 1122 praedo
1415 1067 1513 1107 felix
1547 1068 1780 1112 habebatur,
1819 1077 1955 1107 contra

562 1138 654 1175 deos
677 1137 947 1176 testimonium
969 1135 1113 1180 dicere,
1143 1135 1251 1188 quod
1270 1136 1312 1173 in
1334 1135 1402 1173 illa
1421 1134 1581 1174 fortuna
1602 1145 1682 1174 tam
1703 1135 1770 1173 diu
1793 1135 1956 1173 viveret.

563 1203 793 1255 Dionyfius,
825 1203 872 1240 de
903 1215 984 1255 quo
1015 1210 1104 1239 ante
1136 1200 1235 1245 dixi,
1266 1214 1361 1239 cum
1388 1199 1526 1239 fanum
1558 1201 1796 1255 Proserpinae
1817 1200 1958 1239 LocriS

563 1269 821 1321 expilavifl‘et,
867 1267 1075 1320 navigabat
1115 1266 1349 1318 Syracusas:
1401 1267 1510 1320 isque
1549 1281 1644 1306 cum
1683 1267 1958 1306 secundissimo

564 1343 682 1374 vento
709 1335 868 1373 cursum
896 1343 1061 1378 teneret,
1094 1333 1253 1371 ridens:
1289 1331 1485 1385 Videtffize,
1517 1333 1666 1386 inquit,
1697 1332 1820 1378 amici,
1850 1346 1960 1386 quam

563 1399 656 1439 bona
677 1415 701 1438 a
720 1399 788 1439 diis
808 1397 1074 1438 immortalibus
1093 1397 1494 1452 nathgatiostlcrilegis
1512 1397 1622 1437 detur
1638 1398 1659 1437 ἒ
1681 1400 1816 1453 Atque
1835 1397 1960 1438 homo

563 1476 718 1513 acutus,
756 1480 849 1506 cum
887 1466 987 1504 bene
1018 1465 1213 1519 planeque
1243 1464 1488 1519 percepiffet,
1527 1465 1569 1503 in
1600 1465 1735 1504 eadem
1771 1465 1963 1504 sententia

564 1533 856 1586 perseverabat:
889 1533 974 1586 qui,
1005 1545 1099 1571 cum
1127 1532 1174 1571 ad
1210 1531 1528 1585 Peloponnesum
1560 1532 1715 1571 claffem
1737 1531 1960 1585 appulifl‘et,

563 1609 604 1637 et
625 1599 664 1637 in
686 1599 824 1638 fanum
845 1598 1004 1637 veniffet
1025 1598 1136 1648 Jovis
1157 1598 1357 1649 Olympii,
1378 1611 1541 1636 aureum
1560 1598 1596 1636 ei
1617 1598 1786 1637 detraxit
1806 1598 1962 1638 amicu-

563 1665 666 1711 lum,
699 1665 837 1718 grandi
868 1664 1054 1717 pondere,
1088 1677 1169 1717 quo
1196 1664 1338 1715 Jovem
1364 1673 1519 1702 ornarat
1550 1677 1598 1703 ex
1629 1665 1828 1703 manubiis
1862 1666 1961 1704 Car-

565 1731 858 1784 thaginenfium
881 1739 1069 1782 tyrannus
1091 1729 1210 1768 Gelo.
1241 1731 1375 1782 Atque
1396 1730 1436 1768 in
1459 1743 1504 1768 eo
1524 1732 1643 1769 etiam
1665 1731 1870 1769 cavillatus
1891 1731 1962 1776 est,

565 1797 692 1836 aestate
723 1811 838 1851 grave
868 1796 941 1835 effe
975 1809 1137 1834 aureum
1165 1796 1400 1842 amiculum,
1431 1795 1563 1835 hieme
1594 1797 1814 1850 frigidum:
1845 1798 1963 1851 eique

564 1863 724 1902 laneum
746 1863 913 1917 pallium
934 1861 1088 1915 injecit,
1119 1875 1213 1900 cum
1234 1861 1275 1900 id
1294 1861 1367 1900 effe
1387 1861 1434 1900 ad
1455 1876 1573 1901 omne
1594 1864 1686 1901 anni
1720 1873 1876 1915 tempus
1897 1864 1962 1901 dim

567 1939 685 1968 ceret.
733 1929 924 1982 Idemque
946 1927 1162 1980 AEsculapii
1185 1928 1376 1981 Epidauri
1399 1928 1558 1967 barbam
1581 1942 1735 1968 auream
1754 1928 1859 1967 demi
1875 1929 1962 1981 jus-

568 1996 627 2034 sit.
677 1996 821 2048 Neque
855 1995 963 2033 enim
999 1995 1224 2039 convenire,
1268 1995 1476 2033 barbatum
1508 1995 1581 2033 effe
1615 1995 1762 2040 filium,
1792 2009 1886 2033 cum
1921 1997 1965 2034 in

568 2061 756 2100 omnibus
790 2059 890 2098 fanis
923 2069 1032 2113 pater
1052 2059 1242 2098 imberbis
1264 2059 1367 2098 effet.
1413 2060 1503 2111 Jam
1523 2060 1672 2098 mensas
1694 2070 1892 2112 argenteas
1916 2061 1963 2099 de

567 2128 757 2167 omnibus
779 2127 1079 2179 delubrisjuffit
1100 2125 1272 2165 auferri:
1306 2126 1347 2164 in
1375 2126 1520 2180 quibus
1550 2127 1658 2180 quod
1688 2141 1796 2166 more
1823 2127 1964 2166 veteris

569 2194 733 2233 Graeciae
755 2194 989 2246 inscriptum
1011 2193 1116 2237 esset,
1139 2193 1323 2231 Bonorum
1343 2193 1524 2238 Deorum,
1549 2195 1606 2232 uti
1629 2193 1664 2232 se
1684 2207 1822 2232 eorum
1845 2194 1963 2232 boni-

569 2269 647 2299 tate
670 2260 769 2298 velle
790 2259 958 2297 dicebat.
994 2259 1103 2297 Idem
1127 2259 1360 2298 Vistoriolas
1382 2272 1528 2304 aureas,
1551 2269 1590 2297 et
1612 2270 1758 2312 pateras
1780 2259 1963 2298 coronas-

570 2341 662 2380 que,
694 2340 781 2379 quae
805 2325 1101 2364 simulacrorum
1123 2326 1309 2378 porre&is
1338 2325 1521 2364 manibus
1552 2325 1853 2370 sustinebantur,
1888 2325 1965 2365 sine

570 2393 819 2431 dubitatione
843 2391 1006 2430 tollebat
1025 2406 1033 2430 :
1068 2405 1188 2444 eaque
1211 2392 1245 2429 se
1267 2393 1456 2445 accipere,
1488 2405 1567 2430 non
1589 2391 1753 2437 auferre,
1791 2391 1962 2431 dicebat.

573 2459 660 2497 Esse
681 2459 789 2497 enim
813 2458 1034 2503 stultitiam,
1066 2471 1086 2495 a
1106 2459 1253 2511 quibus
1276 2458 1378 2497 bona
1404 2472 1666 2512 precaremur,
1697 2458 1745 2497 ab
1766 2459 1813 2497 iis
1835 2458 1964 2511 porri-

567 2525 756 2579 gentibus
786 2535 825 2565 et
846 2524 1032 2566 dantibus
1054 2525 1161 2564 nolle
1193 2525 1358 2564 sumere.
1404 2526 1669 2580 Eandemque
1697 2523 1831 2565 ferunt
1860 2522 1961 2569 haec,
