2330 2983
566 270 640 311 166
985 267 1089 306 DE
1147 262 1569 308 FINIBUS'

559 369 656 423 quid
676 369 722 407 de
741 367 883 421 aliquo,
905 367 1009 421 quod
1029 368 1097 406 fibi
1117 368 1287 409 affumat.
1347 370 1520 409 Minime
1544 383 1631 409 vero
1650 370 1832 423 probatur
1860 370 1953 411 huic

559 434 781 488 disciplinae‚
813 433 860 472 de
879 447 955 486 qua
984 433 1135 486 loquor,
1166 437 1473 482 autamicitiam,
1501 446 1564 475 aut
1590 437 1777 489 justitiam
1798 438 1954 491 propter

559 501 742 539 utilitates
773 499 925 537 adscisci
955 509 1019 537 aut
1049 500 1216 553 probari.
1261 502 1418 540 Eaedem
1437 503 1542 541 enim
1564 503 1744 542 utilitates
1771 513 1952 556 poterunt

558 581 617 605 eas
634 565 854 605 labefactare
873 575 987 618 atque
1003 576 1224 619 pervertere.
1257 569 1415 607 Etenim
1436 569 1675 622 nec-iustitia,
1693 583 1763 609 nec
1783 571 1952 609 amicitia

557 633 628 672 effe
647 633 809 671 omnino
829 641 1020 684 poterunt,
1042 633 1110 671 nifi
1128 633 1214 686 ipsae
1234 647 1301 686 per
1321 634 1354 672 se
1374 642 1614 687 expetantur.

611 701 682 751 Jus
715 707 859 743 autem,
890 698 994 750 quod
1025 698 1076 736 ita
1105 698 1182 736 dici
1208 700 1466 752 appellarique
1487 701 1610 753 poffit,
1641 701 1680 740 id
1699 701 1947 745 effe11atura;

556 765 804 816 alienumque
823 763 893 801 effe
913 776 933 800 a
953 763 1117 816 sapiente
1137 778 1213 803 non
1234 765 1351 803 modo
1370 765 1550 817 injuriam
1577 767 1640 804 cui
1661 765 1795 811 facere,
1814 781 1949 804 verum

553 832 671 869 etiam
692 843 840 868 nocere.
883 829 969 867 Nec
989 842 1077 867 vero
1097 831 1244 868 testum
1264 830 1316 869 est
1335 844 1428 869 curn
1447 832 1580 869 amicis
1598 841 1662 869 aut
1683 832 1778 870 bene
1800 832 1949 870 meritis

553 895 767 934 consociare
797 902 862 932 aut
891 894 1123 947 conjungere
1153 896 1358 947 injuriam;
1389 896 1680 949 gravissimeque
1705 906 1743 936 et
1762 897 1950 936 veriffime

552 960 784 1005 defenditur,
815 973 1015 1012 nunquam
1044 961 1264 1013 aequitatem
1284 962 1330 1000 ab
1362 962 1528 1000 utilitate
1558 962 1660 1016 posse
1690 963 1837 1016 sejungi
1853 981 1864 1008 ς
1895 973 1946 1008 et,

551 1026 743 1080 quidquid
763 1039 918 1078 aequum
933 1025 1158 1079 justumque
1177 1026 1279 1072 effet,
1308 1027 1346 1065 id
1366 1029 1482 1066 etiam
1503 1027 1731 1074 honestum;
1762 1028 1946 1067 viciffim-

551 1106 641 1145 que,
680 1091 871 1144 quidquid
903 1090 992 1130 effet
1019 1090 1237 1137 honestum,
1274 1093 1312 1131 id
1337 1093 1485 1145 justum
1505 1094 1621 1133 etiam
1650 1103 1763 1147 atque
1789 1108 1946 1147 aequum

548 1158 644 1198 fore.

603 1224 667 1263 Ad
696 1224 829 1277 easque
858 1225 1030 1269 virtutes,
1072 1225 1119 1263 de
1154 1226 1296 1278 quibus
1326 1226 1561 1279 disputatum
1598 1225 1664 1271 est,
1706 1227 1944 1265 dialecticam

548 1291 663 1328 etiam
684 1290 911 1342 adjungunt,
941 1298 979 1328 et
997 1288 1191 1343 phyficam
1209 1311 1220 1336 ;
1252 1292 1385 1344 easque
1415 1292 1544 1330 ambas
1575 1293 1764 1330 virtutum
1785 1294 1944 1331 nomine

547 1356 739 1410 appellant
758 1371 768 1394 :
799 1355 970 1400 alteram,
1001 1357 1105 1408 quod
1123 1356 1260 1395 habeat
1280 1359 1479 1402 rationem,
1511 1372 1558 1396 ne
1578 1359 1642 1396 cui
1658 1357 1750 1396 falso
1769 1358 1943 1397 affentia-

546 1436 649 1467 mur,
680 1435 771 1460 neve
792 1435 962 1474 unquam
992 1422 1156 1475 captiosa
1186 1423 1453 1476 probabilitate
1472 1423 1664 1469 fallamur,
1695 1437 1827 1476 eaque,
1858 1439 1944 1477 quae

544 1489 592 1526 de
613 1488 723 1526 bonis
743 1497 780 1526 et
800 1487 910 1526 malis
931 1487 1158 1533 diceremus,
1190 1499 1232 1527 ut
1253 1498 1377 1529 tenere
1397 1490 1572 1542 tuerique
1591 1490 1787 1543 poffimus.
1835 1491 1941 1530 Nam

545 1553 622 1593 fine
642 1553 713 1593 hac
735 1563 811 1592 arte
831 1555 1006 1606 quemvis
1027 1555 1307 1594 arbitrabantur
1326 1570 1347 1593 a
1366 1570 1453 1594 vero
1472 1556 1623 1601 abduci,
1645 1556 1804 1610 fallique
1823 1557 1938 1611 poffe.

544 1621 664 1658 Recte
684 1619 815 1673 igitur,
849 1620 874 1658 fi
893 1621 1076 1659 omnibus
1096 1620 1135 1658 in
1157 1621 1268 1659 rebus
1299 1622 1490 1660 temeritas
1521 1622 1784 1675 ignoratioque
1810 1624 1941 1663 vitiosa

543 1686 609 1732 est,
631 1687 677 1725 ab
698 1685 757 1725 his
777 1699 832 1731 ea,
853 1699 938 1739 quae
956 1686 1059 1725 tollit
1080 1685 1174 1733 haec,
1195 1687 1316 1726 virtus
1337 1688 1533 1726 nominata
1551 1689 1617 1728 est.

598 1752 765 1805 Phyficae
784 1766 939 1805 quoque
958 1766 1035 1791 non
1056 1753 1130 1791 sine
1146 1754 1254 1792 causa
1273 1755 1439 1793 tributus
1455 1755 1559 1794 idem
1575 1755 1627 1794 est
1647 1755 1769 1795 honos
1788 1771 1796 1795 :
1820 1770 1938 1810 prop-

542 1829 640 1858 terea
661 1819 765 1872 quod
796 1819 864 1871 qui
893 1820 1163 1858 convenienter
1197 1830 1339 1859 naturae
1358 1821 1529 1860 vidturus
1548 1821 1606 1867 fit,
1637 1823 1672 1860 ei
1697 1832 1735 1860 et
1764 1823 1938 1876 proficis-

541 1884 708 1922 cendum
728 1884 781 1923 est
799 1885 845 1922 ab
866 1885 974 1922 omni
993 1885 1154 1931 mundo,
1185 1894 1222 1924 et
1248 1885 1294 1924 ab
1314 1887 1395 1938 ejus
1416 1887 1695 1940 procuratione.
1743 1888 1829 1926 Nec
1850 1902 1939 1927 vero

539 1950 661 2004 potest
691 1949 895 2002 quisquam
926 1950 972 1988 de
1003 1951 1113 1989 bonis
1146 1961 1183 1989 et
1203 1952 1249 1989 de
1274 1952 1384 1991 malis
1405 1966 1489 1990 vere
1513 1953 1698 2005 judicare,
1731 1954 1797 1992 nisi
1827 1954 1937 1992 omni

540 2017 694 2070 cognita
713 2017 857 2054 ratione
878 2025 1032 2062 naturae,
1063 2026 1100 2055 et
1130 2018 1216 2056 vitae
1235 2019 1351 2056 etiam
1371 2019 1545 2063 deorum,
1576 2029 1613 2057 et
1641 2029 1771 2058 utrum
1792 2033 1936 2058 conve-

535 2082 633 2127 niat,
667 2095 800 2126 necne,
833 2090 963 2120 natura
992 2081 1161 2120 hominis
1182 2096 1273 2121 cum
1295 2083 1476 2121 universa.
1510 2085 1684 2137 Qaeque
1707 2084 1791 2122 sunt
1811 2095 1937 2123 vetera

539 2158 726 2201 praecepta
747 2148 988 2201 sapientium,
1025 2149 1091 2201 qui
1117 2149 1258 2200 jubent
1279 2151 1430 2203 tempori
1442 2158 1585 2202 parere,
1616 2161 1653 2189 et
1674 2152 1782 2204 stqm'
1798 2152 1933 2196 Deum,

538 2223 575 2251 et
610 2229 627 2253 e:
645 2216 791 2267 noscere,
823 2223 860 2252 ct
881 2214 973 2253 nihil
986 2215 1110 2259 m'mis;
1143 2214 1223 2253 haec
1246 2215 1319 2253 sine
1340 2215 1502 2269 physicis
1525 2231 1641 2269 quam
1670 2217 1750 2255 vim
1771 2216 1934 2257 habeant

539 2281 593 2331 (et
614 2279 777 2318 habeant
797 2280 1025 2332 maximam)
1058 2281 1182 2319 videre
1203 2295 1317 2320 nemo
1338 2282 1470 2334 potest.
1505 2285 1633 2335 Atque
1653 2284 1767 2321 etiam
1788 2283 1833 2321 ad
1848 2284 1934 2335 jus-

538 2347 662 2384 titiam
695 2346 910 2391 colendam,
941 2347 985 2384 ad
1019 2347 1174 2385 tuendas
1195 2348 1382 2386 amicitias
1405 2358 1441 2386 et
1465 2349 1627 2402 reliquas
1648 2350 1816 2387 caritates
1837 2350 1933 2402 quid

539 2421 669 2449 natura
689 2411 822 2456 valcat,
854 2410 933 2450 lui-c
957 2426 1030 2450 una
1050 2413 1222 2465 cognitio
1243 2414 1361 2466 potest
1383 2414 1537 2453 tradere.
1583 2415 1666 2453 Nec
1698 2429 1787 2453 vcro
1814 2415 1931 2468 pictas

533 2477 706 2514 adversus
741 2478 844 2521 deo&
877 2491 944 2516 nec
974 2489 1115 2532 quanta
1144 2477 1202 2517 his
1223 2480 1341 2532 gratia
1359 2479 1552 2527 debeatur,
1586 2481 1658 2519 {ine
1678 2480 1932 2535 explicatione

534 2552 674 2581 natura:
697 2543 858 2596 intelligi
882 2545 1014 2597 potest.
