2330 2983
445 245 520 299 362
749 240 1537 281 TUSCULANARUM·

443 342 565 393 Cujus
586 340 784 393 ingenium
804 348 841 378 et
861 339 1122 392 eloquentiam
1141 352 1234 378 cum
1254 338 1462 378 admiratus
1477 337 1566 376 effet
1586 337 1708 382 Leon,
1728 349 1834 389 quae·

443 407 559 445 fiviffe
579 420 625 445 ex
645 420 704 451 eo,
725 419 801 458 qua
818 406 987 445 maxime
1006 415 1084 444 arte
1102 405 1322 444 confideret.
1357 408 1410 444 At
1435 405 1566 450 illurn,
1597 413 1717 442 artem
1744 401 1837 454 qui-

442 472 531 510 dem
552 472 587 510 se
608 471 700 510 scire
720 471 882 517 nullam,
914 471 974 510 sed
1000 471 1070 510 effe
1091 472 1344 526 philosophum.
1375 471 1626 510 Admiratum
1646 470 1839 508 Leontem

443 539 653 576 novitatem
676 538 861 583 nominis,
883 537 1061 591 quaefiffe,
1091 539 1252 591 quinam
1282 537 1400 576 effent
1419 535 1654 591 philosophi,
1684 544 1723 574 et
1742 533 1837 587 quid

443 605 541 642 inter
571 617 635 642 eos
669 613 707 642 et
727 605 894 656 reliquos
928 603 1128 642 interesset.
1162 603 1419 657 Pythagoram
1449 612 1576 641 autem
1596 598 1837 654 respondifl‘e,

443 669 607 708 similem
628 669 698 708 fibi
725 670 844 707 videri
874 670 994 708 vitam
1019 667 1244 714 hominum,
1274 679 1312 707 et
1339 678 1553 707 mercatum
1581 681 1688 713 eum,
1720 673 1748 690 “
1769 664 1838 718 qui

445 743 472 759 “
494 735 694 774 haberetur
724 736 897 773 maximo
931 734 1114 773 ludorum
1148 744 1329 787 apparatu
1356 734 1474 772 totius
1496 733 1654 772 Graeciae
1673 731 1837 770 celebri-

444 808 473 825 “
494 810 582 839 tate.
606 801 713 839 Nam
734 810 777 838 ut
796 800 878 838 illic
896 800 960 837 alii
979 800 1204 852 corporibus
1224 799 1440 837 exercitatis
1456 798 1618 851 gloriam
1634 805 1673 834 et
1692 795 1838 834 nobili-

444 874 472 891 “
494 876 609 905 tatem
629 879 778 904 coronae
797 874 968 918 peterent
979 883 992 909 ;
1013 865 1078 903 alii
1092 864 1248 903 emendi
1267 872 1333 902 aut
1352 862 1540 902 vendendi
1556 861 1699 915 quaestu
1719 869 1756 899 et
1775 860 1838 898 lu·-

444 940 472 956 “
492 946 557 970 cro
577 933 807 970 ducerentur
823 949 834 975 ς
865 930 955 969 effet
974 940 1103 969 autem
1122 930 1318 983 quoddam
1337 943 1457 983 genus
1475 942 1626 974 eorum,
1646 927 1763 980 idque
1779 924 1839 965 vel

445 1005 473 1021 “
495 998 665 1036 maxime
683 998 912 1049 ingenuum,
939 996 1006 1048 qui
1027 1009 1097 1034 nec
1118 995 1310 1049 plausum,
1342 1008 1411 1033 nec
1430 995 1586 1032 lucrum
1612 1000 1839 1046 quaererent,

445 1070 474 1087 “
494 1063 556 1102 sed
575 1063 718 1102 visendi
738 1062 847 1100 causa
865 1062 1052 1107 venirent,
1073 1061 1309 1114 studioseque
1324 1060 1578 1114 perspicerent
1594 1058 1689 1112 quid
1709 1070 1839 1110 agere-

445 1138 474 1154 “
496 1139 571 1175 tur,
592 1140 630 1168 et
650 1143 729 1182 quo
746 1129 886 1174 modo;
918 1129 1013 1167 item
1034 1142 1103 1167 nos
1130 1129 1233 1181 quali
1253 1129 1293 1166 in
1321 1127 1510 1166 mercatus
1527 1126 1721 1179 quandam
1737 1124 1838 1163 cele-

446 1204 474 1220 “
496 1197 676 1235 britatem
696 1210 743 1234 ex
764 1195 858 1233 urbe
873 1195 1014 1247 aliqua,
1031 1195 1081 1233 fic
1098 1196 1138 1233 in
1153 1194 1253 1233 hanc
1269 1195 1388 1233 vitam
1404 1207 1451 1233 ex
1469 1194 1540 1232 alia
1555 1194 1632 1232 vita
1643 1202 1680 1231 et
1708 1201 1840 1230 natura

446 1271 473 1287 ¹‘
494 1262 698 1316 profestos,
730 1262 821 1299 alios
841 1260 972 1312 gloriae
991 1260 1139 1305 servire,
1161 1260 1254 1298 alios
1274 1260 1446 1312 pecuniae
1462 1278 1474 1304 ;
1506 1273 1606 1297 raros
1626 1258 1696 1297 effe
1722 1257 1839 1310 quos-

446 1338 474 1354 “
496 1330 599 1372 dam,
621 1329 703 1379 qui,
721 1326 865 1365 caeteris
885 1325 1068 1364 omnibus
1089 1339 1159 1378 pro
1179 1324 1304 1364 nihilo
1322 1323 1480 1370 habitis,
1508 1337 1636 1363 rerum
1666 1334 1843 1363 naturam

446 1402 474 1420 “
495 1393 656 1433 studiose
675 1394 943 1431 intuerentur:
975 1389 1047 1429 hos
1080 1391 1116 1429 se
1145 1390 1332 1444 appellare
1352 1389 1541 1443 sapientiae
1573 1389 1772 1434 studiosos,
1802 1389 1842 1427 id

445 1468 475 1485 “
495 1460 548 1498 est
567 1460 672 1498 enim
695 1455 945 1511 philosophos
963 1471 972 1495 :
1003 1465 1042 1495 et
1059 1465 1103 1494 ut
1127 1455 1210 1494 illic
1230 1455 1538 1494 liberaliffimum
1557 1454 1644 1494 effet
1663 1453 1841 1508 spectare‚

447 1534 475 1551 “
496 1524 596 1565 nihil
617 1525 685 1563 fibi
705 1524 983 1576 acquirentem,
1004 1521 1054 1560 fic
1074 1522 1115 1560 in
1135 1522 1213 1560 vita
1238 1521 1353 1574 longe
1381 1521 1564 1560 omnibus
1584 1520 1716 1560 studiis
1745 1534 1842 1559 con-

446 1600 474 1617 “
496 1591 789 1645 templationem
809 1602 937 1627 rerum
957 1587 1299 1640 cognitionemque
1314 1587 1524 1640 praestare.'’

502 1658 573 1697 IV.
600 1657 687 1696 Nec
708 1668 794 1693 vero
815 1653 1047 1706 Pythagoras
1067 1653 1237 1692 nominis
1263 1652 1388 1691 solum
1414 1653 1604 1698 inventor,
1633 1652 1694 1691 sed
1714 1665 1843 1691 rerum

446 1725 563 1763 etiam
583 1722 749 1775 ipsarum
768 1718 1038 1772 amplificator,
1064 1717 1153 1756 fuit.
1182 1718 1280 1769 Qi,
1299 1731 1392 1756 cum
1410 1718 1491 1771 post
1510 1717 1616 1756 hunc
1630 1717 1843 1757 Phliafium

447 1791 662 1830 sermonem
697 1787 737 1824 in
769 1784 922 1823 Italiam
956 1782 1130 1829 venisset,
1161 1783 1360 1822 exornavit
1388 1796 1471 1822 earn
1501 1783 1694 1822 Graeciam
1711 1812 1722 1829 ,
1758 1797 1843 1836 quae

449 1858 596 1909 Magna
614 1854 714 1892 dicta
733 1851 800 1897 est,
821 1860 858 1888 et
878 1849 1059 1903 privatim
1080 1858 1118 1887 et
1139 1849 1309 1902 publice,
1340 1847 1647 1902 praestantiffimis
1673 1857 1711 1886 et
1733 1848 1843 1888 insti-

448 1923 542 1961 tutis
562 1930 599 1959 et
619 1919 762 1958 artibus
781 1932 790 1955 :
821 1917 931 1968 cujus
949 1915 996 1953 de
1015 1915 1216 1968 disciplina
1235 1915 1338 1953 aliud
1369 1924 1522 1968 tempus
1547 1913 1665 1953 fuerit
1694 1913 1845 1953 fortaffe

448 1987 617 2028 dicendi.
650 1984 719 2023 Sed
740 1983 786 2021 ab
807 1983 963 2034 antiqua
989 1980 1230 2033 philosophia
1246 1981 1363 2033 usque
1381 1981 1427 2018 ad
1443 1983 1651 2025 Socratem,
1682 1980 1750 2033 qui
1766 1982 1844 2019 Ar-

449 2053 644 2096 chelaum,
680 2051 914 2100 Anaxagora:
948 2045 1195 2099 discipulum,
1229 2046 1416 2090 audierat,
1453 2045 1605 2084 numeri
1639 2045 1846 2097 motusque

450 2118 721 2160 tractabantur,
752 2124 789 2152 et
824 2113 922 2152 unde
952 2112 1084 2151 omnia
1102 2112 1306 2157 orirentur,
1338 2124 1463 2164 quove
1494 2110 1732 2155 reciderent,
1764 2111 1844 2149 stu-

451 2184 630 2236 dioseque
650 2182 696 2220 ab
717 2179 776 2218 his
809 2179 970 2217 siderum
991 2177 1291 2230 magnitudines,
1324 2176 1534 2221 intervalla,
1555 2175 1685 2214 cursus
1705 2177 1846 2229 anqui-

452 2251 645 2293 rebantur,
677 2257 714 2284 et
735 2247 870 2284 cuneta
890 2244 1058 2282 caelestia.
1093 2246 1260 2282 Socrates
1282 2251 1410 2280 autem
1432 2242 1579 2295 primus
1602 2241 1846 2295 philosophi-

453 2331 514 2354 am
537 2313 734 2353 devocav-it
755 2325 775 2349 e
795 2310 901 2354 caelo,
921 2319 957 2347 et
980 2310 1017 2347 in
1041 2309 1200 2347 urbibus
1221 2308 1438 2352 collocavit,
1457 2318 1495 2346 ct
1515 2308 1553 2345 in
1575 2307 1710 2346 domos
1730 2308 1846 2347 etiarn

456 2380 684 2424 introduxit,
707 2387 744 2416 et
764 2377 889 2430 coegit
910 2376 956 2414 dc
977 2375 1053 2413 vita
1072 2384 1108 2412 ct
1131 2375 1318 2419 moribus,
1341 2373 1526 2426 rebusque
1554 2374 1663 2412 bonis
1680 2383 1717 2412 et
1738 2374 1849 2414 malis

455 2460 630 2500 quaerere.
664 2444 786 2496 Cujus
822 2440 1029 2494 multiplex
1064 2441 1158 2479 ratio
1177 2439 1407 2494 disputandi,
1443 2453 1646 2492 rerumque
1676 2441 1847 2486 varietas,

454 2524 492 2552 ct
525 2512 665 2565 ingenii
697 2509 948 2562 magnitudo,
992 2507 1160 2546 Platonis
1192 2506 1379 2545 memori-51
1406 2515 1443 2544 ct
1472 2506 1591 2545 literis
1619 2506 1846 2551 consecrata,

454 2580 563 2636 plura
583 2591 716 2632 genera
735 2575 861 2615 effecit
882 2573 1181 2614 diffenticntium
1200 2571 1537 2628 philosophorum.
1570 2573 1602 2612 E
1619 2572 1759 2625 quibus
1780 2585 1847 2612 nos
