2330 2983
1170 203 1367 258 [62]

698 387 1859 489 ACADEMICORUM

926 663 1278 713 (nom-torus
1313 664 1624 714 SECUNDAE)

860 873 1179 913 LIBER
1254 874 1668 914 PRIMUS.

577 1087 609 1125 1.
705 1085 748 1124 N
779 1087 959 1125 Cumano
980 1099 1101 1139 nuper
1119 1099 1212 1124 cum
1232 1099 1389 1125 mecum
1410 1087 1566 1126 Atticus
1586 1085 1710 1125 noster
1736 1085 1838 1131 effet,
1866 1100 1968 1125 nun-

727 1151 866 1190 tiatum
885 1151 938 1190 est
956 1152 1067 1191 nobis
1087 1165 1108 1189 a
1127 1152 1190 1190 M.
1213 1152 1398 1197 Varrone,
1430 1152 1569 1191 veniss‘e
1588 1166 1679 1190 eum
1700 1152 1828 1190 Roma
1849 1153 1970 1205 pridie

725 1217 879 1270 vesperi,
909 1227 961 1261 et,
982 1217 1050 1255 nifi
1071 1217 1117 1254 de
1136 1216 1196 1255 via
1212 1215 1324 1255 fess‘us
1343 1216 1446 1262 esset,
1467 1219 1654 1256 continuo
1673 1217 1719 1255 ad
1736 1231 1803 1256 nos
1832 1228 1970 1256 ventu-

575 1295 663 1321 rum
678 1281 801 1320 fuisse.
825 1283 943 1333 Qod
955 1295 1046 1320 cum
1066 1281 1309 1327 audiissemus,
1324 1283 1471 1321 nullam
1487 1296 1637 1322 moram
1652 1283 1969 1336 interponendam

575 1349 808 1401 putavimus,
841 1349 936 1400 quin
967 1348 1183 1387 videremus
1203 1347 1420 1394 hominem,
1445 1348 1648 1387 nobiscum
1673 1358 1712 1387 et
1730 1349 1861 1388 studiis
1894 1347 1968 1387 eis-

575 1416 678 1460 dem,
692 1425 729 1454 et
749 1415 930 1453 vetustate
950 1415 1142 1459 amicitiae,
1162 1416 1246 1468 conj
1255 1417 1428 1454 unctum.
1452 1417 1585 1468 Itaque
1599 1415 1802 1454 confestim
1822 1415 1972 1454 adeum

574 1483 627 1520 ire
653 1482 916 1534 perreximus;
948 1481 1185 1534 paulumque
1208 1494 1300 1519 cum
1320 1482 1400 1534 ejus
1421 1482 1511 1520 villa
1529 1481 1749 1526 abeffemus‚
1780 1481 1904 1534 ipsum
1926 1482 1973 1520 ad

563 1561 642 1592 ‚nos
662 1547 878 1585 venientem
899 1546 1066 1585 vidimus
1084 1562 1092 1585 :
1124 1556 1238 1599 atque
1269 1547 1382 1585 illum
1404 1547 1612 1600 complexi,
1646 1557 1688 1585 ut
1719 1561 1803 1585 mos
1824 1547 1971 1586 amico-

575 1626 660 1651 rum
681 1612 746 1658 est,
768 1612 852 1650 satis
873 1625 963 1650 eum
984 1612 1102 1666 longo
1115 1612 1322 1651 ‘intervallo
1341 1613 1386 1650 ad
1406 1612 1511 1652 suam
1531 1613 1663 1651 villam
1683 1613 1922 1651 reduximus.

630 1680 711 1719 Hic
731 1693 850 1732 pauca
870 1679 1010 1732 primo,
1042 1688 1155 1731 atque
1175 1693 1230 1724 ea,
1263 1680 1577 1732 percontantibus
1598 1679 1709 1718 nobis
1729 1679 1867 1732 ecquid
1888 1678 1968 1718 for-

573 1756 610 1784 te
635 1746 763 1784 Roma
783 1746 885 1783 novi.
946 1745 1114 1791 Atticus,
1148 1746 1301 1784 Omitte
1320 1746 1400 1791 ista,
1431 1760 1515 1799 quae
1544 1759 1614 1784 nec
1640 1746 1867 1799 percontari,
1898 1759 1969 1785 nec

573 1811 700 1850 audire
732 1811 807 1849 fine
838 1811 1010 1849 molestia
1038 1811 1249 1865 possumus,
1279 1811 1418 1864 quaeso,
1449 1813 1601 1865 inquit;
1638 1821 1675 1850 et
1695 1825 1820 1864 quaere
1840 1813 1969 1865 potius

573 1878 714 1930 ecquid
735 1877 810 1930 ipse
832 1878 934 1915 novi.
978 1878 1097 1915 Silent
1115 1878 1220 1916 enim
1245 1879 1389 1916 diutius
1409 1879 1532 1916 Musae
1553 1878 1748 1923 Varronis,
1770 1891 1887 1931 quam
1909 1878 1969 1916 so-

573 1944 729 1988 lebant;
762 1957 829 1981 nec
848 1952 975 1981 tamen
1006 1944 1121 1981 istum
1148 1943 1294 1988 ceffare,
1326 1944 1386 1982 sed
1413 1944 1533 1982 celare
1553 1958 1637 1996 quae
1658 1943 1807 1987 scribat,
1838 1943 1969 1982 existi-

573 2024 652 2048 mo.
697 2009 867 2048 Minime
887 2022 988 2054 vero,
1011 2009 1139 2062 inquit
1161 2009 1248 2047 ille:
1273 2010 1562 2063 intemperantis
1583 2011 1688 2047 enim
1717 2009 1788 2047 esse
1808 2010 1970 2047 arbitror

572 2075 746 2118 scribere,
777 2074 880 2126 quod
909 2074 1091 2112 occultari
1113 2074 1216 2112 velit.
1269 2076 1337 2113 Sed
1359 2075 1480 2113 habeo
1500 2089 1595 2128 opus
1617 2088 1802 2127 magnum
1825 2075 1862 2112 in
1885 2089 1967 2113 ma-

573 2141 700 2185 nibus,
731 2140 835 2193 qubd
851 2141 932 2192 jam
963 2141 1111 2193 pridem
1132 2141 1176 2179 ad
1198 2139 1302 2179 hunc
1323 2155 1410 2180 eum
1433 2141 1556 2194 ipsum
1592 2143 1674 2193 (me
1704 2150 1833 2179 autem
1860 2141 1967 2179 dice-

573 2206 654 2257 bat)
686 2205 859 2258 quaedam
882 2205 1042 2250 institui,
1065 2221 1148 2258 quar
1164 2216 1200 2244 et
1224 2206 1307 2245 sunt
1329 2220 1465 2259 magna
1486 2207 1583 2251 sane,
1605 2215 1643 2244 et
1663 2206 1847 2245 limantur
1867 2220 1886 2244 a
1906 2220 1967 2244 me

571 2271 744 2324 politius.
806 2272 856 2309 Et
875 2285 959 2324 egO,
994 2272 1062 2310 Ista
1083 2273 1255 2325 quidem,
1279 2273 1452 2325 inquam,
1482 2273 1613 2317 Varro,
1639 2273 1720 2324 jam
1739 2273 1805 2311 diu
1825 2287 1967 2326 expec-

572 2347 668 2381 tans,
701 2351 776 2375 non
804 2337 922 2374 audeo
944 2346 1068 2375 tamen
1101 2338 1292 2390 flugimrc:
1325 2339 1450 2376 audivi
1472 2339 1577 2376 enim
1609 2352 1628 2375 c
1650 2339 1799 2376 Libone
1827 2338 1966 2384 nostro,

571 2404 679 2454 cujus
702 2403 796 2441 nosti
819 2403 999 2448 studium,
1036 2403 1150 2454 (nihil
1171 2405 1274 2442 enim
1296 2404 1481 2456 ejusmodi
1505 2405 1624 2442 celare
1646 2405 1857 2458 postumus)
1890 2418 1966 2443 non

572 2478 608 2507 tc
637 2483 678 2506 ca
710 2470 971 2514 intermittere,
1006 2470 1064 2508 scd
1096 2472 1307 2509 accuratius
1331 2475 1498 2515 tractare,
1533 2485 1600 2509 nce
1627 2472 1672 2510 dc
1694 2472 1870 2510 manibus
1892 2485 1965 2508 un-

571 2547 686 2587 quam
708 2534 907 2587 deponere.
941 2535 1042 2574 Illud
1063 2545 1190 2575 autem
1213 2535 1311 2574 mihi
1332 2546 1417 2575 ante
1439 2536 1512 2576 hoc
1534 2546 1686 2590 tempus
1707 2549 1904 2590 nunquam
1927 2536 1964 2574 in
