2330 2983
623 220 900 260 LIBER
957 216 1456 260 SECUNDUS.
1663 235 1741 275 475

345 323 434 374 Jam
452 334 541 361 vero
560 321 626 360 illa
644 322 761 360 etiam
781 322 943 366 notiora,
974 329 1119 373 quanto
1149 321 1185 359 se
1215 334 1326 374 opere
1355 319 1569 359 custodiant
1601 320 1740 366 bestiae,

346 398 390 426 ut
408 389 449 426 in
467 388 574 441 pastu
593 387 923 441 circumspedtent,
941 396 984 425 ut
999 388 1039 425 in
1060 387 1254 425 cubilibus
1276 387 1518 426 delitescant:
1542 395 1655 440 atque
1676 387 1742 426 illa

345 454 550 492 mirabilia.

400 520 449 557 L.
472 518 582 571 Qid
601 531 656 563 ea,
679 531 763 570 quae
779 531 919 570 nuper,
941 517 981 555 id
1001 518 1053 556 est
1068 518 1198 571 paucis
1219 526 1304 555 ante
1325 517 1475 562 seculis,
1498 518 1741 558 medicorum

345 584 509 637 ingeniis
530 593 675 637 reperta
693 583 780 622 sunt
799 584 812 622 ?
843 584 1069 622 Vomitione
1086 596 1212 628 canes,
1243 583 1469 636 purgatione
1487 593 1617 622 autem
1638 584 1740 622 alvos

345 649 424 687 ibes
443 649 636 702 AEgyptiae
655 657 803 687 curant.
848 648 1042 687 Auditum
1063 649 1128 693 est,
1150 647 1366 701 pantheras,
1399 661 1484 700 quae
1509 649 1549 686 in
1571 649 1743 686 barbaria

343 725 527 753 venenata
559 728 670 754 carne
703 725 941 768 caperentur,
984 715 1201 753 remedium
1232 714 1427 767 quoddam
1458 714 1596 753 habere
1613 732 1623 759 ;
1663 728 1744 766 quo

344 793 437 818 cum
456 781 573 819 essent
604 780 690 825 usae,
720 793 799 818 non
830 789 1094 819 morerentur:
1126 793 1254 833 capras
1286 789 1414 818 autem
1433 780 1474 818 in
1495 781 1610 818 Creta
1628 778 1741 823 feras,

345 858 438 883 cum
457 846 574 884 effent
592 845 752 884 confixae
772 846 964 884 venenatis
984 846 1141 898 sagittis,
1159 845 1318 884 herbam
1339 859 1518 898 quaerere,
1536 859 1621 898 quae
1641 845 1742 883 Dic-

346 920 501 950 tamnus
521 921 730 956 vocaretur,
761 925 881 964 quarn
901 925 993 950 cum
1013 911 1268 965 gustavissent,
1304 911 1454 965 sagittas
1485 911 1660 950 excidere
1679 911 1741 949 di-

346 987 441 1016 cunt
458 991 479 1016 e
499 991 670 1031 corpore„
703 979 911 1030 Cervaeque
929 978 1042 1031 paulo
1062 988 1149 1017 ante
1169 988 1322 1032 partum
1341 987 1575 1031 perpurgant
1590 978 1624 1016 se
1645 990 1742 1030 qua-

344 1043 434 1081 dam
456 1043 629 1088 herbula,
657 1057 742 1096 quae
763 1044 892 1082 Seselis
913 1045 1068 1082 dicitur.
1114 1046 1202 1096 Jam
1223 1044 1288 1082 illa
1307 1045 1516 1088 cernimus,
1548 1053 1591 1082 ut
1611 1053 1744 1081 contra

343 1119 496 1148 metum
517 1120 555 1147 et
575 1110 655 1147 vim
677 1110 751 1147 suis
773 1110 808 1147 se
837 1110 953 1147 armis
972 1123 1134 1161 quaeque
1163 1109 1356 1148 defendat.
1403 1110 1597 1147 Cornibus
1630 1109 1741 1153 tauri,

343 1177 425 1230 apri
444 1176 639 1220 dentibus,
661 1175 790 1213 morsu
809 1175 961 1220 leones,
993 1175 1074 1214 aliae
1094 1174 1188 1228 fuga
1207 1175 1256 1220 se,
1277 1174 1358 1213 aliae
1377 1175 1648 1220 occultatione,
1677 1184 1742 1214 tu·

341 1250 499 1280 tantur:
530 1242 733 1280 atramenti
753 1240 936 1279 effusione
966 1241 1098 1293 saepiae,
1134 1251 1286 1293 torpore
1319 1241 1551 1293 torpedines.
1602 1241 1743 1279 Multae

344 1308 462 1346 etiam
483 1307 704 1346 infestantes
724 1307 851 1345 odoris
871 1307 1104 1345 intolerabili
1123 1306 1296 1345 foeditate
1315 1306 1526 1360 depellunt.

400 1374 472 1412 LI.
504 1374 562 1411 Ut
580 1386 668 1411 vero
693 1382 898 1426 perpetuus
933 1373 1071 1411 mundi
1089 1373 1179 1411 effet
1198 1382 1367 1418 ornatus,
1404 1386 1543 1425 magna
1572 1371 1745 1411 adhibita

345 1453 436 1479 cura
454 1439 506 1477 est
523 1452 545 1477 a
564 1439 803 1492 providentia
820 1439 1013 1484 Deorum,
1035 1449 1079 1477 ut
1098 1439 1244 1493 semper
1262 1439 1378 1478 effent
1393 1448 1431 1477 et
1451 1439 1654 1478 bestiarum
1674 1452 1743 1492 ge-

345 1519 449 1550 nera,
481 1513 520 1543 et
538 1505 734 1549 arborum,
764 1504 1022 1557 omniumque
1041 1518 1185 1551 rerum,
1220 1519 1306 1558 quae
1325 1505 1409 1543 altae
1427 1513 1493 1543 aut
1513 1504 1702 1542 radicibus
1723 1518 1745 1542 a

345 1581 456 1616 terra,
473 1579 540 1608 aut
558 1570 739 1622 stirpibus
761 1571 1063 1607 continerentur.
1108 1572 1208 1620 Qae
1228 1570 1387 1621 quidem
1407 1571 1539 1608 omnia
1557 1582 1642 1607 eam
1661 1570 1745 1608 vim

345 1635 498 1674 seminis
515 1633 659 1673 habent
678 1633 719 1671 in
739 1632 789 1678 se,
820 1642 864 1671 ut
882 1646 929 1672 ex
954 1646 1034 1671 uno
1053 1634 1164 1687 plura
1188 1643 1418 1687 generentur
1430 1653 1442 1680 3
1478 1634 1595 1687 idque
1615 1634 1744 1673 semen

342 1701 538 1740 inclusum
556 1699 609 1738 est
639 1699 680 1737 in
711 1699 849 1738 intima
868 1709 973 1752 parte
993 1713 1125 1737 earum
1146 1700 1366 1743 baccarum,
1401 1713 1487 1751 quae
1515 1712 1564 1737 ex
1592 1714 1744 1752 quaque

344 1767 458 1820 stirpe
478 1766 720 1804 funduntur:
755 1765 969 1816 iisdemque
989 1764 1198 1802 seminibus
1227 1774 1265 1802 et
1284 1763 1462 1803 homines
1494 1764 1639 1804 affatim
1660 1766 1742 1804 ves-

342 1842 500 1877 cuntur,
517 1841 556 1870 et
568 1841 672 1869 terrae
686 1831 857 1883 ejusdem
872 1832 1019 1883 generis
1035 1830 1210 1883 stirpium
1225 1830 1467 1869 renovatione
1482 1831 1741 1883 complentur.

401 1897 513 1948 Qid
530 1897 679 1949 loquar,
711 1905 852 1948 quanta
880 1896 976 1934 ratio
994 1897 1035 1934 in
1067 1896 1192 1934 bestiis
1224 1896 1270 1933 ad
1301 1906 1525 1948 perpetuam
1546 1897 1742 1934 conserva-

344 1965 496 2002 tionem
512 1976 645 2001 earum
664 1963 811 2015 generis
842 1963 1044 2015 appareat?
1076 1962 1181 2001 Nam
1202 1962 1373 2015 primum
1395 1962 1475 2000 aliae
1495 1975 1631 2008 mares,
1663 1963 1744 2001 aliae

338 2029 519 2069 *foeminae
550 2028 637 2067 sunt
652 2047 664 2074 5
696 2029 800 2082 quod
829 2029 1093 2082 perpetuitatis
1128 2028 1236 2067 causa
1270 2027 1489 2066 machinata
1518 2038 1651 2067 natura
1676 2029 1742 2067 est.

346 2095 500 2135 Deinde
519 2103 642 2148 partes
667 2095 835 2148 corporis
855 2104 893 2133 et
921 2095 969 2133 ad
988 2095 1281 2148 procreandum,
1315 2103 1353 2133 et
1379 2094 1424 2132 ad
1444 2095 1743 2148 concipiendum

346 2160 544 2214 aptiffimae
561 2179 573 2206 ;
594 2170 634 2199 et
653 2161 693 2200 in
714 2174 832 2207 mare,
848 2170 887 2199 et
907 2162 946 2200 in
966 2161 1130 2199 foemina
1145 2161 1521 2200 commiscendorum
1538 2175 1744 2214 corporum

347 2227 455 2265 mirae
474 2226 667 2265 libidines.
699 2227 806 2266 Cum
821 2237 949 2266 autem
969 2228 1009 2265 in
1029 2228 1123 2266 locis
1145 2228 1271 2267 semen
1293 2227 1444 2273 insedit,
1469 2228 1566 2280 rapit
1585 2241 1744 2266 omnem

350 2291 429 2330 fere
448 2292 582 2331 cibum
603 2292 649 2330 ad
679 2292 766 2338 sese,
795 2307 918 2346 eoque
937 2293 1086 2347 septum
1107 2293 1220 2347 fingit
1252 2294 1392 2332 animal
1412 2309 1420 2332 :
1453 2293 1556 2345 quod
1578 2306 1667 2330 cum
1699 2306 1744 2330 ex

350 2367 459 2397 utero
478 2358 647 2411 elapsum
663 2359 820 2405 excidit,
838 2360 878 2398 in
898 2360 944 2398 iis
965 2361 1238 2406 animantibus,
1256 2374 1340 2413 quae
1361 2361 1455 2398 lnt‘te
1471 2360 1637 2403 aluntur,
1656 2372 1744 2396 om-

350 2425 410 2462 nis
430 2423 510 2463 fere
527 2424 639 2464 cibus
658 2435 827 2465 matrum
847 2426 1043 2465 laetescere
1061 2427 1224 2480 incipit;
1257 2440 1386 2478 eaque,
1421 2439 1504 2477 quae
1524 2425 1638 2477 paulo
1660 2435 1746 2462 ante

351 2498 438 2529 nata
457 2489 641 2537 sunt‚s1ne
653 2492 845 2545 magistrO,
860 2493 956 2532 duce
968 2502 1113 2539 natura,
1124 2506 1311 2532 mammas
1328 2499 1526 2543 appetunt,
1540 2503 1746 2543 earumque

1267 2559 1304 2596 O
1324 2571 1347 2595 o
1368 2571 1390 2595 o
1422 2569 1443 2595 2
