2330 2983
557 317 636 359 452
815 301 908 340 DE
965 297 1289 338 NATURA
1347 295 1685 335 DEORUM

557 401 737 441 fideribus
757 397 868 436 ineffe
888 396 1098 440 videamus,
1129 408 1207 434 non
1226 393 1421 448 pofi'umus
1441 407 1483 431 ea
1512 393 1590 446 ipsa
1608 406 1686 431 non
1704 392 1746 430 in
1766 392 1941 433 Deorum

557 478 719 505 numero
737 475 930 517 reponere.
976 462 1062 501 Nec
1081 475 1168 501 vero
1186 461 1300 500 stellae
1319 475 1383 506 eae,
1414 474 1498 513 quae
1517 461 1722 498 inerrantes
1742 468 1940 503 vocantur,

557 545 634 571 non
654 529 867 584 significant
885 529 1044 568 eandem
1063 538 1250 573 mentem,
1270 537 1384 580 atque
1403 527 1644 580 prudentiam
1661 545 1673 572 5
1705 539 1868 578 quarum
1889 524 1942 563 est

556 597 778 650 quotidiana
792 625 805 642 ‚
845 595 1073 634 conveniens
1090 623 1102 639 ,
1146 593 1392 646 constansque
1426 593 1617 632 conversio
1638 608 1647 631 ε
1693 605 1762 630 nec
1800 590 1943 630 habent

558 663 737 702 aethereos
757 661 900 706 cursus,
922 675 1047 714 neque
1066 660 1159 699 caelo
1178 659 1418 705 inhaerentes,
1439 669 1483 698 ut
1500 660 1672 712 plerique
1691 659 1825 696 dicunt
1841 657 1943 710 phy-

558 729 640 768 ficae
659 728 814 766 rationis
834 726 970 779 ignari.
1015 726 1109 764 Non
1139 725 1192 762 est
1211 726 1315 763 enim
1345 723 1495 763 aetheris
1525 738 1567 762 ea
1586 733 1731 769 natura,
1761 732 1804 761 ut
1823 723 1862 760 vi
1882 721 1944 760 sua

558 794 679 834 stellas
712 793 915 846 complexa
947 800 1208 843 contorqueat.
1258 791 1364 828 Nam
1396 791 1535 834 tenuis,
1575 803 1618 828 ac
1651 789 1862 842 perlucens,
1906 797 1944 826 et

556 854 736 907 aequabili
754 853 876 891 calore
895 851 1055 890 suffusus
1086 850 1215 895 aether,
1246 864 1323 888 non
1343 850 1428 889 satis
1458 859 1567 903 aptus
1596 850 1642 887 ad
1669 849 1790 887 stellas
1816 848 1962 886 conti-'

557 920 697 958 nendas
717 919 879 957 videtur.
924 917 1084 956 Habent
1116 916 1235 969 igitur
1253 916 1358 954 suam
1389 915 1571 969 sphaeram
1590 914 1704 953 stellae
1723 914 1943 958 inerrantes,

558 985 605 1025 ab
624 984 783 1024 aetherea
800 983 1069 1036 conjunCtione
1088 982 1282 1027 secretam,
1302 990 1340 1020 et
1357 981 1531 1020 liberam.
1563 981 1709 1019 Earum
1727 989 1855 1018 autem
1875 991 1944 1031 pe-

558 1064 691 1093 rennes
711 1049 841 1089 cursus
857 1057 972 1101 atque
990 1048 1178 1102 perpetui,
1199 1062 1291 1086 cum
1306 1047 1523 1086 admirabili
1537 1045 1830 1097 incredibilique
1847 1057 1945 1082 con-

558 1117 704 1161 stantia,
725 1115 916 1154 declarant
934 1116 976 1154 in
994 1114 1055 1153 his
1075 1115 1170 1160 vim,
1200 1124 1239 1153 et
1257 1122 1429 1153 mentem
1448 1113 1518 1152 effe
1543 1113 1712 1152 divinam
1730 1127 1739 1150 :
1774 1121 1830 1155 ut,
1856 1109 1943 1148 'haec

558 1181 637 1234 ipsa
655 1181 724 1234 qui
743 1194 820 1219 non
841 1179 975 1219 sentiat
994 1181 1170 1219 Deorum
1189 1180 1270 1218 vim
1289 1178 1439 1224 habere,
1466 1179 1497 1217 is
1517 1177 1619 1216 nihil
1635 1177 1798 1217 omnino
1816 1174 1943 1215 sensu·

557 1259 620 1284 rus
639 1246 710 1284 effe
728 1245 913 1283 videatur.

612 1310 736 1349 Nulla
754 1310 873 1362 igitur
902 1309 943 1346 in
973 1308 1066 1347 caelo
1085 1322 1153 1346 nec
1173 1307 1340 1353 fortuna,
1368 1323 1437 1346 nec
1458 1309 1663 1352 temeritas,
1695 1321 1765 1346 nec
1795 1307 1944 1351 erratio,

556 1389 629 1414 nec
659 1375 815 1414 varietas
836 1373 957 1418 inest;
988 1382 1196 1425 contraque
1229 1374 1356 1411 omnis
1387 1373 1494 1419 ordo,
1524 1374 1674 1417 veritas,
1704 1373 1814 1417 ratio,
1848 1385 1944 1410 con-

558 1441 703 1479 stantia.
748 1440 923 1492 Qaeque
942 1437 1003 1478 his
1022 1447 1170 1484 vacant,
1189 1439 1386 1485 ementita,
1415 1449 1453 1477 et
1470 1438 1574 1484 falsa,
1605 1439 1792 1491 plenaque
1811 1436 1945 1476 erroris

557 1516 649 1545 eunt
678 1507 827 1545 circum
860 1515 988 1550 terras,
1019 1504 1118 1543 infra
1145 1505 1293 1550 lunam,
1327 1519 1412 1557 quae
1431 1506 1611 1544 omnium
1638 1505 1776 1543 ultima
1794 1503 1846 1542 est
1860 1522 1873 1549 3
1904 1503 1946 1541 in

557 1571 738 1623 terrisque
759 1570 964 1608 versantur.
996 1569 1195 1608 Caelestem
1215 1583 1306 1622 ergo
1325 1570 1590 1609 admirabilem
1609 1570 1800 1614 ordinem,
1821 1569 1945 1607 incre-

559 1636 796 1687 dibilemque
829 1633 1092 1677 constantiam,
1127 1646 1173 1671 ex
1203 1645 1279 1684 qua
1308 1633 1540 1671 conservatio
1569 1642 1607 1671 et
1640 1634 1735 1671 salus
1766 1634 1945 1671 omnium

558 1701 685 1739 omnis
705 1701 838 1742 oritur,
870 1699 938 1749 qui
959 1692 1088 1735 vacare
1107 1707 1235 1735 mente
1253 1707 1375 1750 putat,
1406 1699 1437 1736 is
1464 1698 1542 1750 ipse
1562 1699 1701 1736 mentis
1720 1711 1854 1751 expers
1875 1697 1945 1736 ha-

558 1765 706 1804 bendus
725 1763 790 1801 est.
823 1763 940 1801 Haud
959 1775 1063 1814 erg0‚
1085 1771 1127 1799 ut
1146 1763 1296 1814 opinor,
1312 1776 1493 1808 erravero,
1515 1763 1540 1801 s1
1560 1777 1580 1801 a
1599 1763 1771 1816 principe
1790 1763 1945 1802 investi-

559 1830 690 1883 gandae
709 1828 876 1867 veritatis
897 1826 1011 1879 hujus
1031 1826 1295 1879 disputationis
1315 1828 1550 1881 principium
1570 1829 1726 1868 duxero.

614 1895 747 1934 XXII.
780 1894 890 1931 Zeno
919 1892 1038 1945 igitur
1058 1892 1110 1930 ita
1136 1901 1309 1931 naturam
1329 1893 1478 1938 definit,
1508 1903 1551 1932 ut
1569 1907 1653 1932 eam
1684 1893 1787 1931 dicat
1816 1893 1947 1946 ignem

561 1960 632 1999 effe
652 1958 898 1997 artificiosum
919 1958 964 1995 ad
984 1957 1221 2010 gignendum
1242 1959 1547 2012 progredientem
1564 1960 1638 1998 via.
1683 1959 1824 1998 Censet
1842 1959 1947 1998 enim

561 2026 649 2063 artis
671 2024 838 2062 maxime
860 2022 1056 2075 proprium
1086 2022 1156 2060 effe
1176 2036 1298 2061 creare
1321 2034 1359 2061 et
1377 2025 1533 2076 gignere
1548 2043 1561 2069 ς
1592 2025 1772 2076 quodque
1794 2025 1833 2062 in
1853 2038 1945 2077 ope-

563 2090 668 2128 ribus
703 2088 912 2126 nostrarum
945 2088 1085 2126 artium
1118 2101 1251 2126 manus
1284 2089 1438 2133 efficiat,
1478 2089 1517 2126 id
1553 2088 1678 2127 multo
1712 2088 1946 2128 artificiosius

559 2163 735 2204 *naturam
754 2152 914 2196 efficere,
938 2151 975 2189 id
994 2152 1060 2197 est,
1096 2161 1138 2190 ut
1158 2152 1253 2198 dixi,
1284 2153 1412 2205 ignem
1433 2152 1694 2198 artificiosum,
1725 2153 1947 2206 magistrum

563 2218 702 2256 artium
725 2216 970 2269 reliquarum.
1009 2218 1138 2269 Atque
1159 2216 1228 2255 hac
1249 2218 1407 2269 quidem
1429 2218 1571 2256 ratione
1590 2218 1716 2257 omnis
1736 2227 1867 2256 natura
1886 2231 1946 2256 ar-

562 2282 721 2321 tificiosa
739 2282 804 2327 est,
835 2282 938 2335 quod
958 2281 1072 2321 habet
1101 2283 1201 2336 quasi
1223 2283 1323 2322 viam
1343 2283 1550 2336 quandam,
1584 2293 1622 2322 et
1642 2283 1792 2328 sestam,
1829 2297 1946 2336 quam

564 2353 750 2405 sequatur.

624 2417 744 2470 Ipsius
775 2429 863 2454 vero
884 2417 1033 2461 mundi,
1064 2417 1129 2469 qui
1151 2418 1279 2456 omnia
1299 2419 1506 2472 complexu
1527 2418 1591 2457 suo
1617 2428 1763 2457 coercet
1794 2427 1832 2456 et
1851 2431 1945 2456 con-

565 2484 673 2526 tinet,
704 2493 835 2520 natura
864 2495 939 2521 non
963 2483 1160 2521 artificiosa
1180 2484 1316 2529 solum,
1350 2485 1407 2523 scd
1430 2486 1538 2538 plane
1570 2483 1703 2524 artifex
1735 2485 1781 2523 ab
1810 2485 1946 2522 eodem

566 2549 720 2586 Zenone
751 2549 906 2594 dicitur,
940 2549 1145 2588 consultrix
1176 2560 1213 2588 ct
1244 2551 1399 2603 provida
1419 2551 1646 2595 utilitatum,
1679 2551 1944 2604 opportunita-

565 2623 725 2667 tumque
746 2615 937 2655 omnium.
961 2617 1090 2669 Atque
1107 2626 1147 2656 ut
1166 2626 1306 2657 caetcroe
1322 2627 1460 2657 naturae
1476 2617 1549 2657 suis
1563 2617 1770 2657 seminibus
1786 2628 1946 2669 quaeque
