2330 2983
593 263 643 300 14
905 247 969 286 M.
1027 246 1660 286 T.CICERON18

589 341 775 379 ultimum
807 339 1013 384 bonorum,
1044 339 1222 391 ignorans
1241 352 1320 391 quo
1339 339 1470 377 omnia
1489 337 1714 383 referantur,
1739 337 1809 391 qui
1838 339 1982 392 poterit

586 407 657 445 effe
676 405 854 458 sapientia
871 405 885 442 ?

641 474 774 524 Atque
793 471 908 509 etiam
928 469 1027 508 illud
1056 469 1301 522 perspicuum
1331 470 1397 515 est,
1431 469 1612 508 constitui
1634 470 1779 508 necesse
1807 469 1879 509 effe
1903 470 1981 509 ini-

587 538 702 582 tium,
737 537 842 590 quod
874 535 1066 588 sapientia,
1098 550 1189 574 cum
1210 536 1305 589 quid
1328 550 1436 589 agere
1470 537 1643 589 incipiat,
1678 536 1881 589 sequatur,
1918 537 1980 574 id-

586 618 663 656 que
684 604 841 642 initium
870 603 941 641 effe
962 611 1103 640 naturae
1133 602 1483 641 accommodatum.
1543 603 1650 641 Nam
1669 603 1778 640 aliter
1797 602 1982 656 appetitio

589 671 692 722 (eam
726 670 831 708 enim
861 668 932 707 effe
964 668 1144 706 volumus
1178 664 1285 720 ὁξμῆν)
1318 681 1394 720 qua
1426 668 1472 706 ad
1501 669 1693 720 agendum
1723 668 1980 721 impellimur,

586 745 625 774 et
656 735 694 773 id
724 735 940 788 appetimus
963 734 1067 786 quod
1087 733 1139 771 est
1161 733 1298 778 visum,
1329 734 1476 774 moveri
1497 746 1573 771 non
1594 734 1728 787 potest.
1788 734 1892 772 Illud
1911 747 1980 772 au-

586 810 682 846 tem,
711 801 816 852 quod
836 809 978 844 movet,
1008 796 1112 852 prius
1132 808 1284 851 oportet
1302 799 1435 844 videri,
1471 799 1584 850 eique
1604 800 1731 844 credi,
1763 800 1868 851 quod
1899 799 1981 837 fieri

587 880 664 905 non
684 866 819 919 potest,
851 865 877 903 fi
897 865 950 910 id,
985 864 1090 917 quod
1109 864 1232 902 visum
1251 865 1336 909 erit,
1370 863 1532 902 discerni
1563 878 1640 902 non
1661 865 1802 917 poterit
1821 878 1843 902 a
1871 864 1980 904 falso.

587 931 798 983 Qomodo
830 940 959 968 autem
990 931 1136 968 moveri
1170 930 1320 968 animus
1340 930 1386 968 ad
1416 931 1675 982 appetendum
1707 930 1841 983 potest,
1870 930 1895 968 fi
1926 929 1980 975 id,

586 996 690 1048 quod
716 996 879 1040 videtur,
914 1009 990 1034 non
1021 995 1242 1048 percipitur,
1266 994 1655 1033 accommodatumne
1683 1005 1824 1033 naturae
1844 995 1903 1039 fit,
1934 1007 1980 1033 an

586 1062 786 1099 alienum?
819 1062 1009 1113 Itemque,
1045 1061 1085 1105 fi,
1121 1060 1215 1112 quid
1234 1061 1353 1098 officii
1374 1060 1507 1106 fuisit,
1539 1075 1616 1099 non
1637 1062 1804 1099 occurrit
1834 1061 1980 1105 animo,

587 1125 685 1164 nihil
707 1139 878 1178 unquam
899 1126 1060 1164 omnino
1079 1134 1177 1178 aget,
1209 1125 1254 1163 ad
1280 1125 1428 1163 nullam
1449 1139 1530 1163 rem
1552 1139 1724 1178 unquam
1744 1125 1980 1178 impelletur,

587 1206 787 1245 nunquam
810 1192 1042 1230 movebitur.
1080 1191 1198 1243 Qod
1218 1191 1245 1229 fi
1264 1191 1410 1244 aliquid
1430 1191 1635 1244 aliquando
1654 1195 1803 1230 aeturus
1824 1188 1889 1236 est,
1911 1204 1981 1230 ne-

586 1257 680 1296 ceffe
699 1258 751 1296 est
773 1258 811 1296 id
827 1258 861 1295 ei
881 1271 1027 1302 verum,
1049 1257 1153 1309 quod
1172 1258 1353 1302 occurrit,
1375 1257 1508 1296 videri.

641 1324 777 1375 Qid?
805 1323 924 1376 quod,
945 1323 970 1361 si
988 1323 1055 1360 ista
1072 1337 1158 1361 vera
1173 1323 1273 1368 sunt,
1300 1324 1396 1361 ratio
1415 1325 1542 1362 omnis
1559 1325 1722 1369 tollitur,
1751 1323 1854 1377 quasi
1874 1337 1980 1376 quae-

585 1389 673 1428 dam
694 1389 776 1434 lux,
807 1389 1017 1441 lumenque
1036 1389 1122 1426 vitae
1138 1407 1149 1432 ς
1182 1397 1359 1426 tamenne
1379 1389 1418 1427 in
1439 1389 1506 1427 ista
1536 1390 1718 1442 pravitate
1738 1390 1978 1442 perstabitis?

585 1454 693 1493 Nam
713 1453 906 1506 quaerendi
926 1454 1083 1491 initium
1104 1454 1199 1491 ratio
1219 1454 1362 1498 attulit,
1384 1468 1469 1506 quae
1489 1453 1649 1507 perfecit
1666 1455 1863 1500 virtutem,
1888 1468 1981 1494 cum

585 1519 674 1558 effet
694 1520 771 1572 ipsa
791 1521 884 1558 ratio
903 1519 1129 1558 confirmata
1147 1519 1364 1571 quaerendo.
1415 1520 1584 1572 Qaestio
1603 1530 1732 1558 autem
1757 1520 1809 1558 est
1829 1521 1980 1573 appeti-

586 1587 642 1624 tio
660 1585 919 1638 cognitionis;
951 1585 1241 1638 quaestionisque
1261 1585 1362 1630 finis,
1393 1586 1579 1625 inventio.
1625 1588 1680 1624 At
1700 1600 1816 1624 nemo
1837 1588 1982 1626 invenit

585 1650 676 1690 falsa
690 1669 700 1695 ;
733 1665 800 1689 nec
827 1665 882 1696 ea,
915 1665 999 1703 quae
1019 1651 1162 1688 incerta
1180 1660 1418 1704 permanent,
1439 1649 1592 1690 inventa
1611 1652 1681 1690 effe
1710 1651 1886 1704 possunt:
1919 1652 1982 1691 sed

585 1730 678 1755 cum
698 1730 752 1762 ea,
788 1731 872 1770 quae
892 1717 994 1769 quasi
1024 1717 1197 1755 involuta
1229 1716 1400 1762 fuerunt,
1431 1727 1555 1771 aperta
1575 1718 1675 1763 sunt,
1712 1729 1796 1756 tum
1827 1718 1982 1757 inventa

585 1783 781 1821 dicuntur.
845 1784 906 1821 Sic
939 1791 978 1820 et
1007 1783 1165 1821 initium
1195 1783 1400 1835 quaerendi,
1431 1792 1468 1821 et
1493 1785 1643 1822 exitum
1675 1784 1912 1837 percipiendi
1942 1795 1981 1823 et

586 1848 935 1902 comprehendendi
972 1858 1089 1887 tenet.
1148 1849 1281 1902 Itaque
1314 1851 1531 1902 argumenti
1565 1851 1774 1896 conclusio,
1805 1864 1890 1903 quae
1928 1851 1982 1890 est

586 1915 721 1953 Graece
741 1909 915 1962 ἀπόδειξις,
960 1915 1011 1953 ita
1045 1914 1225 1953 definitur
1240 1935 1251 1960 ς
1289 1917 1419 1961 Ratio,
1455 1930 1539 1969 quae
1568 1930 1615 1956 ex
1650 1917 1762 1955 rebus
1791 1917 1982 1970 perceptis

585 1981 631 2019 ad
651 1981 704 2026 id,
727 1980 831 2033 quod
853 1995 928 2019 non
950 1982 1244 2034 percipiebatur,
1266 1982 1433 2020 adducit.

641 2048 713 2086 IX.
746 2047 863 2100 Qod
884 2047 908 2086 fi
929 2049 1060 2086 omnia
1078 2047 1153 2086 visa
1172 2049 1359 2101 ejusmodi
1374 2048 1503 2094 effent,
1533 2049 1659 2102 qualia
1679 2049 1737 2088 isti
1756 2049 1906 2094 dicunt,
1939 2060 1982 2089 ut

584 2126 627 2152 ea
647 2114 704 2152 vel
727 2112 815 2151 falsa
833 2113 902 2151 esse
922 2113 1082 2166 possent,
1104 2128 1226 2167 neque
1241 2129 1282 2152 ea
1304 2114 1420 2168 posset
1433 2115 1511 2153 ulla
1527 2116 1633 2154 notio
1648 2116 1880 2160 discernere;
1903 2129 1983 2168 quo

585 2178 702 2217 modo
714 2179 939 2231 quempiam
958 2189 1023 2217 aut
1041 2179 1260 2218 concluliffe
1276 2180 1436 2233 aliquid,
1458 2190 1522 2218 aut
1538 2180 1716 2220 invenisse
1736 2181 1951 2220 diceremus
1966 2181 1980 2219 ?

585 2254 649 2282 aut
670 2259 754 2297 quae
773 2244 859 2282 ess‘et
879 2245 1047 2283 conclusi
1070 2247 1284 2299 argumenti
1313 2246 1404 2284 fides
1423 2246 1436 2284 ?
1469 2247 1551 2299 Ipsa
1570 2257 1698 2285 autem
1720 2246 1981 2300 philosophia,

584 2324 669 2362 quae
691 2311 899 2349 rationibus
922 2311 1095 2363 progredi
1117 2311 1243 2356 debet,
1264 2326 1382 2364 quem
1399 2310 1556 2350 habebit
1576 2314 1754 2351 exitum?
1783 2314 1983 2367 Sapientiae

585 2389 672 2414 vcro
693 2376 786 2429 quid
807 2375 983 2415 futurum
1003 2377 1054 2416 est
1074 2378 1086 2414 ?
1104 2391 1188 2430 quae
1210 2392 1332 2431 neque
1352 2378 1397 2416 de
1419 2378 1451 2416 se
1472 2378 1549 2431 ipsa
1569 2379 1741 2418 dubitare
1761 2379 1888 2425 debet,
1912 2393 1982 2419 ne-

585 2455 660 2494 que
681 2443 726 2480 de
761 2443 834 2481 suis
867 2443 1042 2489 decretis,
1074 2458 1157 2497 quat
1178 2443 1397 2498 philosophi
1433 2455 1569 2483 vocant
1589 2438 1779 2493 ‹hyp-ara,
1811 2460 1981 2499 quorum

585 2507 738 2546 nullum
762 2509 834 2547 sine
856 2508 990 2548 scelere
1017 2510 1124 2563 prodi
1147 2511 1300 2563 poterit.
1361 2513 1465 2550 Cum
1486 2512 1591 2550 enim
1621 2512 1819 2551 decretum
1847 2512 1981 2566 prodi-

585 2580 661 2619 tur,
693 2573 753 2614 lex
787 2575 863 2614 veri
897 2576 1067 2629 rectique
1099 2576 1287 2630 proditur.
1347 2577 1440 2630 Qo
1472 2591 1492 2616 e
1530 2577 1625 2617 vitio
1654 2588 1692 2617 et
1722 2578 1982 2618 amicitiarum
