2330 2983
625 299 697 336 ¹40
1042 285 1144 323 DE
1203 283 1587 322 FINIBUS

620 383 804 422 memoria
837 397 963 421 rerum
993 383 1353 428 innumerabilium,
1389 392 1428 422 et
1461 396 1504 421 ea
1533 382 1692 436 quidem
1713 364 1890 429 infiniffn
1921 384 2020 423 inest

618 451 835 501 conjeetura
855 449 1188 502 consequentium,
1210 463 1288 488 non
1308 450 1481 488 multum
1502 463 1522 488 a
1541 449 1775 488 divinatione
1807 449 1985 488 differens
2002 468 2016 494 ς

621 516 715 553 inest
734 515 949 553 moderator
968 515 1188 568 cupiditatis
1207 515 1332 568 pudor
1347 535 1358 560 ς
1390 515 1485 554 inest
1504 515 1550 553 ad
1568 514 1779 554 humanam
1800 515 2020 554 societatem

616 582 771 633 justitiae
791 581 865 619 fida
883 581 1076 626 custodia;
1101 581 1195 619 inest
1213 582 1253 619 in
1275 581 1530 635 perpetiendis
1551 581 1742 619 laboribus
1763 581 2024 632 adeundisque
2070 595 2076 601 ·

622 647 801 700 periculis
822 647 933 685 firma
963 656 1000 684 et
1020 647 1162 685 stabilis
1193 647 1334 685 doloris
1361 647 1571 700 mortisque
1601 647 1855 700 contemptio.
1915 647 2023 699 Ergo

623 712 705 751 haec
725 713 765 750 in
785 713 937 751 animis.
972 713 1038 750 Tu
1057 722 1185 750 autem
1205 713 1320 751 etiam
1341 714 1515 751 membra
1535 713 1611 765 ipsa
1630 711 1829 765 sensusque
1848 712 2028 750 conside÷>
2069 757 2076 763 ⁹

624 793 689 823 ra3
721 779 787 830 qui
809 779 896 822 tibi,
919 787 962 815 ut
981 777 1135 830 reliquae
1161 779 1330 830 corporis
1351 787 1488 830 partes,
1519 792 1596 816 non
1616 779 1777 816 comites
1800 778 1923 816 solum
1942 778 2028 816 vir-⁷

625 854 770 888 tutum,
792 843 854 881 sed
873 843 1038 881 ministri
1067 843 1198 887 etiam,
1232 843 1476 881 videbuntur.
1509 843 1631 895 le,
1660 843 1685 880 fi
1706 843 1746 880 in
1768 843 1847 895 ipso
1866 856 2027 896 corpore

581 938 584 944 .
625 911 749 949 multa
777 909 965 961 voluptati
996 909 1249 962 praeponenda
1277 909 1378 953 sunt,
1407 919 1449 946 ut
1472 909 1582 953 vires,
1604 908 1793 953 valetudo,
1827 909 2022 953 velocitas,

625 975 875 1030 pulchritudo
890 975 902 1011 ?
925 975 1034 1027 Qid
1052 975 1206 1013 tandem
1222 975 1261 1013 in
1276 975 1414 1014 animis
1428 975 1554 1013 censes
1570 975 1583 1012 ?
1605 975 1646 1013 in
1662 975 1804 1028 quibus
1821 974 2030 1014 doctissimi

627 1043 686 1081 illi
706 1051 846 1080 veteres
867 1040 980 1079 ineffe
999 1041 1184 1092 quiddam
1205 1041 1349 1079 caeleste
1368 1051 1404 1078 et
1425 1041 1601 1079 divinum
1622 1050 1867 1094 putaverunt.

683 1108 801 1159 Qod
822 1107 847 1145 si
867 1106 955 1145 esset
974 1107 1014 1144 in
1036 1107 1229 1159 voluptate
1255 1107 1453 1145 summum
1474 1107 1636 1151 bonum,
1665 1117 1707 1145 ut
1727 1107 1854 1145 dicitis
1872 1126 1882 1151 ;
1914 1116 2026 1160 opta-

629 1175 707 1213 bile
725 1173 814 1211 esset
845 1174 883 1211 in
916 1173 1111 1225 voluptate
1133 1173 1314 1218 maxima,
1348 1173 1456 1211 nullo
1476 1173 1676 1211 intervallo
1712 1173 1924 1225 interjecto,
1947 1173 2028 1210 dies

629 1239 830 1291 nostesque
860 1238 1007 1283 versari,
1037 1252 1129 1276 cum
1160 1252 1294 1277 omnes
1315 1238 1438 1278 sensus
1456 1239 1659 1277 dulcedine
1678 1239 1787 1277 omni
1815 1239 1916 1291 quasi
1938 1253 2027 1291 per-

630 1305 700 1344 fufi
722 1313 977 1343 moverentur.
1028 1305 1128 1356 Qis
1155 1304 1208 1342 est
1236 1314 1366 1342 autem
1385 1304 1525 1358 dignus
1546 1306 1703 1343 nomine
1736 1303 1923 1349 hominis,
1959 1305 2027 1357 qui

631 1385 754 1410 unum
774 1371 877 1408 diem
900 1379 1027 1408 totum
1046 1369 1138 1408 velit
1159 1369 1228 1407 effe
1248 1370 1287 1408 in
1308 1370 1379 1408 isto
1396 1384 1532 1422 genere
1557 1370 1794 1423 voluptatis?
1826 1371 2031 1422 Cyrenaici

631 1437 790 1490 quidem
811 1451 888 1475 non
909 1436 1093 1474 recusant.
1131 1436 1255 1474 Vestri
1275 1435 1356 1474 haec
1376 1437 1626 1476 verecundius
1644 1455 1654 1481 ς
1687 1437 1745 1475 illi
1765 1435 1915 1475 fortaffe
1931 1450 2029 1474 con-

631 1503 801 1541 stantius.
835 1501 906 1540 Sed
922 1501 1123 1539 lustremus
1143 1502 1273 1540 animo
1294 1516 1370 1540 non
1387 1501 1452 1540 has
1474 1502 1660 1541 maximas
1677 1512 1786 1547 artes,
1803 1502 1945 1554 quibus
1961 1502 2030 1555 qui

631 1568 823 1613 carebant,
845 1567 982 1605 inertes
1019 1580 1039 1605 a
1071 1567 1278 1620 majoribus
1312 1568 1636 1613 nominabantur;
1669 1568 1730 1606 sed
1761 1582 1902 1621 quaero,
1934 1581 2034 1606 num

633 1634 824 1673 existimes
845 1647 920 1672 non
937 1633 1026 1672 dico
1043 1634 1280 1679 Homerum,
1296 1633 1595 1679 Archilochum,
1615 1628 1838 1679 Pindarum,
1857 1634 1916 1672 sed
1933 1633 2031 1673 Phi-

633 1701 751 1745 diam,
784 1699 1042 1751 Polycletum,
1078 1701 1243 1746 Zeuxin,
1275 1700 1321 1738 ad
1352 1701 1566 1753 voluptates
1598 1710 1693 1738 artes
1724 1699 1805 1738 suas
1826 1698 2032 1738 direxisse?

636 1768 740 1819 Ergo
759 1764 889 1818 opifex
911 1765 998 1819 plus
1019 1766 1087 1804 fibi
1107 1776 1295 1819 proponet
1314 1766 1359 1804 ad
1379 1765 1607 1811 formarum,
1641 1779 1759 1819 quam
1786 1766 1880 1805 civis
1902 1765 2035 1804 excel-

634 1833 714 1871 lens
735 1832 781 1870 ad
799 1831 1004 1877 factorum,
1026 1831 1358 1885 pulchritudinem
1378 1834 1390 1870 ?

690 1900 789 1950 Qae
817 1907 946 1936 autem
966 1897 1017 1935 est
1037 1897 1109 1935 alia
1128 1899 1236 1937 causa
1255 1900 1389 1938 erroris
1411 1899 1520 1945 tanti,
1551 1909 1628 1938 tam
1650 1900 1762 1952 longe
1782 1899 1933 1952 lateque
1953 1897 2034 1936 dif-

635 1963 721 2009 fufi,
745 1963 812 2002 nifi
833 1963 939 2016 quod
959 1964 1002 2007 is,
1029 1965 1095 2015 qui
1120 1964 1357 2017 voluptatem
1377 1965 1573 2003 summum
1594 1966 1741 2004 bonum
1762 1964 1831 2003 effe
1852 1965 2040 2008 decernit,

639 2044 714 2069 non
736 2044 826 2068 cum
847 2043 888 2067 ea
908 2038 1012 2082 parte
1032 2030 1166 2075 animi,
1198 2031 1236 2068 in
1258 2044 1333 2083 qua
1353 2031 1447 2068 inest
1480 2032 1574 2070 ratio
1593 2041 1706 2083 atque
1725 2031 1942 2074 consilium,
1975 2030 2035 2068 sed

637 2110 729 2135 cum
764 2096 987 2149 cupiditate,
1024 2095 1061 2133 id
1093 2095 1158 2141 cst,
1195 2110 1286 2135 cum
1318 2097 1436 2135 animi
1471 2097 1653 2135 levissima
1688 2106 1790 2150 parte
1821 2096 2003 2134 deliberat
2022 2095 2036 2132 Ρ

640 2164 781 2215 Qoero
800 2163 904 2200 enim
926 2162 971 2200 de
994 2171 1055 2206 te;
1088 2162 1112 2199 sl
1134 2162 1218 2200 sunt
1239 2163 1306 2207 dii,
1329 2173 1371 2201 ut
1392 2177 1456 2202 vos
1477 2164 1593 2202 etiam
1615 2164 1770 2216 putatis,
1797 2163 1865 2215 qui
1887 2162 2037 2215 possunt

639 2227 709 2266 effe
730 2228 843 2272 beati,
875 2241 965 2265 cum
988 2227 1200 2280 voluptates
1230 2242 1386 2281 corpore
1419 2230 1610 2282 percipere
1632 2243 1706 2267 non
1730 2228 1864 2282 possmt
1884 2229 1896 2264 ?
1928 2237 1990 2265 aut
2012 2227 2037 2265 (ι

641 2295 716 2332 sine
736 2308 781 2332 eo
800 2307 937 2347 genere
958 2293 1165 2347 voluptatis
1198 2295 1297 2333 beati
1318 2294 1419 2340 sunt,
1450 2310 1517 2334 cur
1539 2295 1702 2334 similem
1724 2295 1843 2334 animi
1866 2294 1977 2332 usum
1999 2294 2038 2331 in

643 2361 806 2413 sapiente
825 2360 896 2399 ess‘c
917 2359 1045 2398 nolitis
1064 2360 1077 2397 ?

699 2427 869 2465 XXXV.
903 2427 1005 2479 Lege
1027 2426 1272 2471 laudationes,
1294 2429 1507 2480 Torquate,
1532 2442 1606 2466 non
1628 2442 1777 2471 eorum,
1799 2427 1866 2480 qui
1889 2426 1972 2465 sunt
1993 2427 2039 2463 ab

647 2494 821 2531 Homero
841 2493 997 2538 laudati,
1021 2507 1095 2531 non
1114 2494 1221 2546 Cyri,
1245 2508 1319 2532 non
1343 2494 1517 2547 Agesilai,
1538 2509 1613 2532 non
1633 2494 1821 2537 Aristidis,
1837 2506 1912 2531 non
1929 2491 2039 2531 ‘rhe-

646 2559 843 2603 mistoclis‚
867 2573 942 2597 non
965 2558 1152 2613 Philippi,
1190 2574 1264 2598 non
1289 2560 1524 2598 Alexandri:
1559 2561 1639 2613 lege
1669 2560 1880 2599 nostrorum
1909 2557 2039 2596 homi-

646 2638 756 2670 num,
789 2625 869 2679 lege
896 2626 1021 2665 vestra·
1055 2624 1211 2666 familia·
1231 2642 1239 2665 :
1274 2627 1468 2667 neminem
1503 2627 1647 2667 videbis
1675 2627 1726 2666 ita
1759 2626 1969 2669 laudatum,
1999 2632 2042 2663 ut
