2330 2983
555 299 637 340 472
818 284 911 323 DE
969 283 1296 323 NATURA
1353 285 1693 326 DEORUM

555 395 596 423 ct
615 385 737 423 calore
758 392 1006 436 temperatus,
1037 383 1194 423 vitalem
1219 393 1257 423 et
1275 384 1476 424 salutarem
1498 385 1675 439 spiritum
1696 388 1838 440 praebet
1868 392 1951 429 ani-

557 451 766 489 mantibus.
790 450 922 501 Qem
941 450 1144 502 complexa
1164 450 1314 490 summa
1332 465 1416 505 pars
1437 452 1535 498 caeli,
1557 467 1642 506 quae
1662 452 1778 493 aether
1796 455 1953 501 dicitur,

556 525 594 552 et
615 516 726 553 suum
746 516 883 554 retinet
902 515 1074 554 ardorem
1096 525 1267 562 tenuem,
1283 526 1322 556 et
1341 518 1448 556 nulla
1467 518 1693 559 admistione
1710 530 1952 566 concretum,

555 590 593 618 et
613 594 705 619 cum
725 582 816 619 aeris
836 582 1077 621 extremitate
1095 583 1358 636 conjungitur.

610 647 759 685 XLVI.
793 648 838 685 In
858 645 996 684 aethere
1015 657 1144 686 autem
1172 649 1264 686 astra
1282 649 1516 694 volvuntur;
1548 664 1634 703 quae
1660 651 1695 690 se
1715 660 1753 689 et
1772 652 1867 690 nixu
1887 652 1955 691 suo

554 711 783 764 conglobata
798 712 1012 757 continent,
1029 721 1067 750 et
1086 711 1212 751 forma
1231 713 1323 765 ipsa,
1340 714 1552 768 figuraque,
1570 716 1634 754 sua
1653 727 1852 756 momenta
1871 717 1950 755 sus-

555 787 705 816 tentant
721 797 732 822 ;
764 779 850 816 sunt
870 779 975 816 enim
995 778 1158 817 rotunda
1175 793 1184 817 :
1217 779 1359 831 quibus
1380 779 1532 825 formis,
1567 790 1611 819 ut
1635 791 1722 820 ante
1741 783 1874 822 dixiffe
1893 785 1952 821 vi-

554 843 658 888 deor,
687 844 849 880 minime
868 843 995 881 noceri
1021 843 1157 895 potest.
1190 845 1286 883 Sunt
1305 854 1435 884 autem
1460 845 1576 885 stellae
1596 847 1730 885 natura
1751 847 1950 887 flammeae.

555 909 751 960 roirca
771 918 888 952 terrae‚
911 909 1040 953 maris,
1061 922 1248 962 aquarum
1267 911 1471 965 vaporibus
1491 911 1647 951 aluntur
1665 912 1727 958 iis,
1750 913 1819 964 qui
1841 925 1861 950 a
1878 913 1954 952 sole

553 988 600 1012 ex
620 975 717 1026 agris
744 973 954 1027 tepefactis,
975 984 1014 1014 et
1039 989 1087 1015 ex
1105 977 1214 1029 aquis
1234 978 1452 1017 excitantur
1466 969 1492 1023 ς’
1510 979 1653 1031 quibus
1672 978 1771 1024 altae,
1792 992 1953 1018 renova-

552 1050 677 1093 taeque
696 1041 824 1086 stellae‚
858 1050 973 1094 atque
997 1043 1124 1082 omnis
1146 1042 1277 1089 aether,
1310 1043 1522 1084 refundunt
1554 1046 1700 1090 eadem,
1732 1054 1771 1085 et
1804 1046 1952 1085 rursum

551 1106 710 1146 trahunt
729 1107 917 1153 indidem,
938 1107 1037 1148 nihil
1058 1119 1103 1149 ut
1121 1109 1200 1149 fere
1218 1110 1394 1156 intereat,
1416 1120 1481 1150 aut
1501 1111 1713 1151 admodum
1731 1111 1952 1165 paululum,

551 1173 658 1225 quod
676 1173 860 1214 astrorum
880 1174 996 1227 ignis,
1017 1184 1056 1214 et
1075 1174 1226 1215 aetheris
1246 1176 1403 1216 flamma
1416 1177 1628 1217 consumat.
1660 1179 1723 1218 Ex
1742 1192 1821 1230 quo
1836 1191 1952 1217 even-

551 1249 685 1278 turum
705 1240 820 1278 nostri
841 1249 978 1292 putant
995 1241 1050 1286 id,
1080 1241 1128 1280 de
1158 1255 1236 1294 quo
1263 1243 1477 1282 Panaetium
1502 1243 1725 1283 addubitare
1758 1244 1952 1290 dicebant,

552 1315 595 1342 ut
627 1305 672 1343 ad
692 1315 910 1343 extremum
930 1307 1058 1344 omnis
1085 1307 1254 1345 mundus
1273 1307 1494 1360 ignesceret,
1525 1322 1634 1354 curn,
1669 1309 1836 1348 humore
1855 1324 1953 1349 con-

551 1371 720 1424 sumpto,
742 1384 867 1423 neque
888 1380 984 1410 terra
1002 1372 1052 1410 ali
1067 1371 1201 1424 poffet,
1223 1386 1349 1425 neque
1369 1383 1554 1413 remearet
1573 1388 1660 1419 aer;
1692 1376 1802 1427 cujus
1830 1386 1951 1422 ortuS,

550 1451 647 1490 aqua
666 1438 776 1476 omni
806 1436 999 1482 exhausta,
1029 1437 1101 1477 effe
1121 1452 1199 1478 non
1231 1438 1374 1492 pofi‘et:
1405 1440 1459 1478 ita
1492 1440 1659 1493 relinqui
1689 1439 1790 1479 nihil
1818 1450 1954 1494 praeter

550 1503 683 1555 ignem
699 1522 711 1549 ;
742 1517 763 1541 a
782 1517 860 1556 quo
880 1503 1032 1543 rursum
1050 1505 1257 1551 animante,
1288 1518 1331 1544 ac
1349 1506 1435 1545 Deo
1456 1506 1651 1545 renovatio
1670 1506 1810 1545 mundi
1829 1506 1951 1553 fieret,

548 1577 663 1621 atque
683 1569 787 1607 idern
805 1578 960 1608 ornatus
977 1570 1155 1610 oriretur.

606 1635 714 1673 Nolo
741 1635 780 1672 in
811 1634 1006 1673 stellarum
1036 1636 1183 1674 ratione
1213 1635 1362 1674 multus
1397 1635 1505 1674 vobis
1536 1637 1671 1681 videri,
1702 1638 1952 1691 maximeque

549 1714 695 1745 earum,
726 1714 811 1752 quae
834 1713 954 1738 errare
984 1693 1195 1746 dicuntur,
1226 1715 1392 1754 quarum
1418 1710 1545 1740 tantus
1576 1702 1629 1741 est
1661 1713 1873 1743 concentus
1903 1718 1951 1744 ex

550 1765 813 1804 diffimillimis
846 1765 1033 1810 motibus,
1066 1774 1124 1810 ut,
1154 1779 1248 1805 cum
1270 1766 1423 1806 summa
1441 1767 1593 1806 Saturni
1618 1767 1831 1821 refrigeret,
1863 1783 1949 1808 me-

549 1831 611 1869 dia
627 1831 766 1869 Martis
784 1831 978 1876 incendat,
998 1829 1059 1870 his
1074 1831 1271 1884 interjecta
1286 1833 1394 1884 Jovis
1414 1832 1589 1878 illustret,
1607 1843 1645 1872 et
1665 1843 1865 1887 temperet,
1886 1836 1950 1874 in-

549 1896 683 1950 fraque
714 1897 885 1935 Martem
909 1897 993 1935 duae
1022 1897 1102 1936 Soli
1128 1898 1322 1943 obediant,
1353 1898 1433 1952 ipse
1463 1899 1527 1938 Sol
1558 1900 1755 1938 mundum
1788 1913 1949 1940 omnem

549 1962 613 2000 sua
646 1963 731 2000 luce
758 1962 966 2015 compleat,
1002 1963 1049 2001 ab
1083 1977 1205 2016 eoque
1237 1966 1350 2004 Luna
1379 1964 1598 2005 illuminata
1622 1966 1881 2018 graviditates,
1911 1977 1952 2005 et

548 2038 678 2081 partus
698 2027 841 2072 afferat,
873 2028 1184 2081 maturitatesque
1217 2030 1416 2083 gignendi.
1462 2033 1563 2082 Qae
1581 2031 1777 2083 copulatio
1806 2045 1948 2077 rerum,

547 2105 586 2133 et
606 2095 707 2148 quasi
738 2094 976 2133 consentiens
1005 2095 1052 2133 ad
1071 2096 1209 2134 mundi
1231 2096 1542 2135 incolumitatem
1567 2097 1851 2150 coagmentatio
1878 2113 1948 2137 na-

547 2171 657 2206 turae,
691 2174 810 2214 quem
831 2174 907 2199 non
924 2171 1067 2207 movet,
1088 2160 1194 2201 hunc
1221 2161 1364 2202 horum
1396 2162 1494 2201 nihil
1523 2177 1698 2216 unquam
1725 2165 1949 2217 reputaviffe

548 2238 655 2266 certo
676 2227 765 2266 scio.

590 2293 760 2332 XLVII.
780 2294 878 2346 Age,
897 2302 939 2332 ut
955 2307 974 2331 a
989 2293 1199 2333 caelestibus
1220 2295 1332 2335 rebus
1351 2296 1397 2334 ad
1414 2295 1599 2335 terrestres
1615 2296 1833 2335 veniamus:
1852 2297 1950 2349 quid

548 2357 601 2396 est
622 2358 661 2396 in
682 2357 758 2403 his,
779 2359 818 2397 in
839 2373 918 2412 quo
939 2373 1015 2397 non
1033 2368 1174 2398 naturae
1202 2362 1297 2400 ratio
1324 2362 1576 2414 intelligentis
1596 2362 1800 2415 appareat?
1832 2362 1946 2400 Prin-

548 2424 666 2477 cipio,
688 2438 836 2470 corum,
865 2439 948 2478 qua:
968 2427 1182 2479 gignuntur
1201 2440 1220 2464 e
1242 2437 1350 2472 terra,
1373 2428 1518 2480 stirpes,
1539 2437 1576 2466 ct
1595 2428 1839 2467 stabilitatem
1854 2428 1947 2466 dant

549 2490 610 2535 iis,
629 2504 713 2543 qua:
731 2491 924 2537 sustinent,
945 2501 982 2530 et
996 2506 1042 2530 ex
1057 2501 1151 2530 terra
1167 2492 1323 2531 succum
1342 2493 1512 2539 trahunt,
1529 2507 1609 2547 quo
1623 2494 1771 2533 alantur
1787 2507 1843 2539 ω,
1859 2507 1944 2547 quae

549 2556 738 2595 radicibus
764 2558 1011 2596 continentur
1029 2573 1038 2596 :
1069 2558 1394 2612 obducunturque
1413 2559 1527 2606 libro,
1557 2570 1623 2600 aut
1641 2561 1785 2599 cortice
1801 2559 1942 2603 trunci,

546 2635 627 2677 quo
655 2622 728 2662 lint
755 2636 776 2662 a
803 2622 1012 2677 frigoribus
1040 2633 1079 2665 et
1107 2625 1297 2665 caloribus
1327 2626 1499 2667 tutiores.
1540 2628 1631 2679 Jam
1660 2640 1749 2666 vero
1768 2625 1864 2666 vites
1893 2625 1944 2664 fic
