2330 2983
656 249 930 293 LIBER
986 247 1484 290 SECUNDUS.
1686 265 1767 307 447

385 355 425 393 in
447 351 594 392 mundo
612 351 791 391 facilius?
821 348 891 390 Est
913 363 1003 404 ergo
1022 351 1062 389 in
1081 363 1126 390 eo
1144 351 1289 390 virtus:
1319 350 1463 404 sapiens
1482 349 1535 389 est
1553 349 1698 405 igitur;
1729 362 1768 392 et

384 427 580 472 propterea
600 418 721 456 Deus.

445 484 535 522 XV.
568 484 700 534 Atque
730 480 800 519 hac
820 480 955 518 mundi
975 480 1174 518 divinitate
1193 480 1398 533 perspecta,
1428 482 1627 521 tribuenda
1645 482 1697 521 est
1716 482 1765 521 fi-

384 548 536 587 aeribus
549 547 680 584 eadem
693 546 868 584 divinitas
880 562 892 589 ς
910 557 995 596 quae
1013 557 1060 582 ex
1072 544 1319 582 mobiliffima
1333 545 1602 598 puriffimaque
1617 547 1765 586 aetheris

381 621 486 665 parte
501 611 736 664 gignuntur5
759 622 882 661 neque
898 609 978 646 ull-a
991 618 1167 661 praeterea
1181 609 1268 647 sunt
1283 609 1439 647 admista
1454 610 1599 655 natura,
1614 620 1768 664 totaque

382 678 470 716 sunt
487 677 609 715 calida
627 686 741 728 atque
759 675 974 728 perlucida:
998 683 1041 712 ut
1057 687 1100 712 ea
1119 687 1274 727 quoque
1293 675 1491 714 reffiffime
1505 685 1542 714 et
1561 676 1768 714 animantia

382 742 469 788 effe,
489 752 528 780 et
547 742 681 780 sentire
700 749 814 793 atque
834 740 1059 793 intelligere,
1080 741 1266 780 dicantur.
1308 743 1440 794 Atque
1453 754 1496 779 ea
1510 742 1668 794 quidem
1688 751 1772 781 tota

382 806 453 845 effe
471 808 582 859 ignea
601 807 767 845 duorum
786 805 960 844 sensuum
981 806 1198 845 testimonio
1226 806 1444 845 confirmari
1466 805 1670 845 Cleanthes
1689 820 1764 860 pu-

383 882 451 918 tat,
473 872 606 918 taetus,
627 881 666 910 et
683 872 900 910 oculorum.
932 872 1038 910 Nam
1065 872 1152 910 solis
1171 872 1311 910 candor
1330 872 1508 911 illustrior
1527 886 1643 925 quam
1665 872 1766 911 ullus

382 938 498 990 ignis,
530 938 674 990 quippe
694 937 761 989 qui
780 936 968 974 immenso
985 938 1131 974 mundo
1151 946 1229 975 tam
1248 937 1362 990 longe
1381 938 1532 990 lateque
1547 937 1735 975 colluceat
1749 956 1768 983 ς

381 1012 421 1040 et
450 1003 481 1040 is
512 1004 593 1054 ejus
624 1004 742 1040 taetus
773 1002 839 1046 est,
873 1015 951 1040 non
982 1011 1025 1039 ut
1045 1002 1245 1055 tepefaciat
1270 1003 1408 1048 solum,
1436 1003 1497 1041 sed
1527 1003 1642 1041 etiam
1672 1003 1766 1055 saepe

381 1067 583 1105 comburat
599 1085 611 1112 ς
634 1080 800 1119 quoru-m
821 1076 1000 1104 neutrum
1019 1066 1171 1112 faceret,
1189 1067 1257 1105 nisi
1277 1067 1365 1105 effet
1384 1066 1531 1119 igneus.
1563 1067 1680 1119 Ergo,
1701 1068 1770 1105 in·-

380 1133 481 1184 quit,
503 1145 593 1170 cum
614 1132 668 1170 sol
688 1133 821 1184 igneus
842 1132 900 1177 sit,
923 1132 1147 1183 Oceanique
1166 1132 1286 1169 alatur
1303 1131 1547 1177 humoribus,
1569 1133 1658 1184 quia
1673 1132 1764 1170 nul-

380 1197 561 1249 Insignis
582 1197 657 1235 fine
678 1196 783 1249 pastu
802 1196 932 1249 aliquo
959 1196 1070 1249 poffit
1089 1209 1308 1249 permanere
1322 1215 1335 1242 3
1366 1197 1508 1235 necefl'e
1537 1197 1602 1241 est,
1633 1205 1698 1235 aut
1729 1197 1769 1234 ei

380 1262 515 1300 similis
533 1262 577 1300 sit
596 1263 692 1314 igni,
714 1274 832 1314 quem
852 1261 1078 1299 adhibemus
1099 1262 1145 1299 ad
1170 1261 1281 1299 usum
1300 1270 1412 1313 atque
1431 1262 1477 1300 ad
1497 1262 1641 1300 vietum
1656 1280 1668 1306 ς
1699 1270 1770 1300 aut.

381 1329 430 1372 ei,
453 1328 521 1379 qui
540 1327 762 1380 corporibus
782 1327 1035 1364 animantium
1056 1328 1286 1365 continetur.

435 1395 568 1444 Atque
597 1391 662 1429 hic
692 1391 814 1429 noster
846 1392 961 1444 ignis,
991 1405 1110 1444 quem
1137 1392 1222 1430 usus
1253 1392 1339 1432 vitae
1369 1393 1539 1446 requirit,
1569 1392 1764 1433 confector

382 1457 432 1495 est
452 1467 490 1495 et
506 1457 753 1509 consumptor
771 1458 964 1501 omnium,
985 1458 1179 1510 idemque,
1202 1472 1434 1511 quocunque
1453 1459 1598 1504 invasit,
1628 1460 1764 1497 cuncta

382 1523 564 1561 disturbat
589 1536 631 1560 ac
662 1522 822 1575 diffipat.
866 1524 1009 1560 Contra
1042 1523 1107 1560 ille
1140 1537 1354 1576 corporeus,
1382 1525 1504 1562 vitalis
1523 1533 1561 1561 et
1580 1524 1760 1569 salutaris,

381 1589 521 1628 omnia·
539 1588 743 1632 conservat,
772 1588 853 1631 alit,
886 1588 1010 1639 aug'e't,
1040 1588 1206 1632 sustinet,
1239 1588 1421 1639 sensuque
1451 1589 1582 1626 afficit.
1632 1589 1762 1641 Negat

380 1666 469 1706 ergo
488 1651 559 1690 effe
577 1651 754 1696 dubium,
780 1650 918 1689 horum
939 1652 1090 1703 ignium
1110 1651 1162 1689 sol
1184 1652 1259 1689 utri
1279 1652 1410 1690 similis
1430 1653 1486 1697 fit,
1502 1666 1592 1691 cum
1611 1653 1642 1691 is
1661 1667 1761 1705 quo·

377 1731 454 1770 que
472 1717 626 1762 efficiat,
657 1726 700 1754 ut
719 1716 850 1755 omnia
868 1716 1037 1761 floreant,
1069 1726 1106 1754 et
1133 1718 1174 1754 in
1192 1717 1257 1754 suo
1290 1730 1450 1768 quaeque
1467 1730 1601 1769 genere
1620 1718 1760 1769 pubes-

378 1792 479 1821 cant.
525 1782 653 1833 Qare
671 1795 763 1820 cum
784 1781 870 1820 solis
891 1782 989 1834 ignis
1010 1781 1141 1818 similis
1172 1794 1304 1819 eorum
1325 1781 1475 1833 ignium
1494 1782 1553 1826 fit,
1588 1782 1655 1834 qui
1675 1783 1771 1821 sunt„

378 1848 418 1885 in
438 1847 660 1900 corporibus
681 1847 961 1891 animantium,⁸
980 1846 1098 1884 solem
1124 1859 1276 1898 quoque
1301 1847 1536 1884 animantem
1555 1846 1634 1885 effe.
1643 1861 1768 1900 opor-⁶

379 1920 447 1956 tet,
479 1921 516 1950 et
534 1912 693 1963 quidem
714 1911 859 1964 reliqua
877 1911 981 1956 astra,
1006 1925 1089 1964 quae
1107 1911 1275 1949 oriantur
1302 1911 1343 1948 in
1363 1912 1490 1950 ardore
1510 1912 1669 1958 caelesti,
1690 1913 1769 1965 quiss

380 1977 509 2022 aether,
532 1977 591 2016 vel
611 1978 749 2015 caelum
770 1977 1002 2015 nominatur.

433 2044 537 2081 Cum
566 2043 684 2095 igitur
703 2043 865 2080 aliorum
885 2043 1140 2081 animantium
1160 2051 1263 2081 ortus
1284 2043 1322 2080 in
1344 2052 1438 2080 terra
1456 2043 1516 2087 fit,
1535 2043 1697 2081 aliorum
1717 2044 1768 2081 itt

377 2121 487 2160 aqua,
519 2109 561 2146 in
590 2121 670 2145 aere
690 2108 854 2145 aliorum
869 2125 880 2152 3
912 2107 1115 2145 absurdum
1141 2107 1210 2145 effe
1230 2107 1424 2145 Aristoteli
1453 2107 1616 2153 videtur,
1646 2109 1686 2145 in
1716 2121 1762 2145 ea

375 2182 496 2225 parte,
528 2185 613 2224 quae
631 2172 677 2209 fit
694 2172 742 2210 ad
760 2171 948 2224 gignenda
967 2172 1143 2209 animalia
1163 2171 1361 2224 aptissima,
1382 2172 1520 2210 animal
1541 2173 1650 2224 gigni
1665 2172 1757 2210 nul·

378 2239 463 2275 lum
481 2246 625 2290 putare.
657 2236 783 2274 Sidera
807 2245 934 2274 autem
954 2235 1158 2274 aethereum
1177 2237 1309 2275 locum
1338 2237 1513 2276 obtinent
1525 2255 1537 2281 3
1568 2237 1635 2289 qui
1655 2250 1756 2288 quo-

381 2303 484 2340 niam
517 2301 753 2340 tenuissimus
786 2302 852 2347 est,
872 2311 910 2339 et
930 2301 1074 2354 semper
1104 2304 1266 2355 agitatur
1291 2311 1328 2340 et
1347 2303 1449 2355 viget
1464 2321 1476 2347 ;
1517 2301 1658 2339 necesse
1687 2302 1764 2346 est,t

379 2367 486 2419 quod
502 2367 641 2404 animal
662 2368 701 2404 in
719 2380 766 2405 eo
784 2367 973 2419 gignatur,
1003 2368 1043 2405 id
1068 2377 1106 2405 et
1134 2368 1239 2406 sensu
1258 2369 1454 2412 acerrimo,
1474 2375 1513 2404 et
1539 2366 1755 2405 mobilitate

378 2432 574 2470 celerrima
592 2431 674 2469 esse.
724 2433 850 2485 Qare
869 2446 963 2470 curn
979 2433 1022 2470 in
1039 2432 1176 2471 aethere
1202 2434 1292 2472 astra
1310 2434 1527 2485 gignantur,
1557 2431 1758 2469 consenta-

379 2510 500 2535 neum
515 2497 588 2542 est,⁴
598 2498 637 2535 in
657 2497 703 2535 iis
722 2497 868 2536 sensum
889 2497 1000 2536 ineffe
1017 2508 1054 2536 et
1075 2499 1382 2551 intelligentiam.
1404 2498 1465 2535 Ex
1480 2509 1558 2549 quo
1575 2497 1765 2543 efficitur,

379 2564 420 2602 in
438 2563 613 2603 Deorum
633 2575 794 2605 numero
812 2563 904 2602 astra
920 2562 990 2601 effe
1008 2563 1193 2602 ducenda.
