<?xml version="1.0" encoding="UTF-8"?>
<!DOCTYPE html PUBLIC "-//W3C//DTD XHTML 1.0 Transitional//EN"
    "http://www.w3.org/TR/xhtml1/DTD/xhtml1-transitional.dtd">
<html xmlns="http://www.w3.org/1999/xhtml" xml:lang="en" lang="en">
 <head>
  <title>
</title>
<meta http-equiv="Content-Type" content="text/html;charset=utf-8" />
  <meta name='ocr-system' content='tesseract 3.04.00' />
  <meta name='ocr-capabilities' content='ocr_page ocr_carea ocr_par ocr_line ocrx_word'/>
</head>
<body>
  <div class='ocr_page' id='page_1' title='image "./operacumindicibu02ciceuoft_0202.png"; bbox 0 0 2330 2983; ppageno 0'>
   <div class='ocr_carea' id='block_1_1' title="bbox 561 249 1532 305">
    <p class='ocr_par' dir='ltr' id='par_1_1' title="bbox 561 249 1532 305">
     <span class='ocr_line' id='line_1_1' title="bbox 561 249 1532 305; baseline -0.003 -13"><span class='ocrx_word' id='word_1_1' title='bbox 561 266 638 305; x_wconf 83' lang='lat'>194</span> <span class='ocrx_word' id='word_1_2' title='bbox 977 250 1080 289; x_wconf 93' lang='lat' dir='ltr'>DE</span> <span class='ocrx_word' id='word_1_3' title='bbox 1139 249 1532 290; x_wconf 68' lang='lat' dir='ltr'>FINIBUS‘</span> 
     </span>
    </p>
   </div>
   <div class='ocr_carea' id='block_1_2' title="bbox 553 343 1964 2647">
    <p class='ocr_par' dir='ltr' id='par_1_2' title="bbox 553 343 1956 1061">
     <span class='ocr_line' id='line_1_2' title="bbox 555 343 1950 404; baseline 0.001 -15"><span class='ocrx_word' id='word_1_4' title='bbox 555 351 656 389; x_wconf 86' lang='lat' dir='ltr'>sunt.</span> <span class='ocrx_word' id='word_1_5' title='bbox 715 343 890 389; x_wconf 70' lang='lat' dir='ltr'>Nam&#39;ex</span> <span class='ocrx_word' id='word_1_6' title='bbox 911 349 1045 388; x_wconf 88' lang='lat' dir='ltr'>iisdem</span> <span class='ocrx_word' id='word_1_7' title='bbox 1075 351 1280 389; x_wconf 87' lang='lat' dir='ltr'>verborum</span> <span class='ocrx_word' id='word_1_8' title='bbox 1311 351 1508 404; x_wconf 82' lang='lat' dir='ltr'>praestigiis</span> <span class='ocrx_word' id='word_1_9' title='bbox 1538 357 1576 388; x_wconf 93' lang='lat' dir='ltr'>et</span> <span class='ocrx_word' id='word_1_10' title='bbox 1597 362 1710 403; x_wconf 88' lang='lat' dir='ltr'>regna</span> <span class='ocrx_word' id='word_1_11' title='bbox 1735 357 1822 389; x_wconf 88' lang='lat' dir='ltr'>nata</span> <span class='ocrx_word' id='word_1_12' title='bbox 1840 347 1950 390; x_wconf 86' lang='lat' dir='ltr'>vobis</span> 
     </span>
     <span class='ocr_line' id='line_1_3' title="bbox 555 416 1951 470; baseline 0 -16"><span class='ocrx_word' id='word_1_13' title='bbox 555 416 656 461; x_wconf 92' lang='lat' dir='ltr'>sunt,</span> <span class='ocrx_word' id='word_1_14' title='bbox 678 425 716 454; x_wconf 92' lang='lat' dir='ltr'>et</span> <span class='ocrx_word' id='word_1_15' title='bbox 736 416 908 468; x_wconf 88' lang='lat' dir='ltr'>imperia,</span> <span class='ocrx_word' id='word_1_16' title='bbox 929 425 967 454; x_wconf 86' lang='lat' dir='ltr'>et</span> <span class='ocrx_word' id='word_1_17' title='bbox 987 416 1142 460; x_wconf 65' lang='lat' dir='ltr'>divitiae,</span> <span class='ocrx_word' id='word_1_18' title='bbox 1157 426 1194 454; x_wconf 93' lang='lat' dir='ltr'>et</span> <span class='ocrx_word' id='word_1_19' title='bbox 1215 426 1326 455; x_wconf 84' lang='lat' dir='ltr'>tantae</span> <span class='ocrx_word' id='word_1_20' title='bbox 1346 417 1519 469; x_wconf 88' lang='lat' dir='ltr'>quidem,</span> <span class='ocrx_word' id='word_1_21' title='bbox 1538 425 1581 454; x_wconf 89' lang='lat' dir='ltr'>ut</span> <span class='ocrx_word' id='word_1_22' title='bbox 1596 416 1741 461; x_wconf 88' lang='lat' dir='ltr'>omnia,</span> <span class='ocrx_word' id='word_1_23' title='bbox 1758 429 1842 470; x_wconf 87' lang='lat' dir='ltr'>quae</span> <span class='ocrx_word' id='word_1_24' title='bbox 1860 416 1951 455; x_wconf 90' lang='lat' dir='ltr'>ubi-</span> 
     </span>
     <span class='ocr_line' id='line_1_4' title="bbox 555 481 1953 535; baseline 0.001 -16"><span class='ocrx_word' id='word_1_25' title='bbox 555 496 630 534; x_wconf 90' lang='lat' dir='ltr'>que</span> <span class='ocrx_word' id='word_1_26' title='bbox 650 482 736 526; x_wconf 91' lang='lat' dir='ltr'>fint‚</span> <span class='ocrx_word' id='word_1_27' title='bbox 767 481 943 534; x_wconf 87' lang='lat' dir='ltr'>sapientis</span> <span class='ocrx_word' id='word_1_28' title='bbox 959 482 1029 520; x_wconf 82' lang='lat' dir='ltr'>effe</span> <span class='ocrx_word' id='word_1_29' title='bbox 1049 482 1197 521; x_wconf 81' lang='lat' dir='ltr'>dicatis.</span> <span class='ocrx_word' id='word_1_30' title='bbox 1230 483 1364 521; x_wconf 88' lang='lat' dir='ltr'>Solum</span> <span class='ocrx_word' id='word_1_31' title='bbox 1384 492 1559 535; x_wconf 78' lang='lat' dir='ltr'>praeterea</span> <span class='ocrx_word' id='word_1_32' title='bbox 1576 481 1804 527; x_wconf 89' lang='lat' dir='ltr'>formosum,</span> <span class='ocrx_word' id='word_1_33' title='bbox 1826 481 1953 520; x_wconf 86' lang='lat' dir='ltr'>solum</span> 
     </span>
     <span class='ocr_line' id='line_1_5' title="bbox 555 547 1953 601; baseline 0.001 -16"><span class='ocrx_word' id='word_1_34' title='bbox 555 547 738 593; x_wconf 88' lang='lat' dir='ltr'>liberum,</span> <span class='ocrx_word' id='word_1_35' title='bbox 769 548 892 586; x_wconf 90' lang='lat' dir='ltr'>solum</span> <span class='ocrx_word' id='word_1_36' title='bbox 919 547 1071 586; x_wconf 88' lang='lat' dir='ltr'>civem:</span> <span class='ocrx_word' id='word_1_37' title='bbox 1103 548 1307 587; x_wconf 84' lang='lat' dir='ltr'>stultorum</span> <span class='ocrx_word' id='word_1_38' title='bbox 1338 549 1470 587; x_wconf 89' lang='lat' dir='ltr'>omnia</span> <span class='ocrx_word' id='word_1_39' title='bbox 1488 549 1687 593; x_wconf 87' lang='lat' dir='ltr'>contraria,</span> <span class='ocrx_word' id='word_1_40' title='bbox 1708 561 1806 601; x_wconf 90' lang='lat' dir='ltr'>quos</span> <span class='ocrx_word' id='word_1_41' title='bbox 1835 548 1953 586; x_wconf 87' lang='lat' dir='ltr'>etiam</span> 
     </span>
     <span class='ocr_line' id='line_1_6' title="bbox 553 609 1952 665; baseline 0 -14"><span class='ocrx_word' id='word_1_42' title='bbox 553 613 703 652; x_wconf 88' lang='lat' dir='ltr'>insanos</span> <span class='ocrx_word' id='word_1_43' title='bbox 732 613 803 652; x_wconf 83' lang='lat' dir='ltr'>effe</span> <span class='ocrx_word' id='word_1_44' title='bbox 822 614 952 652; x_wconf 84' lang='lat' dir='ltr'>vultis.</span> <span class='ocrx_word' id='word_1_45' title='bbox 995 615 1093 654; x_wconf 79' lang='lat' dir='ltr'>Haec</span> <span class='ocrx_word' id='word_1_46' title='bbox 1112 609 1294 665; x_wconf 60' lang='grc' dir='ltr'>παράδοξα</span> <span class='ocrx_word' id='word_1_47' title='bbox 1312 615 1384 660; x_wconf 90' lang='lat' dir='ltr'>illi,</span> <span class='ocrx_word' id='word_1_48' title='bbox 1417 627 1486 653; x_wconf 90' lang='lat' dir='ltr'>nos</span> <span class='ocrx_word' id='word_1_49' title='bbox 1506 614 1744 653; x_wconf 83' lang='lat' dir='ltr'>admirabilia</span> <span class='ocrx_word' id='word_1_50' title='bbox 1762 613 1952 652; x_wconf 87' lang='lat' dir='ltr'>dicamus.</span> 
     </span>
     <span class='ocr_line' id='line_1_7' title="bbox 556 678 1953 733; baseline -0.001 -15"><span class='ocrx_word' id='word_1_51' title='bbox 556 680 666 731; x_wconf 82' lang='lat' dir='ltr'>Qid</span> <span class='ocrx_word' id='word_1_52' title='bbox 684 690 813 718; x_wconf 88' lang='lat' dir='ltr'>autem</span> <span class='ocrx_word' id='word_1_53' title='bbox 833 679 976 718; x_wconf 90' lang='lat' dir='ltr'>habent</span> <span class='ocrx_word' id='word_1_54' title='bbox 995 680 1273 726; x_wconf 83' lang='lat' dir='ltr'>admirationis,</span> <span class='ocrx_word' id='word_1_55' title='bbox 1305 694 1397 718; x_wconf 89' lang='lat' dir='ltr'>cum</span> <span class='ocrx_word' id='word_1_56' title='bbox 1417 694 1534 733; x_wconf 81' lang='lat' dir='ltr'>prope</span> <span class='ocrx_word' id='word_1_57' title='bbox 1553 680 1742 718; x_wconf 80' lang='lat' dir='ltr'>accesseris</span> <span class='ocrx_word' id='word_1_58' title='bbox 1759 679 1772 716; x_wconf 91' lang='lat'>?</span> <span class='ocrx_word' id='word_1_59' title='bbox 1803 678 1953 718; x_wconf 90' lang='lat' dir='ltr'>Confe-</span> 
     </span>
     <span class='ocr_line' id='line_1_8' title="bbox 555 745 1953 798; baseline -0.001 -14"><span class='ocrx_word' id='word_1_60' title='bbox 555 759 637 783; x_wconf 84' lang='lat' dir='ltr'>ram</span> <span class='ocrx_word' id='word_1_61' title='bbox 659 755 803 790; x_wconf 88' lang='lat' dir='ltr'>tecum,</span> <span class='ocrx_word' id='word_1_62' title='bbox 825 759 943 797; x_wconf 90' lang='lat' dir='ltr'>quam</span> <span class='ocrx_word' id='word_1_63' title='bbox 963 747 1104 798; x_wconf 90' lang='lat' dir='ltr'>cuique</span> <span class='ocrx_word' id='word_1_64' title='bbox 1122 746 1237 784; x_wconf 88' lang='lat' dir='ltr'>verbo</span> <span class='ocrx_word' id='word_1_65' title='bbox 1257 759 1339 784; x_wconf 90' lang='lat' dir='ltr'>rem</span> <span class='ocrx_word' id='word_1_66' title='bbox 1359 745 1559 797; x_wconf 81' lang='lat' dir='ltr'>subjicias;</span> <span class='ocrx_word' id='word_1_67' title='bbox 1582 745 1688 784; x_wconf 89' lang='lat' dir='ltr'>nulla</span> <span class='ocrx_word' id='word_1_68' title='bbox 1706 745 1778 783; x_wconf 86' lang='lat' dir='ltr'>erit</span> <span class='ocrx_word' id='word_1_69' title='bbox 1796 754 1953 783; x_wconf 88' lang='lat' dir='ltr'>contro-</span> 
     </span>
     <span class='ocr_line' id='line_1_9' title="bbox 555 811 1955 864; baseline -0.001 -15"><span class='ocrx_word' id='word_1_70' title='bbox 555 811 683 849; x_wconf 74' lang='lat' dir='ltr'>versia.</span> <span class='ocrx_word' id='word_1_71' title='bbox 715 812 861 849; x_wconf 88' lang='lat' dir='ltr'>Omnia</span> <span class='ocrx_word' id='word_1_72' title='bbox 881 821 1035 864; x_wconf 89' lang='lat' dir='ltr'>peccata</span> <span class='ocrx_word' id='word_1_73' title='bbox 1053 812 1155 864; x_wconf 89' lang='lat' dir='ltr'>paria</span> <span class='ocrx_word' id='word_1_74' title='bbox 1174 811 1317 849; x_wconf 88' lang='lat' dir='ltr'>dicitis.</span> <span class='ocrx_word' id='word_1_75' title='bbox 1355 811 1450 849; x_wconf 89' lang='lat' dir='ltr'>Non</span> <span class='ocrx_word' id='word_1_76' title='bbox 1469 824 1541 864; x_wconf 84' lang='lat' dir='ltr'>ego</span> <span class='ocrx_word' id='word_1_77' title='bbox 1561 820 1690 849; x_wconf 91' lang='lat' dir='ltr'>tecum</span> <span class='ocrx_word' id='word_1_78' title='bbox 1712 811 1794 862; x_wconf 90' lang='lat' dir='ltr'>jam</span> <span class='ocrx_word' id='word_1_79' title='bbox 1821 811 1874 847; x_wconf 91' lang='lat' dir='ltr'>ita</span> <span class='ocrx_word' id='word_1_80' title='bbox 1892 811 1955 848; x_wconf 90' lang='lat' dir='ltr'>lo-</span> 
     </span>
     <span class='ocr_line' id='line_1_10' title="bbox 555 875 1954 929; baseline -0.001 -15"><span class='ocrx_word' id='word_1_81' title='bbox 555 890 664 929; x_wconf 90' lang='lat' dir='ltr'>quar,</span> <span class='ocrx_word' id='word_1_82' title='bbox 693 885 736 914; x_wconf 89' lang='lat' dir='ltr'>ut</span> <span class='ocrx_word' id='word_1_83' title='bbox 761 876 896 914; x_wconf 88' lang='lat' dir='ltr'>iisdem</span> <span class='ocrx_word' id='word_1_84' title='bbox 915 876 976 915; x_wconf 89' lang='lat' dir='ltr'>his</span> <span class='ocrx_word' id='word_1_85' title='bbox 992 877 1040 914; x_wconf 91' lang='lat' dir='ltr'>de</span> <span class='ocrx_word' id='word_1_86' title='bbox 1059 877 1185 922; x_wconf 88' lang='lat' dir='ltr'>rebus,</span> <span class='ocrx_word' id='word_1_87' title='bbox 1217 890 1310 915; x_wconf 90' lang='lat' dir='ltr'>curn</span> <span class='ocrx_word' id='word_1_88' title='bbox 1340 877 1389 914; x_wconf 92' lang='lat' dir='ltr'>L.</span> <span class='ocrx_word' id='word_1_89' title='bbox 1409 877 1632 920; x_wconf 90' lang='lat' dir='ltr'>Murenam,</span> <span class='ocrx_word' id='word_1_90' title='bbox 1673 885 1711 913; x_wconf 93' lang='lat' dir='ltr'>te</span> <span class='ocrx_word' id='word_1_91' title='bbox 1742 875 1954 921; x_wconf 84' lang='lat' dir='ltr'>accusante,</span> 
     </span>
     <span class='ocr_line' id='line_1_11' title="bbox 555 940 1956 995; baseline 0 -16"><span class='ocrx_word' id='word_1_92' title='bbox 555 940 814 980; x_wconf 87' lang='lat' dir='ltr'>defenderem.</span> <span class='ocrx_word' id='word_1_93' title='bbox 853 942 972 995; x_wconf 92' lang='lat' dir='ltr'>Apud</span> <span class='ocrx_word' id='word_1_94' title='bbox 996 942 1197 995; x_wconf 87' lang='lat' dir='ltr'>imperitos</span> <span class='ocrx_word' id='word_1_95' title='bbox 1215 950 1300 980; x_wconf 89' lang='lat' dir='ltr'>tum</span> <span class='ocrx_word' id='word_1_96' title='bbox 1327 941 1394 980; x_wconf 92' lang='lat' dir='ltr'>illa</span> <span class='ocrx_word' id='word_1_97' title='bbox 1410 942 1510 980; x_wconf 63' lang='lat' dir='ltr'>dieta</span> <span class='ocrx_word' id='word_1_98' title='bbox 1535 941 1622 980; x_wconf 88' lang='lat' dir='ltr'>sunt</span> <span class='ocrx_word' id='word_1_99' title='bbox 1636 961 1649 988; x_wconf 78' lang='lat'><em>3</em></span> <span class='ocrx_word' id='word_1_100' title='bbox 1672 940 1819 994; x_wconf 90' lang='lat' dir='ltr'>aliquid</span> <span class='ocrx_word' id='word_1_101' title='bbox 1838 940 1956 980; x_wconf 84' lang='lat' dir='ltr'>etiam</span> 
     </span>
     <span class='ocr_line' id='line_1_12' title="bbox 556 1007 1514 1061; baseline 0 -16"><span class='ocrx_word' id='word_1_102' title='bbox 556 1020 706 1047; x_wconf 88' lang='lat' dir='ltr'>coronae</span> <span class='ocrx_word' id='word_1_103' title='bbox 725 1007 883 1046; x_wconf 86' lang='lat' dir='ltr'>datum:</span> <span class='ocrx_word' id='word_1_104' title='bbox 915 1021 1018 1046; x_wconf 90' lang='lat' dir='ltr'>nunc</span> <span class='ocrx_word' id='word_1_105' title='bbox 1039 1007 1231 1061; x_wconf 78' lang='lat' dir='ltr'>agendum</span> <span class='ocrx_word' id='word_1_106' title='bbox 1251 1007 1303 1046; x_wconf 87' lang='lat' dir='ltr'>est</span> <span class='ocrx_word' id='word_1_107' title='bbox 1323 1007 1514 1046; x_wconf 84' lang='lat' dir='ltr'>subtilius.</span> 
     </span>
    </p>

    <p class='ocr_par' dir='ltr' id='par_1_3' title="bbox 556 1072 1959 1790">
     <span class='ocr_line' id='line_1_13' title="bbox 612 1072 1956 1127; baseline -0.001 -15"><span class='ocrx_word' id='word_1_108' title='bbox 612 1075 774 1113; x_wconf 88' lang='lat' dir='ltr'>Peccata</span> <span class='ocrx_word' id='word_1_109' title='bbox 806 1075 908 1127; x_wconf 90' lang='lat' dir='ltr'>paria</span> <span class='ocrx_word' id='word_1_110' title='bbox 941 1087 1111 1127; x_wconf 83' lang='lat' dir='ltr'>quonam</span> <span class='ocrx_word' id='word_1_111' title='bbox 1143 1073 1288 1112; x_wconf 88' lang='lat' dir='ltr'>modo?</span> <span class='ocrx_word' id='word_1_112' title='bbox 1320 1075 1423 1126; x_wconf 81' lang='lat' dir='ltr'>Qia</span> <span class='ocrx_word' id='word_1_113' title='bbox 1454 1087 1524 1112; x_wconf 93' lang='lat' dir='ltr'>nec</span> <span class='ocrx_word' id='word_1_114' title='bbox 1554 1072 1714 1112; x_wconf 89' lang='lat' dir='ltr'>honesto</span> <span class='ocrx_word' id='word_1_115' title='bbox 1740 1073 1956 1125; x_wconf 89' lang='lat' dir='ltr'>quidquam</span> 
     </span>
     <span class='ocr_line' id='line_1_14' title="bbox 557 1138 1957 1193; baseline -0.001 -15"><span class='ocrx_word' id='word_1_116' title='bbox 557 1139 766 1186; x_wconf 87' lang='lat' dir='ltr'>honestius,</span> <span class='ocrx_word' id='word_1_117' title='bbox 788 1153 858 1178; x_wconf 85' lang='lat' dir='ltr'>nec</span> <span class='ocrx_word' id='word_1_118' title='bbox 885 1141 987 1192; x_wconf 86' lang='lat' dir='ltr'>turpi</span> <span class='ocrx_word' id='word_1_119' title='bbox 1009 1141 1172 1193; x_wconf 87' lang='lat' dir='ltr'>turpius.</span> <span class='ocrx_word' id='word_1_120' title='bbox 1232 1140 1352 1192; x_wconf 88' lang='lat' dir='ltr'>Perge</span> <span class='ocrx_word' id='word_1_121' title='bbox 1372 1142 1485 1193; x_wconf 81' lang='lat' dir='ltr'>porro</span> <span class='ocrx_word' id='word_1_122' title='bbox 1503 1154 1511 1177; x_wconf 90' lang='lat'>:</span> <span class='ocrx_word' id='word_1_123' title='bbox 1544 1152 1635 1177; x_wconf 90' lang='lat' dir='ltr'>nam</span> <span class='ocrx_word' id='word_1_124' title='bbox 1654 1139 1701 1177; x_wconf 91' lang='lat' dir='ltr'>de</span> <span class='ocrx_word' id='word_1_125' title='bbox 1728 1138 1798 1177; x_wconf 90' lang='lat' dir='ltr'>isto</span> <span class='ocrx_word' id='word_1_126' title='bbox 1817 1151 1957 1191; x_wconf 89' lang='lat' dir='ltr'>magna</span> 
     </span>
     <span class='ocr_line' id='line_1_15' title="bbox 557 1205 1959 1259; baseline -0.001 -14"><span class='ocrx_word' id='word_1_127' title='bbox 557 1206 732 1245; x_wconf 84' lang='lat' dir='ltr'>diffenfio</span> <span class='ocrx_word' id='word_1_128' title='bbox 746 1207 812 1245; x_wconf 90' lang='lat' dir='ltr'>est.</span> <span class='ocrx_word' id='word_1_129' title='bbox 835 1207 906 1245; x_wconf 86' lang='lat' dir='ltr'>Illa</span> <span class='ocrx_word' id='word_1_130' title='bbox 925 1216 1149 1259; x_wconf 86' lang='lat' dir='ltr'>argumenta</span> <span class='ocrx_word' id='word_1_131' title='bbox 1166 1207 1320 1259; x_wconf 87' lang='lat' dir='ltr'>propria</span> <span class='ocrx_word' id='word_1_132' title='bbox 1338 1207 1550 1251; x_wconf 83' lang='lat' dir='ltr'>videamus,</span> <span class='ocrx_word' id='word_1_133' title='bbox 1570 1219 1640 1244; x_wconf 91' lang='lat' dir='ltr'>cur</span> <span class='ocrx_word' id='word_1_134' title='bbox 1655 1205 1786 1244; x_wconf 90' lang='lat' dir='ltr'>omnia</span> <span class='ocrx_word' id='word_1_135' title='bbox 1802 1213 1959 1258; x_wconf 89' lang='lat' dir='ltr'>peccata</span> 
     </span>
     <span class='ocr_line' id='line_1_16' title="bbox 557 1271 1958 1325; baseline -0.001 -15"><span class='ocrx_word' id='word_1_136' title='bbox 557 1272 631 1310; x_wconf 78' lang='lat' dir='ltr'>sint</span> <span class='ocrx_word' id='word_1_137' title='bbox 663 1273 778 1325; x_wconf 87' lang='lat' dir='ltr'>paria.</span> <span class='ocrx_word' id='word_1_138' title='bbox 837 1272 908 1316; x_wconf 91' lang='lat' dir='ltr'>Ut,</span> <span class='ocrx_word' id='word_1_139' title='bbox 930 1272 1073 1323; x_wconf 91' lang='lat' dir='ltr'>inquit,</span> <span class='ocrx_word' id='word_1_140' title='bbox 1105 1272 1145 1309; x_wconf 88' lang='lat' dir='ltr'>in</span> <span class='ocrx_word' id='word_1_141' title='bbox 1176 1271 1316 1310; x_wconf 87' lang='lat' dir='ltr'>fidibus</span> <span class='ocrx_word' id='word_1_142' title='bbox 1342 1271 1538 1324; x_wconf 88' lang='lat' dir='ltr'>plurimis,</span> <span class='ocrx_word' id='word_1_143' title='bbox 1569 1271 1595 1309; x_wconf 89' lang='lat' dir='ltr'>fi</span> <span class='ocrx_word' id='word_1_144' title='bbox 1623 1271 1728 1309; x_wconf 89' lang='lat' dir='ltr'>nulla</span> <span class='ocrx_word' id='word_1_145' title='bbox 1752 1284 1883 1309; x_wconf 89' lang='lat' dir='ltr'>earum</span> <span class='ocrx_word' id='word_1_146' title='bbox 1903 1271 1958 1309; x_wconf 89' lang='lat' dir='ltr'>ita</span> 
     </span>
     <span class='ocr_line' id='line_1_17' title="bbox 558 1337 1958 1391; baseline -0.001 -14"><span class='ocrx_word' id='word_1_147' title='bbox 558 1347 737 1377; x_wconf 88' lang='lat' dir='ltr'>contenta</span> <span class='ocrx_word' id='word_1_148' title='bbox 767 1338 937 1376; x_wconf 84' lang='lat' dir='ltr'>numeris</span> <span class='ocrx_word' id='word_1_149' title='bbox 968 1338 1026 1383; x_wconf 91' lang='lat' dir='ltr'>fit,</span> <span class='ocrx_word' id='word_1_150' title='bbox 1057 1346 1101 1375; x_wconf 90' lang='lat' dir='ltr'>ut</span> <span class='ocrx_word' id='word_1_151' title='bbox 1127 1346 1364 1380; x_wconf 88' lang='lat' dir='ltr'>concentum</span> <span class='ocrx_word' id='word_1_152' title='bbox 1389 1338 1529 1376; x_wconf 88' lang='lat' dir='ltr'>servare</span> <span class='ocrx_word' id='word_1_153' title='bbox 1548 1337 1674 1391; x_wconf 87' lang='lat' dir='ltr'>poffit,</span> <span class='ocrx_word' id='word_1_154' title='bbox 1695 1350 1830 1376; x_wconf 89' lang='lat' dir='ltr'>omnes</span> <span class='ocrx_word' id='word_1_155' title='bbox 1849 1351 1958 1390; x_wconf 86' lang='lat' dir='ltr'>aeque</span> 
     </span>
     <span class='ocr_line' id='line_1_18' title="bbox 556 1402 1955 1457; baseline 0.001 -15"><span class='ocrx_word' id='word_1_156' title='bbox 556 1406 790 1445; x_wconf 83' lang='lat' dir='ltr'>incontentae</span> <span class='ocrx_word' id='word_1_157' title='bbox 809 1403 895 1442; x_wconf 88' lang='lat' dir='ltr'>sunt</span> <span class='ocrx_word' id='word_1_158' title='bbox 912 1422 923 1449; x_wconf 65' lang='grc' dir='ltr'><strong><em>ς</em></strong></span> <span class='ocrx_word' id='word_1_159' title='bbox 955 1403 1004 1442; x_wconf 91' lang='lat' dir='ltr'>s1c</span> <span class='ocrx_word' id='word_1_160' title='bbox 1024 1413 1191 1456; x_wconf 87' lang='lat' dir='ltr'>peccata,</span> <span class='ocrx_word' id='word_1_161' title='bbox 1225 1404 1315 1457; x_wconf 89' lang='lat' dir='ltr'>quia</span> <span class='ocrx_word' id='word_1_162' title='bbox 1335 1403 1559 1457; x_wconf 90' lang='lat' dir='ltr'>discrepant,</span> <span class='ocrx_word' id='word_1_163' title='bbox 1590 1416 1696 1456; x_wconf 85' lang='lat' dir='ltr'>aeque</span> <span class='ocrx_word' id='word_1_164' title='bbox 1715 1402 1927 1456; x_wconf 88' lang='lat' dir='ltr'>discrepant</span> <span class='ocrx_word' id='word_1_165' title='bbox 1945 1418 1955 1443; x_wconf 91' lang='lat'><strong>:</strong></span> 
     </span>
     <span class='ocr_line' id='line_1_19' title="bbox 557 1469 1958 1524; baseline -0.001 -14"><span class='ocrx_word' id='word_1_166' title='bbox 557 1473 661 1524; x_wconf 85' lang='lat' dir='ltr'>paria</span> <span class='ocrx_word' id='word_1_167' title='bbox 679 1471 764 1509; x_wconf 91' lang='lat' dir='ltr'>sunt</span> <span class='ocrx_word' id='word_1_168' title='bbox 785 1471 916 1523; x_wconf 87' lang='lat' dir='ltr'>igitur.</span> <span class='ocrx_word' id='word_1_169' title='bbox 963 1470 1044 1508; x_wconf 87' lang='lat' dir='ltr'>Hic</span> <span class='ocrx_word' id='word_1_170' title='bbox 1065 1471 1250 1523; x_wconf 86' lang='lat' dir='ltr'>ambiguo</span> <span class='ocrx_word' id='word_1_171' title='bbox 1269 1470 1456 1509; x_wconf 88' lang='lat' dir='ltr'>ludimur.</span> <span class='ocrx_word' id='word_1_172' title='bbox 1494 1471 1623 1522; x_wconf 86' lang='lat' dir='ltr'>AEque</span> <span class='ocrx_word' id='word_1_173' title='bbox 1639 1469 1745 1508; x_wconf 87' lang='lat' dir='ltr'>enim</span> <span class='ocrx_word' id='word_1_174' title='bbox 1765 1470 1958 1523; x_wconf 87' lang='lat' dir='ltr'>contingit</span> 
     </span>
     <span class='ocr_line' id='line_1_20' title="bbox 558 1535 1959 1581; baseline -0.001 -4"><span class='ocrx_word' id='word_1_175' title='bbox 558 1539 740 1577; x_wconf 86' lang='lat' dir='ltr'>omnibus</span> <span class='ocrx_word' id='word_1_176' title='bbox 772 1537 928 1581; x_wconf 88' lang='lat' dir='ltr'>fidibus,</span> <span class='ocrx_word' id='word_1_177' title='bbox 960 1545 1003 1574; x_wconf 90' lang='lat' dir='ltr'>ut</span> <span class='ocrx_word' id='word_1_178' title='bbox 1038 1537 1269 1574; x_wconf 86' lang='lat' dir='ltr'>incontentae</span> <span class='ocrx_word' id='word_1_179' title='bbox 1300 1537 1395 1574; x_wconf 74' lang='lat' dir='ltr'>sint:</span> <span class='ocrx_word' id='word_1_180' title='bbox 1437 1535 1536 1574; x_wconf 87' lang='lat' dir='ltr'>illud</span> <span class='ocrx_word' id='word_1_181' title='bbox 1569 1549 1647 1573; x_wconf 91' lang='lat' dir='ltr'>non</span> <span class='ocrx_word' id='word_1_182' title='bbox 1680 1536 1881 1581; x_wconf 86' lang='lat' dir='ltr'>continuo,</span> <span class='ocrx_word' id='word_1_183' title='bbox 1915 1546 1959 1575; x_wconf 90' lang='lat' dir='ltr'>ut</span> 
     </span>
     <span class='ocr_line' id='line_1_21' title="bbox 558 1600 1954 1657; baseline -0.002 -14"><span class='ocrx_word' id='word_1_184' title='bbox 558 1618 666 1657; x_wconf 75' lang='lat' dir='ltr'>:eque</span> <span class='ocrx_word' id='word_1_185' title='bbox 685 1605 930 1642; x_wconf 82' lang='lat' dir='ltr'>incontentae.</span> <span class='ocrx_word' id='word_1_186' title='bbox 964 1602 1132 1647; x_wconf 82' lang='lat' dir='ltr'>Collatio</span> <span class='ocrx_word' id='word_1_187' title='bbox 1158 1602 1276 1654; x_wconf 87' lang='lat' dir='ltr'>igitur</span> <span class='ocrx_word' id='word_1_188' title='bbox 1295 1602 1361 1640; x_wconf 88' lang='lat' dir='ltr'>ista</span> <span class='ocrx_word' id='word_1_189' title='bbox 1381 1611 1418 1639; x_wconf 91' lang='lat' dir='ltr'>te</span> <span class='ocrx_word' id='word_1_190' title='bbox 1448 1600 1546 1639; x_wconf 90' lang='lat' dir='ltr'>nihil</span> <span class='ocrx_word' id='word_1_191' title='bbox 1572 1602 1694 1654; x_wconf 90' lang='lat' dir='ltr'>juvat.</span> <span class='ocrx_word' id='word_1_192' title='bbox 1727 1602 1814 1640; x_wconf 94' lang='lat' dir='ltr'>Nec</span> <span class='ocrx_word' id='word_1_193' title='bbox 1834 1602 1954 1647; x_wconf 88' lang='lat' dir='ltr'>enim,</span> 
     </span>
     <span class='ocr_line' id='line_1_22' title="bbox 560 1666 1959 1719; baseline -0.002 -10"><span class='ocrx_word' id='word_1_194' title='bbox 560 1683 693 1709; x_wconf 86' lang='lat' dir='ltr'>omnes</span> <span class='ocrx_word' id='word_1_195' title='bbox 713 1668 883 1707; x_wconf 87' lang='lat' dir='ltr'>avaritias</span> <span class='ocrx_word' id='word_1_196' title='bbox 904 1668 929 1705; x_wconf 86' lang='lat' dir='ltr'>fi</span> <span class='ocrx_word' id='word_1_197' title='bbox 951 1681 1057 1719; x_wconf 81' lang='lat' dir='ltr'>aeque</span> <span class='ocrx_word' id='word_1_198' title='bbox 1073 1667 1244 1706; x_wconf 85' lang='lat' dir='ltr'>avaritias</span> <span class='ocrx_word' id='word_1_199' title='bbox 1259 1667 1331 1705; x_wconf 88' lang='lat' dir='ltr'>esse</span> <span class='ocrx_word' id='word_1_200' title='bbox 1349 1667 1575 1712; x_wconf 84' lang='lat' dir='ltr'>dixerimus,</span> <span class='ocrx_word' id='word_1_201' title='bbox 1593 1666 1764 1719; x_wconf 89' lang='lat' dir='ltr'>sequitur</span> <span class='ocrx_word' id='word_1_202' title='bbox 1782 1667 1898 1705; x_wconf 86' lang='lat' dir='ltr'>etiarn</span> <span class='ocrx_word' id='word_1_203' title='bbox 1915 1676 1959 1706; x_wconf 91' lang='lat' dir='ltr'>ut</span> 
     </span>
     <span class='ocr_line' id='line_1_23' title="bbox 560 1735 979 1790; baseline -0.01 -15"><span class='ocrx_word' id='word_1_204' title='bbox 560 1749 683 1790; x_wconf 74' lang='lat' dir='ltr'>:equas</span> <span class='ocrx_word' id='word_1_205' title='bbox 704 1735 774 1774; x_wconf 82' lang='lat' dir='ltr'>effe</span> <span class='ocrx_word' id='word_1_206' title='bbox 794 1735 979 1772; x_wconf 89' lang='lat' dir='ltr'>dicamus.</span> 
     </span>
    </p>

    <p class='ocr_par' dir='ltr' id='par_1_4' title="bbox 560 1798 1964 2647">
     <span class='ocr_line' id='line_1_24' title="bbox 615 1798 1961 1851; baseline -0.003 -10"><span class='ocrx_word' id='word_1_207' title='bbox 615 1804 718 1841; x_wconf 87' lang='lat' dir='ltr'>Ecce</span> <span class='ocrx_word' id='word_1_208' title='bbox 734 1800 837 1839; x_wconf 88' lang='lat' dir='ltr'>aliud</span> <span class='ocrx_word' id='word_1_209' title='bbox 858 1799 979 1838; x_wconf 76' lang='lat' dir='ltr'>simile</span> <span class='ocrx_word' id='word_1_210' title='bbox 997 1798 1189 1838; x_wconf 85' lang='lat' dir='ltr'>diffimile.</span> <span class='ocrx_word' id='word_1_211' title='bbox 1222 1800 1279 1837; x_wconf 94' lang='lat' dir='ltr'>Ut</span> <span class='ocrx_word' id='word_1_212' title='bbox 1299 1799 1418 1843; x_wconf 87' lang='lat' dir='ltr'>enim,</span> <span class='ocrx_word' id='word_1_213' title='bbox 1441 1799 1585 1851; x_wconf 90' lang='lat' dir='ltr'>inquit,</span> <span class='ocrx_word' id='word_1_214' title='bbox 1603 1798 1834 1851; x_wconf 87' lang='lat' dir='ltr'>gubernator</span> <span class='ocrx_word' id='word_1_215' title='bbox 1854 1812 1961 1851; x_wconf 84' lang='lat' dir='ltr'>aeque</span> 
     </span>
     <span class='ocr_line' id='line_1_25' title="bbox 560 1863 1958 1922; baseline -0.003 -18"><span class='ocrx_word' id='word_1_216' title='bbox 560 1876 704 1922; x_wconf 82' lang='lat' dir='ltr'>peccat,</span> <span class='ocrx_word' id='word_1_217' title='bbox 727 1866 753 1904; x_wconf 87' lang='lat' dir='ltr'>s1</span> <span class='ocrx_word' id='word_1_218' title='bbox 773 1863 966 1918; x_wconf 88' lang='lat' dir='ltr'>palearum</span> <span class='ocrx_word' id='word_1_219' title='bbox 988 1878 1122 1902; x_wconf 84' lang='lat' dir='ltr'>navem</span> <span class='ocrx_word' id='word_1_220' title='bbox 1142 1863 1291 1909; x_wconf 89' lang='lat' dir='ltr'>evertit,</span> <span class='ocrx_word' id='word_1_221' title='bbox 1321 1873 1359 1901; x_wconf 88' lang='lat' dir='ltr'>et</span> <span class='ocrx_word' id='word_1_222' title='bbox 1379 1863 1404 1901; x_wconf 85' lang='lat' dir='ltr'>fi</span> <span class='ocrx_word' id='word_1_223' title='bbox 1428 1864 1534 1908; x_wconf 89' lang='lat' dir='ltr'>auri;</span> <span class='ocrx_word' id='word_1_224' title='bbox 1565 1863 1660 1901; x_wconf 84' lang='lat' dir='ltr'>item</span> <span class='ocrx_word' id='word_1_225' title='bbox 1678 1876 1785 1915; x_wconf 80' lang='lat' dir='ltr'>aeque</span> <span class='ocrx_word' id='word_1_226' title='bbox 1813 1873 1958 1916; x_wconf 84' lang='lat' dir='ltr'>peccat,</span> 
     </span>
     <span class='ocr_line' id='line_1_26' title="bbox 561 1929 1959 1987; baseline -0.003 -16"><span class='ocrx_word' id='word_1_227' title='bbox 561 1934 628 1987; x_wconf 91' lang='lat' dir='ltr'>qui</span> <span class='ocrx_word' id='word_1_228' title='bbox 650 1941 861 1986; x_wconf 88' lang='lat' dir='ltr'>parentem,</span> <span class='ocrx_word' id='word_1_229' title='bbox 882 1939 919 1968; x_wconf 92' lang='lat' dir='ltr'>et</span> <span class='ocrx_word' id='word_1_230' title='bbox 940 1931 1006 1983; x_wconf 90' lang='lat' dir='ltr'>qui</span> <span class='ocrx_word' id='word_1_231' title='bbox 1028 1930 1192 1975; x_wconf 91' lang='lat' dir='ltr'>servum,</span> <span class='ocrx_word' id='word_1_232' title='bbox 1223 1930 1361 1982; x_wconf 86' lang='lat' dir='ltr'>injuria</span> <span class='ocrx_word' id='word_1_233' title='bbox 1381 1930 1564 1968; x_wconf 87' lang='lat' dir='ltr'>verberat.</span> <span class='ocrx_word' id='word_1_234' title='bbox 1607 1930 1704 1968; x_wconf 75' lang='lat' dir='ltr'>Haec</span> <span class='ocrx_word' id='word_1_235' title='bbox 1720 1942 1798 1968; x_wconf 91' lang='lat' dir='ltr'>non</span> <span class='ocrx_word' id='word_1_236' title='bbox 1819 1929 1959 1974; x_wconf 89' lang='lat' dir='ltr'>videre,</span> 
     </span>
     <span class='ocr_line' id='line_1_27' title="bbox 560 1994 1959 2052; baseline -0.004 -14"><span class='ocrx_word' id='word_1_237' title='bbox 560 2001 671 2052; x_wconf 87' lang='lat' dir='ltr'>cujus</span> <span class='ocrx_word' id='word_1_238' title='bbox 689 1997 835 2051; x_wconf 83' lang='lat' dir='ltr'>generis</span> <span class='ocrx_word' id='word_1_239' title='bbox 855 2009 951 2034; x_wconf 86' lang='lat' dir='ltr'>onus</span> <span class='ocrx_word' id='word_1_240' title='bbox 974 1995 1077 2034; x_wconf 89' lang='lat' dir='ltr'>navis</span> <span class='ocrx_word' id='word_1_241' title='bbox 1104 1995 1230 2040; x_wconf 88' lang='lat' dir='ltr'>vehat,</span> <span class='ocrx_word' id='word_1_242' title='bbox 1261 1997 1306 2033; x_wconf 89' lang='lat' dir='ltr'>ad</span> <span class='ocrx_word' id='word_1_243' title='bbox 1326 1995 1590 2048; x_wconf 88' lang='lat' dir='ltr'>gubernatoris</span> <span class='ocrx_word' id='word_1_244' title='bbox 1610 2004 1731 2033; x_wconf 86' lang='lat' dir='ltr'>artem</span> <span class='ocrx_word' id='word_1_245' title='bbox 1753 1994 1851 2033; x_wconf 86' lang='lat' dir='ltr'>nihil</span> <span class='ocrx_word' id='word_1_246' title='bbox 1871 2009 1959 2047; x_wconf 89' lang='lat' dir='ltr'>per-</span> 
     </span>
     <span class='ocr_line' id='line_1_28' title="bbox 560 2059 1960 2115; baseline -0.004 -12"><span class='ocrx_word' id='word_1_247' title='bbox 560 2065 709 2104; x_wconf 81' lang='lat' dir='ltr'>tinere?</span> <span class='ocrx_word' id='word_1_248' title='bbox 743 2064 876 2115; x_wconf 85' lang='lat' dir='ltr'>Itaque</span> <span class='ocrx_word' id='word_1_249' title='bbox 907 2075 1056 2105; x_wconf 85' lang='lat' dir='ltr'>aurum,</span> <span class='ocrx_word' id='word_1_250' title='bbox 1093 2061 1289 2114; x_wconf 85' lang='lat' dir='ltr'>paleamne</span> <span class='ocrx_word' id='word_1_251' title='bbox 1321 2070 1459 2113; x_wconf 87' lang='lat' dir='ltr'>portet,</span> <span class='ocrx_word' id='word_1_252' title='bbox 1489 2060 1535 2098; x_wconf 88' lang='lat' dir='ltr'>ad</span> <span class='ocrx_word' id='word_1_253' title='bbox 1563 2060 1658 2098; x_wconf 90' lang='lat' dir='ltr'>bene</span> <span class='ocrx_word' id='word_1_254' title='bbox 1689 2068 1753 2098; x_wconf 86' lang='lat' dir='ltr'>aut</span> <span class='ocrx_word' id='word_1_255' title='bbox 1784 2059 1830 2097; x_wconf 87' lang='lat' dir='ltr'>ad</span> <span class='ocrx_word' id='word_1_256' title='bbox 1860 2060 1960 2098; x_wconf 89' lang='lat' dir='ltr'>male</span> 
     </span>
     <span class='ocr_line' id='line_1_29' title="bbox 561 2125 1960 2185; baseline -0.004 -16"><span class='ocrx_word' id='word_1_257' title='bbox 561 2129 853 2185; x_wconf 82' lang='lat' dir='ltr'>gubernandum</span> <span class='ocrx_word' id='word_1_258' title='bbox 876 2127 973 2166; x_wconf 88' lang='lat' dir='ltr'>nihil</span> <span class='ocrx_word' id='word_1_259' title='bbox 995 2127 1177 2166; x_wconf 72' lang='lat' dir='ltr'>intercise.</span> <span class='ocrx_word' id='word_1_260' title='bbox 1230 2129 1296 2172; x_wconf 88' lang='lat' dir='ltr'>At,</span> <span class='ocrx_word' id='word_1_261' title='bbox 1322 2127 1416 2179; x_wconf 89' lang='lat' dir='ltr'>quid</span> <span class='ocrx_word' id='word_1_262' title='bbox 1437 2127 1536 2165; x_wconf 88' lang='lat' dir='ltr'>inter</span> <span class='ocrx_word' id='word_1_263' title='bbox 1557 2135 1753 2179; x_wconf 84' lang='lat' dir='ltr'>parentem</span> <span class='ocrx_word' id='word_1_264' title='bbox 1774 2134 1811 2163; x_wconf 91' lang='lat' dir='ltr'>et</span> <span class='ocrx_word' id='word_1_265' title='bbox 1833 2125 1960 2164; x_wconf 82' lang='lat' dir='ltr'>servu-</span> 
     </span>
     <span class='ocr_line' id='line_1_30' title="bbox 561 2192 1964 2247; baseline -0.004 -11"><span class='ocrx_word' id='word_1_266' title='bbox 561 2199 646 2236; x_wconf 89' lang='lat' dir='ltr'>lum</span> <span class='ocrx_word' id='word_1_267' title='bbox 668 2196 824 2240; x_wconf 82' lang='lat' dir='ltr'>intersit,</span> <span class='ocrx_word' id='word_1_268' title='bbox 855 2194 1021 2246; x_wconf 85' lang='lat' dir='ltr'>intelligi</span> <span class='ocrx_word' id='word_1_269' title='bbox 1042 2204 1079 2232; x_wconf 89' lang='lat' dir='ltr'>et</span> <span class='ocrx_word' id='word_1_270' title='bbox 1099 2194 1234 2247; x_wconf 88' lang='lat' dir='ltr'>potest,</span> <span class='ocrx_word' id='word_1_271' title='bbox 1269 2203 1306 2232; x_wconf 91' lang='lat' dir='ltr'>et</span> <span class='ocrx_word' id='word_1_272' title='bbox 1332 2194 1458 2233; x_wconf 86' lang='lat' dir='ltr'>debet.</span> <span class='ocrx_word' id='word_1_273' title='bbox 1519 2194 1624 2247; x_wconf 89' lang='lat' dir='ltr'>Ergo</span> <span class='ocrx_word' id='word_1_274' title='bbox 1654 2193 1691 2230; x_wconf 88' lang='lat' dir='ltr'>in</span> <span class='ocrx_word' id='word_1_275' title='bbox 1713 2192 1964 2245; x_wconf 82' lang='lat' dir='ltr'>gubernando</span> 
     </span>
     <span class='ocr_line' id='line_1_31' title="bbox 564 2260 1958 2314; baseline -0.004 -11"><span class='ocrx_word' id='word_1_276' title='bbox 564 2263 676 2308; x_wconf 87' lang='lat' dir='ltr'>nihil,</span> <span class='ocrx_word' id='word_1_277' title='bbox 700 2264 738 2301; x_wconf 91' lang='lat' dir='ltr'>in</span> <span class='ocrx_word' id='word_1_278' title='bbox 758 2262 887 2301; x_wconf 86' lang='lat' dir='ltr'>officio</span> <span class='ocrx_word' id='word_1_279' title='bbox 908 2261 1137 2314; x_wconf 83' lang='lat' dir='ltr'>plurimum,</span> <span class='ocrx_word' id='word_1_280' title='bbox 1161 2261 1325 2306; x_wconf 83' lang='lat' dir='ltr'>interest,</span> <span class='ocrx_word' id='word_1_281' title='bbox 1353 2275 1431 2314; x_wconf 91' lang='lat' dir='ltr'>quo</span> <span class='ocrx_word' id='word_1_282' title='bbox 1452 2262 1490 2299; x_wconf 89' lang='lat' dir='ltr'>in</span> <span class='ocrx_word' id='word_1_283' title='bbox 1511 2274 1645 2314; x_wconf 87' lang='lat' dir='ltr'>genere</span> <span class='ocrx_word' id='word_1_284' title='bbox 1667 2269 1859 2312; x_wconf 87' lang='lat' dir='ltr'>peccetur.</span> <span class='ocrx_word' id='word_1_285' title='bbox 1893 2260 1958 2303; x_wconf 85' lang='lat' dir='ltr'>Et,</span> 
     </span>
     <span class='ocr_line' id='line_1_32' title="bbox 563 2326 1962 2383; baseline -0.004 -14"><span class='ocrx_word' id='word_1_286' title='bbox 563 2332 587 2370; x_wconf 84' lang='lat' dir='ltr'>si</span> <span class='ocrx_word' id='word_1_287' title='bbox 624 2331 661 2369; x_wconf 86' lang='lat' dir='ltr'>in</span> <span class='ocrx_word' id='word_1_288' title='bbox 696 2329 773 2383; x_wconf 87' lang='lat' dir='ltr'>ipsa</span> <span class='ocrx_word' id='word_1_289' title='bbox 791 2329 1065 2383; x_wconf 84' lang='lat' dir='ltr'>gubernatione</span> <span class='ocrx_word' id='word_1_290' title='bbox 1097 2328 1329 2381; x_wconf 65' lang='lat' dir='ltr'>negligentia</span> <span class='ocrx_word' id='word_1_291' title='bbox 1362 2328 1413 2366; x_wconf 86' lang='lat' dir='ltr'>est</span> <span class='ocrx_word' id='word_1_292' title='bbox 1446 2328 1548 2366; x_wconf 80' lang='lat' dir='ltr'>navis</span> <span class='ocrx_word' id='word_1_293' title='bbox 1582 2327 1718 2371; x_wconf 86' lang='lat' dir='ltr'>eversa,</span> <span class='ocrx_word' id='word_1_294' title='bbox 1749 2327 1872 2379; x_wconf 85' lang='lat' dir='ltr'>majus</span> <span class='ocrx_word' id='word_1_295' title='bbox 1908 2326 1962 2363; x_wconf 82' lang='lat' dir='ltr'>est</span> 
     </span>
     <span class='ocr_line' id='line_1_33' title="bbox 564 2392 1963 2451; baseline -0.004 -16"><span class='ocrx_word' id='word_1_296' title='bbox 564 2407 766 2451; x_wconf 86' lang='lat' dir='ltr'>peccatum</span> <span class='ocrx_word' id='word_1_297' title='bbox 787 2397 825 2434; x_wconf 93' lang='lat' dir='ltr'>in</span> <span class='ocrx_word' id='word_1_298' title='bbox 845 2409 948 2440; x_wconf 83' lang='lat' dir='ltr'>auro,</span> <span class='ocrx_word' id='word_1_299' title='bbox 971 2409 1087 2448; x_wconf 87' lang='lat' dir='ltr'>quam</span> <span class='ocrx_word' id='word_1_300' title='bbox 1111 2395 1148 2432; x_wconf 89' lang='lat' dir='ltr'>in</span> <span class='ocrx_word' id='word_1_301' title='bbox 1171 2396 1286 2447; x_wconf 79' lang='lat' dir='ltr'>palea.</span> <span class='ocrx_word' id='word_1_302' title='bbox 1332 2395 1528 2433; x_wconf 87' lang='lat' dir='ltr'>Omnibus</span> <span class='ocrx_word' id='word_1_303' title='bbox 1549 2395 1654 2433; x_wconf 86' lang='lat' dir='ltr'>enim</span> <span class='ocrx_word' id='word_1_304' title='bbox 1676 2394 1821 2432; x_wconf 82' lang='lat' dir='ltr'>artibus</span> <span class='ocrx_word' id='word_1_305' title='bbox 1847 2392 1963 2431; x_wconf 88' lang='lat' dir='ltr'>volu-</span> 
     </span>
     <span class='ocr_line' id='line_1_34' title="bbox 564 2459 1958 2515; baseline -0.004 -14"><span class='ocrx_word' id='word_1_306' title='bbox 564 2477 651 2501; x_wconf 81' lang='lat' dir='ltr'>mus</span> <span class='ocrx_word' id='word_1_307' title='bbox 671 2463 894 2501; x_wconf 85' lang='lat' dir='ltr'>attributam</span> <span class='ocrx_word' id='word_1_308' title='bbox 915 2461 984 2500; x_wconf 76' lang='lat' dir='ltr'>effe</span> <span class='ocrx_word' id='word_1_309' title='bbox 1014 2475 1112 2505; x_wconf 75' lang='lat' dir='ltr'>eam,</span> <span class='ocrx_word' id='word_1_310' title='bbox 1145 2475 1228 2513; x_wconf 69' lang='lat' dir='ltr'>quac</span> <span class='ocrx_word' id='word_1_311' title='bbox 1249 2461 1471 2499; x_wconf 78' lang='lat' dir='ltr'>communis</span> <span class='ocrx_word' id='word_1_312' title='bbox 1492 2461 1704 2515; x_wconf 68' lang='lat' dir='ltr'>appellatur</span> <span class='ocrx_word' id='word_1_313' title='bbox 1735 2459 1958 2513; x_wconf 80' lang='lat' dir='ltr'>prudentia;</span> 
     </span>
     <span class='ocr_line' id='line_1_35' title="bbox 564 2524 1962 2581; baseline -0.003 -16"><span class='ocrx_word' id='word_1_314' title='bbox 564 2542 681 2581; x_wconf 82' lang='lat' dir='ltr'>quam</span> <span class='ocrx_word' id='word_1_315' title='bbox 702 2541 850 2572; x_wconf 70' lang='lat' dir='ltr'>omneS,</span> <span class='ocrx_word' id='word_1_316' title='bbox 883 2528 951 2580; x_wconf 87' lang='lat' dir='ltr'>qui</span> <span class='ocrx_word' id='word_1_317' title='bbox 982 2527 1122 2579; x_wconf 85' lang='lat' dir='ltr'>cuique</span> <span class='ocrx_word' id='word_1_318' title='bbox 1143 2526 1304 2564; x_wconf 74' lang='lat' dir='ltr'>artificio</span> <span class='ocrx_word' id='word_1_319' title='bbox 1326 2526 1501 2578; x_wconf 67' lang='lat' dir='ltr'>pnrsunt,</span> <span class='ocrx_word' id='word_1_320' title='bbox 1532 2527 1671 2566; x_wconf 81' lang='lat' dir='ltr'>debent</span> <span class='ocrx_word' id='word_1_321' title='bbox 1692 2524 1843 2565; x_wconf 78' lang='lat' dir='ltr'>habere.</span> <span class='ocrx_word' id='word_1_322' title='bbox 1906 2524 1962 2562; x_wconf 80' lang='lat' dir='ltr'>lta</span> 
     </span>
     <span class='ocr_line' id='line_1_36' title="bbox 565 2593 1428 2647; baseline 0.001 -15"><span class='ocrx_word' id='word_1_323' title='bbox 565 2609 612 2633; x_wconf 85' lang='lat' dir='ltr'>nc</span> <span class='ocrx_word' id='word_1_324' title='bbox 631 2593 705 2634; x_wconf 87' lang='lat' dir='ltr'>hoc</span> <span class='ocrx_word' id='word_1_325' title='bbox 727 2595 842 2634; x_wconf 87' lang='lat' dir='ltr'>modo</span> <span class='ocrx_word' id='word_1_326' title='bbox 864 2595 963 2647; x_wconf 83' lang='lat' dir='ltr'>paria</span> <span class='ocrx_word' id='word_1_327' title='bbox 982 2594 1139 2647; x_wconf 85' lang='lat' dir='ltr'>quidem</span> <span class='ocrx_word' id='word_1_328' title='bbox 1161 2603 1313 2647; x_wconf 73' lang='lat' dir='ltr'>peccata</span> <span class='ocrx_word' id='word_1_329' title='bbox 1330 2593 1428 2633; x_wconf 84' lang='lat' dir='ltr'>sunt.</span> 
     </span>
    </p>
   </div>
  </div>
 </body>
</html>
