2330 2983
648 223 921 262 LIBER
978 225 1394 263 TERTIUS.
1640 240 1716 280 303

330 320 487 372 quidem
519 319 587 357 soli
603 337 614 363 ς
647 319 721 364 sed,
758 321 796 358 id
817 321 920 372 quod
939 321 1115 359 admirari
1136 323 1228 374 saepe
1249 323 1360 367 soleo,
1388 322 1596 374 majoribus
1617 336 1717 375 quo-

330 398 405 436 que
425 385 557 422 nostris
578 383 652 422 hoc
673 385 724 422 ita
743 385 866 422 visum
886 386 1061 437 intelligo
1082 387 1214 424 multis
1231 387 1364 426 seculis
1393 397 1478 426 ante
1504 389 1695 426 Socratem
1703 405 1716 433 ς

330 463 352 486 a
371 463 448 501 quo
478 448 560 487 haec
580 449 720 492 omnis,
754 463 838 500 quae
867 449 919 485 est
948 450 994 486 de
1024 450 1100 487 vita
1125 460 1161 487 et
1185 452 1230 487 de
1256 453 1442 495 moribus,
1478 451 1719 505 philosophia

332 514 512 552 manavit.
554 514 781 551 AumTOR.
805 514 987 564 Qonam
1006 513 1159 551 tandem
1180 515 1297 552 modo
1317 516 1329 551 ?
1371 516 1584 555 MARCUS.
1617 518 1721 568 Qia

330 591 473 616 nomen
505 577 653 615 insaniae
684 577 868 629 fignificat
897 578 1036 616 mentis
1072 580 1357 631 aegrotationem
1384 590 1421 617 et
1452 581 1647 626 morbum,
1681 581 1720 618 id

330 643 396 687 est,
426 641 681 687 insanitatem,
713 652 751 680 et
781 643 1047 695 aegritudinem
1075 644 1209 689 animi,
1240 658 1357 696 quam
1391 645 1627 697 appellarunt
1656 646 1720 682 in-

331 708 485 746 saniam.
533 709 680 746 Omnes
701 717 829 746 autern
849 709 1148 761 perturbationes
1170 711 1288 748 animi
1319 711 1473 748 morbos
1499 708 1722 762 philosophi

331 773 523 826 appellant
538 791 550 817 3
582 782 812 825 negantque,
845 774 1005 811 stultum
1030 787 1268 826 quemquam
1302 775 1361 813 his
1391 776 1536 813 morbis
1565 788 1719 813 vacare:

333 839 401 891 qui
421 847 549 876 autem
583 838 622 875 in
653 839 791 875 morbo
811 838 909 882 sunt,
942 838 1018 876 sani
1039 852 1115 876 non
1136 840 1221 877 sunt
1233 857 1246 885 ς
1281 849 1318 878 et
1341 840 1519 878 omnium
1539 840 1721 892 infipien—

334 905 433 941 tium
452 903 571 941 animi
592 903 631 940 in
652 903 788 941 morbo
818 903 905 940 sunt
919 922 931 948 ;
963 917 1096 941 omnes
1126 904 1342 956 infipientes
1376 905 1495 957 igitur
1513 904 1720 943 insaniunt.

333 970 541 1007 Sanitatem
560 968 665 1005 enim
683 969 902 1006 animorum
921 969 1082 1020 pofitam
1098 970 1137 1006 in
1154 970 1428 1021 tranquillitate
1444 970 1608 1022 quadam
1625 983 1721 1008 con-

334 1034 541 1085 stantiaque
560 1032 760 1070 censebant
777 1047 786 1070 t
811 1031 870 1070 his
891 1033 1001 1071 rebus
1021 1043 1192 1072 mentem
1212 1047 1384 1079 vacuam,
1407 1035 1644 1087 appellarunt
1662 1034 1722 1072 in-

319 1099 477 1152 stmiam,
513 1106 709 1150 propterea
740 1098 844 1149 quod
874 1099 914 1135 in
944 1098 1165 1150 perturbato
1198 1099 1342 1144 animo,
1372 1099 1467 1136 ficut
1489 1099 1530 1136 in
1550 1111 1720 1150 corpore,

333 1164 466 1202 sanitas
485 1162 556 1201 effe
575 1175 652 1200 non
672 1161 797 1214 poffit.

387 1230 438 1268 V.
470 1230 556 1268 Nec
576 1229 704 1267 minus
731 1228 828 1266 illud
855 1238 978 1273 acute,
1014 1228 1119 1280 quod
1145 1229 1265 1267 animi
1294 1229 1548 1273 affeffionem,
1572 1229 1722 1266 lumine

336 1295 474 1333 mentis
491 1302 697 1337 carentem,
715 1294 1010 1331 nominaverunt
1024 1294 1227 1339 amentiam,
1245 1294 1482 1346 eandemque
1501 1294 1721 1332 dementiam.

338 1362 398 1399 Ex
419 1373 497 1412 quo
531 1359 827 1410 intelligendum
857 1359 922 1403 est,
952 1372 1029 1403 eos,
1060 1360 1128 1410 qui
1158 1358 1238 1397 haec
1269 1359 1380 1397 rebus
1411 1360 1569 1397 nomina
1587 1358 1724 1411 posue-

337 1434 439 1469 runt,
458 1423 597 1462 sensisse
617 1423 692 1460 hoc
712 1424 829 1468 idem,
851 1424 954 1475 quod
974 1436 994 1460 a
1009 1424 1159 1461 Socrate
1177 1433 1378 1477 acceptum
1391 1424 1593 1477 diligenter
1605 1423 1725 1462 Stoici

338 1489 588 1532 retinuerunt,
621 1488 770 1525 Omnes
800 1488 994 1539 instpientes
1012 1487 1082 1525 effe
1101 1502 1168 1525 non
1173 1489 1296 1539 stznos.
1348 1489 1429 1540 Qi
1448 1489 1553 1526 enim
1572 1488 1723 1525 animus

337 1555 447 1593 estin
467 1554 597 1604 aliquo
626 1552 775 1596 morbo,
810 1553 982 1602 (morbos
1009 1561 1137 1590 autem
1156 1550 1227 1591 hos
1250 1553 1486 1605 perturbatos
1506 1561 1649 1597 motus,
1681 1560 1725 1589 ut

339 1619 455 1658 modo
473 1618 567 1661 dixi,
596 1615 814 1670 philosophi
833 1617 1048 1670 appellant)
1080 1631 1156 1655 non
1176 1618 1296 1670 magis
1324 1617 1377 1655 est
1395 1617 1517 1662 sanus,
1539 1630 1656 1669 quam
1684 1616 1725 1654 id

339 1698 491 1737 corpus,
513 1682 616 1736 quod
636 1683 675 1720 in
696 1682 832 1720 morbo
848 1682 912 1720 est.
946 1683 1002 1720 Ita
1021 1682 1078 1727 fit,
1101 1692 1143 1721 ut
1163 1682 1340 1735 sapientia
1365 1683 1498 1721 sanitas
1519 1683 1562 1720 fit
1581 1682 1700 1719 animi
1707 1700 1721 1726 ς

340 1749 550 1802 insipientia
570 1757 698 1786 autem
718 1748 819 1800 quafi
839 1747 1015 1786 insanitas
1029 1748 1215 1799 quaedam,
1229 1762 1313 1800 quae
1332 1748 1383 1785 est
1398 1748 1551 1792 insania,
1568 1748 1723 1785 eadem-

340 1827 414 1868 que
433 1813 638 1851 dementia.
675 1812 884 1863 Multoque
904 1813 1042 1850 melius
1061 1811 1142 1850 haec
1163 1821 1289 1850 notata
1308 1812 1394 1850 sunt
1414 1812 1536 1850 verbis
1558 1811 1722 1855 Latinis,

340 1893 456 1931 quam
477 1878 622 1916 Graecis
638 1895 650 1921 ;
682 1877 784 1928 quod
804 1878 886 1915 aliis
906 1891 1059 1929 quoque
1079 1878 1212 1915 multis
1232 1878 1326 1916 locis
1344 1878 1561 1930 reperietur.
1593 1877 1664 1914 Sed
1684 1876 1725 1914 id

342 1945 430 1983 alias
449 1959 457 1981 :
490 1956 607 1987 nunc,
629 1942 732 1995 quod
751 1942 876 1981 instat.

397 2011 547 2048 Totum
565 2009 684 2061 igitur
702 2008 755 2052 id,
785 2008 889 2060 quod
909 2008 1127 2060 quaerimus,
1164 2009 1258 2061 quid
1277 2019 1315 2047 et
1334 2009 1445 2062 quale
1464 2008 1521 2053 fit,
1543 2008 1648 2046 verbi
1668 2007 1723 2045 vis

343 2076 420 2130 ipsa
438 2075 613 2114 declarat.
655 2075 732 2113 Eos
753 2074 857 2112 enim
876 2074 980 2112 sanos
1000 2075 1163 2128 intelligi
1183 2075 1324 2114 neceffe
1342 2075 1408 2121 est,
1429 2088 1596 2127 quorum
1616 2085 1726 2112 mens

342 2151 467 2186 motu,
488 2141 589 2194 quasi
608 2139 759 2184 morbo,
781 2140 997 2192 perturbata
1015 2140 1123 2178 nullo
1142 2141 1199 2179 fit.
1231 2141 1312 2193 Qi
1332 2151 1463 2179 contra
1481 2139 1604 2178 affecti
1624 2139 1724 2184 sunt,

343 2206 413 2244 hos
433 2206 580 2244 insanos
600 2204 780 2258 appellari
800 2204 940 2242 necesse
959 2204 1024 2242 est.
1044 2206 1177 2258 Itaque
1197 2204 1294 2243 nihil
1316 2206 1469 2250 melius,
1490 2218 1606 2256 quam
1621 2203 1725 2256 quod

345 2271 397 2309 est
429 2272 470 2309 in
500 2269 771 2308 consuetudine
804 2269 982 2307 sermonis
1003 2270 1147 2315 Latini,
1177 2284 1268 2309 cum
1298 2270 1394 2324 exff’
1412 2286 1454 2309 ex
1475 2269 1644 2322 potestate
1663 2268 1724 2305 di-

345 2337 468 2374 cimus
499 2348 576 2379 eos,
617 2335 685 2387 qui
714 2333 883 2372 effrenati
902 2333 1078 2373 feruntur
1110 2345 1175 2374 aut
1202 2336 1374 2380 libidine,
1406 2344 1470 2373 aut
1503 2333 1723 2372 iracundia:

346 2466 551 2510 iracundia,
583 2465 774 2518 Ulcfiendi
788 2465 902 2505 libido.
948 2466 1030 2517 Qi
1058 2467 1174 2518 igitur
1193 2466 1304 2505 exiffe
1324 2479 1370 2503 ex
1391 2464 1567 2517 potestate
1586 2463 1725 2501 dicun-

348 2541 422 2577 tur,
453 2530 596 2570 idcirco
631 2530 824 2577 dicuntur,
854 2530 945 2583 quia
972 2543 1050 2569 non
1080 2530 1166 2570 sunt
1196 2531 1236 2569 in
1265 2529 1445 2583 potestate
1477 2527 1632 2571 mentis,
1662 2526 1726 2564 cui
