2330 2983
633 275 907 315 LIBER
963 276 1394 329 QUARTUS.
1632 292 1707 332 345

323 374 559 413 veniendum
583 375 861 426 judicaverunt.
908 377 1019 416 Num
1039 385 1218 430 putamus
1238 376 1320 416 haec
1339 377 1421 416 fieri
1452 377 1528 416 fine
1557 377 1711 417 summo

326 439 546 492 cupiditat1s
567 439 695 477 ardore
712 439 898 491 potuiffe?

381 504 472 542 XX.
504 503 630 555 Ipsam
649 503 929 555 aegritudinem,
961 516 1078 555 quam
1110 517 1178 543 nos
1201 513 1242 542 ut
1268 513 1404 542 tetram
1433 514 1472 543 et
1497 506 1708 544 immanem

324 567 496 606 belluam
513 566 738 620 fugiendam
768 567 838 606 effe
857 568 1041 614 diximus,
1072 582 1151 607 non
1169 569 1245 607 fine
1264 582 1401 621 magna
1421 569 1621 607 utilitate-a
1641 585 1707 608 na-

325 639 410 670 tura
428 632 563 670 dicunt
587 633 847 678 constitutam,
878 642 921 671 ut
945 632 1122 689 homines
1149 633 1472 686 castigationibus,
1502 634 1707 686 reprehen-

323 696 506 742 fionibus,
526 697 751 750 ignominiis
770 698 870 736 affici
889 698 925 736 se
943 699 985 737 in
999 699 1137 737 delicto
1155 698 1337 738 dolerent.
1369 699 1584 751 Impunitas
1603 700 1709 737 enim

324 771 570 814 peccatorum
589 763 675 802 data
693 763 842 801 videtur
860 764 928 809 eis,
949 764 1017 816 qui
1035 773 1074 802 et
1091 764 1347 817 ignominiam
1371 773 1409 802 et
1428 763 1630 802 infamiam
1647 763 1707 802 fe·

323 835 415 864 runt
433 827 510 865 fine
534 827 676 866 dolore.
707 828 880 866 Morderi
899 829 952 867 est
970 829 1108 867 melius
1127 829 1371 867 conscientia.
1407 829 1469 868 Ex
1488 842 1567 880 quo
1585 828 1638 867 est
1656 829 1706 867 il·-

324 890 393 929 lud
412 905 432 929 e
450 892 527 930 vita
545 892 705 930 ductum
725 892 771 930 ab
786 892 961 932 Afranio.
992 894 1098 933 Nam
1116 907 1208 932 cum
1222 893 1420 932 dissolutus
1441 893 1557 938 filius,

460 957 546 994 Heu
564 969 616 994 me
632 956 792 1008 miserum
804 959 822 995 Ι

326 1026 412 1057 tum
430 1019 575 1057 severus
594 1028 713 1072 pater,

461 1084 659 1123 Dummodo
677 1084 789 1123 doleat
806 1084 952 1138 aliquid,
981 1084 1094 1123 doleat
1112 1085 1205 1137 quod
1216 1085 1326 1124 lubet.

377 1147 561 1200 Reliquas
581 1162 735 1201 quoque
751 1158 873 1202 partes
893 1148 1127 1201 aegritudinis
1148 1149 1258 1188 utiles
1276 1149 1348 1187 esse
1365 1149 1500 1187 dicunt
1515 1167 1527 1194 ;
1559 1149 1707 1187 miseri-

323 1212 494 1252 cordiam
513 1214 558 1252 ad
576 1228 691 1267 opem
710 1213 919 1260 ferendam,
935 1224 975 1253 et
989 1214 1220 1253 calamitates
1235 1213 1444 1253 hominum
1459 1214 1709 1266 indignorum

325 1277 596 1318 sublevandas:
627 1280 754 1332 ipsum
783 1280 882 1318 illud
902 1280 1086 1324 aemulari,
1115 1281 1337 1325 obtrectare,
1368 1294 1445 1318 non
1466 1279 1536 1317 effe
1555 1280 1706 1325 inutile,

323 1355 417 1381 cum
436 1351 501 1381 aut
519 1343 554 1381 se
572 1357 649 1382 non
668 1344 772 1382 idem
792 1344 916 1382 videat
929 1343 1192 1389 consecutum,
1218 1344 1324 1396 quod
1343 1344 1477 1388 alium,
1509 1353 1573 1381 aut
1587 1343 1708 1382 alium

321 1406 442 1451 idem,
462 1407 566 1459 quod
585 1407 644 1445 se:
676 1417 826 1445 metum
843 1421 932 1446 vero
950 1408 976 1445 si
996 1408 1083 1459 quis
1103 1407 1315 1452 sustulisset,
1337 1421 1496 1446 omnem
1511 1409 1596 1446 vitae
1615 1408 1708 1446 dili·

324 1471 495 1524 gentiam
514 1471 700 1510 sublatam
719 1471 813 1517 fore,
845 1486 930 1524 quae
949 1471 1099 1510 summa
1117 1472 1204 1510 esset
1234 1474 1275 1510 in
1299 1473 1366 1517 eis,
1396 1473 1465 1524 qui
1494 1472 1609 1524 leges,
1640 1472 1710 1524 qui

322 1536 575 1588 magistratus,
592 1537 659 1588 qui
678 1545 951 1588 paupertatem,
968 1537 1038 1588 qui
1056 1537 1327 1588 ignominiam,
1351 1537 1418 1588 qui
1438 1545 1617 1580 mortem,
1638 1537 1708 1588 qui

321 1601 496 1639 dolorem
517 1601 707 1639 timerent.
752 1602 850 1639 Haec
870 1610 998 1639 tamen
1017 1601 1070 1638 ita
1099 1601 1306 1653 disputant,
1341 1610 1385 1638 ut
1414 1601 1610 1639 resecanda
1636 1602 1708 1639 esse

320 1664 510 1703 fateantur
524 1684 536 1710 ς
567 1665 678 1703 evelli
695 1666 847 1718 penitus
867 1666 996 1703 dicant
1025 1678 1096 1703 nec
1120 1665 1234 1717 poffe,
1264 1679 1334 1703 nec
1352 1679 1448 1717 opus
1469 1665 1566 1710 effe,
1598 1675 1641 1704 ut
1666 1667 1707 1704 in

316 1729 504 1768 omnibus
524 1728 600 1767 fere
619 1730 730 1768 rebus
749 1730 1054 1768 mediocritatem
1069 1730 1141 1767 effe
1153 1730 1343 1781 optimam
1360 1729 1590 1766 existiment.
1609 1730 1708 1780 Qae

320 1807 416 1833 cum
435 1803 647 1847 exponunt,
668 1794 817 1833 nihilne
836 1795 907 1832 tibi
926 1794 1115 1838 videntur,
1137 1807 1184 1832 an
1203 1794 1360 1845 aliquid,
1382 1794 1533 1831 dicere?
1562 1795 1705 1832 Aum—

327 1871 431 1897 Ton.
454 1859 561 1897 Mihi
580 1862 668 1897 vero
688 1859 811 1897 dicere
830 1859 975 1910 aliquid
986 1877 998 1903 ;
1030 1859 1157 1910 itaque
1176 1860 1347 1910 expecto,
1362 1858 1459 1910 quid
1477 1858 1524 1895 ad
1543 1858 1622 1897 ista.

377 1923 489 1961 XXI.
522 1924 734 1961 MARcus.
755 1923 960 1975 Reperiam
981 1921 1150 1960 fortaffe:
1183 1923 1244 1960 sed
1264 1922 1361 1960 illud
1386 1930 1484 1960 ante.
1527 1922 1704 1967 Videsne,

324 1997 466 2040 quanta
485 1987 600 2026 fuerit
630 1989 729 2039 apud
750 1988 1000 2025 Academicos
1021 1987 1245 2025 verecundia
1262 1987 1275 2024 ?
1306 1987 1422 2025 Plane
1447 1987 1550 2024 enim
1571 1987 1707 2025 dicunt

324 2052 429 2104 quod
445 2052 491 2089 ad
511 2065 590 2089 rem
611 2052 806 2104 pertineat.
840 2051 1098 2104 Peripateticis
1129 2051 1372 2104 respondetur
1401 2064 1420 2088 a
1440 2050 1590 2089 Stoicis.
1630 2052 1707 2089 Di-

323 2116 538 2168 gladientur
556 2116 629 2160 illi,
661 2130 726 2168 per
746 2130 808 2154 me
834 2116 922 2154 licet
937 2133 949 2160 ;
981 2116 1044 2153 cui
1075 2115 1173 2154 nihil
1207 2115 1259 2154 est
1286 2115 1440 2159 necesse,
1471 2115 1540 2152 nisi
1567 2115 1634 2153 ubi
1663 2115 1709 2154 fit

326 2180 437 2225 illud,
467 2181 572 2232 quod
592 2181 914 2218 verisimillimum
935 2181 1117 2225 videatur,
1138 2180 1346 2232 anquirere.
1379 2179 1486 2231 Qid
1503 2179 1556 2217 est
1574 2180 1704 2232 igitur,

326 2245 430 2296 quod
449 2254 622 2283 occurrat
641 2246 680 2283 in
700 2244 771 2283 hac
794 2246 1011 2297 quaestione,
1041 2258 1061 2282 e
1081 2259 1158 2297 quo
1178 2245 1288 2298 poffit
1315 2245 1451 2297 attingi
1471 2244 1616 2296 aliquid
1638 2258 1706 2282 ve-

329 2310 496 2354 rifirnile,
527 2323 604 2362 quo
633 2310 783 2363 longius
818 2324 925 2349 mens
951 2310 1119 2349 humana
1148 2311 1323 2364 progredi
1352 2324 1430 2348 non
1458 2308 1577 2362 potest
1595 2309 1608 2345 ?
1638 2309 1706 2347 de-

328 2373 454 2412 finitio
473 2374 764 2426 perturbationis
781 2394 792 2420 5
824 2388 899 2428 qua
918 2376 1015 2413 recte
1037 2376 1234 2415 Zenonem
1254 2375 1363 2414 usum
1385 2383 1493 2426 puto.
1526 2373 1582 2410 Ita
1601 2373 1707 2411 enim

328 2437 479 2482 definit,
510 2447 552 2476 ut
570 2439 807 2479 Perturbatio
817 2441 874 2491 stt
898 2441 1027 2493 avetjsiz
1045 2455 1068 2478 a
1086 2441 1236 2485 ratione,
1266 2448 1392 2479 contra
1410 2446 1593 2481 naturam,
1623 2436 1706 2475 ani-

319 2504 378 2542 mi
392 2503 588 2548 commotio5
620 2504 678 2542 vel
699 2505 862 2551 brevius,
884 2513 927 2544 ut
942 2505 1237 2557 Perturbatiosit
1255 2503 1433 2558 appetitus
1452 2502 1706 2541 vehementior:

427 2569 570 2607 Tem.
602 2569 655 2608 11.
1326 2570 1410 2610 Xx
