2330 2983
518 248 591 287 142
938 233 1042 272 DE
1099 232 1484 272 FINIBUS

506 335 654 389 aliquid
672 334 718 372 de
738 332 862 372 nostra
876 331 1100 386 diffenfione
1109 332 1296 384 judicare.
1320 334 1465 378 Immo,
1483 332 1613 385 inquit
1631 331 1814 378 arridens,
1830 332 1911 371 ini-

507 415 648 455 quum,
679 399 751 438 hac
771 398 930 451 quidem
950 399 997 435 de
1017 411 1069 437 re.
1114 399 1182 436 Tu
1201 399 1308 438 enim
1328 399 1395 437 ista
1414 399 1538 438 lenius
1555 417 1568 444 3
1603 397 1670 437 hic
1691 399 1908 437 Stoicorum

507 479 615 505 more
635 478 703 503 nos
723 473 847 503 vexat.
880 465 991 502 Tum
1017 463 1205 509 Triarius,
1228 462 1388 502 Posthac
1414 465 1588 516 quidem,
1616 464 1762 516 inquit,
1790 463 1907 502 auda-

506 533 604 571 cius.
636 531 744 570 Nam
763 529 845 568 haec
865 529 942 582 ipsa
968 527 1068 567 mihi
1087 539 1199 567 erunt
1218 530 1258 568 in
1278 540 1478 583 promptu,
1501 544 1584 582 quae
1604 529 1721 568 modo
1750 529 1878 567 audivi
1893 547 1906 573 5

505 612 577 636 nec
597 606 684 635 ante
703 595 912 649 aggrediar,
933 609 1052 648 quam
1074 604 1111 632 te
1144 596 1191 634 ab
1213 595 1304 641 istis,
1337 609 1433 648 quos
1454 596 1564 641 dicis,
1600 596 1828 634 instructum
1846 595 1906 632 vi-

506 664 610 701 dero.
642 663 742 714 Qae
761 674 854 701 cum
870 660 986 699 effent
1006 660 1118 706 dieta,
1136 660 1256 700 finem
1274 660 1438 700 fecimus
1459 670 1498 699 et
1518 661 1756 706 ambulandi,
1773 669 1811 698 et
1829 659 1906 698 dis-

506 728 681 782 putandi.

873 1066 992 1104 DE
1079 1065 1541 1104 FINIBUS

519 1240 1072 1303 BONORUM
1140 1257 1241 1296 ET
1307 1240 1890 1313 MALORUM,

753 1468 1076 1510 LIBER
1151 1470 1638 1510 TERTIUS.

499 1730 531 1768 1·
696 1716 1087 1756 OLUPTATEM
1107 1715 1303 1768 equidem,
1323 1716 1454 1761 Brute,
1473 1715 1499 1754 fi
1520 1715 1598 1769 ipsa
1617 1730 1688 1769 pro
1708 1715 1743 1754 se
1764 1717 1901 1770 loqua-

555 1721 688 1854 V
722 1793 798 1827 tur,
821 1794 890 1819 nec
910 1792 989 1820 tam
1010 1782 1218 1834 pertinaces
1248 1781 1386 1820 habeat
1419 1791 1611 1834 patronos,
1643 1783 1902 1822 conceffuram

718 1850 892 1894 arbitror,
913 1849 1128 1888 conviftam
1150 1848 1338 1902 superiore
1358 1848 1472 1893 libro,
1505 1849 1699 1901 dignitati.
1743 1850 1904 1888 Etenim

499 1919 544 1956 sit
564 1917 784 1971 impudens,
816 1915 842 1954 si
863 1916 996 1954 virtuti
1018 1916 1162 1954 diutius
1183 1925 1384 1968 repugnet,
1417 1924 1482 1953 aut
1502 1915 1527 1954 si
1547 1914 1715 1954 honestis
1729 1916 1903 1968 jucunda

497 1993 717 2037 anteponat,
739 1992 803 2020 aut
824 1982 943 2034 pluris
964 1981 1035 2019 effe
1055 1982 1262 2020 contendat
1281 1982 1526 2020 dulcedinem
1547 1983 1716 2035 corporis
1738 1982 1901 2020 titillan-

499 2060 593 2095 tem,
615 2063 661 2088 ex
682 2062 769 2087 eave
791 2058 917 2087 natam
937 2048 1125 2093 laetitiam,
1143 2061 1261 2101 quarn
1277 2048 1502 2100 gravitatem
1524 2048 1658 2091 animi,
1677 2057 1790 2100 atque
1804 2062 1900 2086 con-

499 2116 689 2154 stantiam.
737 2115 865 2166 Qare
898 2114 1005 2152 illam
1032 2115 1193 2167 quidem
1226 2114 1486 2159 dimittamus,
1516 2123 1554 2151 et
1586 2114 1659 2152 suis
1692 2113 1727 2151 se
1757 2113 1900 2153 finibus

498 2192 626 2220 tenere
641 2182 862 2235 jubeamus,
898 2194 945 2219 ne
967 2181 1162 2219 blanditiis
1182 2181 1262 2233 ejus
1283 2179 1547 2233 illecebrisque
1570 2180 1802 2233 impediatur
1821 2180 1900 2219 dis-

497 2249 656 2302 putandi
681 2248 866 2286 severitas.
1800 2242 1804 2246 ⁴

552 2315 815 2368 Qaerendum
847 2314 899 2353 est
920 2315 1039 2359 enini,
1076 2315 1142 2353 ubi
1175 2314 1217 2353 sit
1252 2314 1348 2353 illud
1370 2314 1567 2353 summum
1601 2314 1765 2359 bonum,
1794 2315 1899 2367 quod

498 2383 659 2434 reperire
679 2382 873 2426 volumus,
908 2381 1094 2434 quoniam
1115 2391 1152 2419 et
1172 2381 1347 2434 voluptas
1370 2381 1417 2418 ab
1436 2394 1482 2419 eo
1503 2390 1648 2418 remota
1673 2381 1741 2424 est,
1770 2390 1808 2418 et
1834 2394 1897 2419 ea-

497 2447 586 2485 dem
610 2447 684 2485 fere
715 2456 848 2486 contra
875 2460 937 2485 eos
959 2447 1035 2485 dici
1065 2446 1229 2500 possunt,
1265 2446 1332 2499 qui
1354 2447 1583 2485 vacuitatem
1611 2446 1753 2485 doloris
1781 2445 1898 2485 finem

500 2513 691 2552 bonorum
712 2514 781 2553 effe
802 2514 1018 2553 voluerunt.
1063 2514 1147 2553 Nec
1168 2528 1257 2552 vero
1277 2514 1328 2551 ita
1351 2514 1475 2551 ullum
1498 2514 1678 2567 probetur
1700 2513 1897 2553 summum

498 2580 660 2626 bonum,
684 2590 725 2620 ut
743 2581 881 2621 virtute
902 2590 1046 2627 careat;
1078 2594 1153 2634 qua
1170 2580 1267 2620 nihil
1290 2579 1409 2633 potest
1428 2580 1497 2619 else
1519 2579 1766 2634 praestantiuS.
