<?xml version="1.0" encoding="UTF-8"?>
<!DOCTYPE html PUBLIC "-//W3C//DTD XHTML 1.0 Transitional//EN"
    "http://www.w3.org/TR/xhtml1/DTD/xhtml1-transitional.dtd">
<html xmlns="http://www.w3.org/1999/xhtml" xml:lang="en" lang="en">
 <head>
  <title>
</title>
<meta http-equiv="Content-Type" content="text/html;charset=utf-8" />
  <meta name='ocr-system' content='tesseract 3.04.00' />
  <meta name='ocr-capabilities' content='ocr_page ocr_carea ocr_par ocr_line ocrx_word'/>
</head>
<body>
  <div class='ocr_page' id='page_1' title='image "./operacumindicibu02ciceuoft_0092.png"; bbox 0 0 2330 2983; ppageno 0'>
   <div class='ocr_carea' id='block_1_1' title="bbox 577 217 1561 273">
    <p class='ocr_par' dir='ltr' id='par_1_1' title="bbox 577 217 1561 273">
     <span class='ocr_line' id='line_1_1' title="bbox 577 217 1561 273; baseline -0.007 -11"><span class='ocrx_word' id='word_1_1' title='bbox 577 223 630 273; x_wconf 63' lang='lat' dir='ltr'><em>Q</em></span> <span class='ocrx_word' id='word_1_2' title='bbox 985 219 1090 259; x_wconf 89' lang='lat' dir='ltr'><strong>DE</strong></span> <span class='ocrx_word' id='word_1_3' title='bbox 1179 217 1561 258; x_wconf 76' lang='lat' dir='ltr'><strong>FiNrssus</strong></span> 
     </span>
    </p>
   </div>
   <div class='ocr_carea' id='block_1_2' title="bbox 560 312 1977 2597">
    <p class='ocr_par' dir='ltr' id='par_1_2' title="bbox 560 312 1977 2597">
     <span class='ocr_line' id='line_1_2' title="bbox 576 312 1973 368; baseline -0.001 -12"><span class='ocrx_word' id='word_1_4' title='bbox 576 317 790 361; x_wconf 81' lang='lat' dir='ltr'><strong>differendi,</strong></span> <span class='ocrx_word' id='word_1_5' title='bbox 825 329 911 368; x_wconf 86' lang='lat' dir='ltr'><strong>quae</strong></span> <span class='ocrx_word' id='word_1_6' title='bbox 927 313 1047 362; x_wconf 70' lang='grc' dir='ltr'><strong>λογικῖι</strong></span> <span class='ocrx_word' id='word_1_7' title='bbox 1064 315 1220 361; x_wconf 87' lang='lat' dir='ltr'><strong>dicitur,</strong></span> <span class='ocrx_word' id='word_1_8' title='bbox 1247 315 1314 354; x_wconf 89' lang='lat' dir='ltr'><strong>iste</strong></span> <span class='ocrx_word' id='word_1_9' title='bbox 1333 314 1451 354; x_wconf 87' lang='lat' dir='ltr'><strong>vester</strong></span> <span class='ocrx_word' id='word_1_10' title='bbox 1473 314 1599 367; x_wconf 86' lang='lat' dir='ltr'><strong>plane,</strong></span> <span class='ocrx_word' id='word_1_11' title='bbox 1632 322 1676 352; x_wconf 89' lang='lat' dir='ltr'><strong>ut</strong></span> <span class='ocrx_word' id='word_1_12' title='bbox 1693 312 1794 352; x_wconf 81' lang='lat' dir='ltr'><strong>mihi</strong></span> <span class='ocrx_word' id='word_1_13' title='bbox 1812 314 1973 367; x_wconf 81' lang='lat' dir='ltr'><strong>quidem</strong></span> 
     </span>
     <span class='ocr_line' id='line_1_3' title="bbox 576 379 1972 428; baseline -0.003 -6"><span class='ocrx_word' id='word_1_14' title='bbox 576 384 740 428; x_wconf 84' lang='lat' dir='ltr'><strong>videtur,</strong></span> <span class='ocrx_word' id='word_1_15' title='bbox 762 382 920 421; x_wconf 89' lang='lat' dir='ltr'><strong>inermis</strong></span> <span class='ocrx_word' id='word_1_16' title='bbox 939 393 982 418; x_wconf 92' lang='lat' dir='ltr'><strong>ac</strong></span> <span class='ocrx_word' id='word_1_17' title='bbox 1004 381 1129 419; x_wconf 87' lang='lat' dir='ltr'><strong>nudus</strong></span> <span class='ocrx_word' id='word_1_18' title='bbox 1149 381 1216 420; x_wconf 83' lang='lat' dir='ltr'><strong>est.</strong></span> <span class='ocrx_word' id='word_1_19' title='bbox 1247 381 1375 421; x_wconf 78' lang='lat' dir='ltr'><strong>Tollit</strong></span> <span class='ocrx_word' id='word_1_20' title='bbox 1395 379 1635 419; x_wconf 79' lang='lat' dir='ltr'><strong>definitiones</strong></span> <span class='ocrx_word' id='word_1_21' title='bbox 1653 395 1662 418; x_wconf 75' lang='grc' dir='ltr'>ε</span> <span class='ocrx_word' id='word_1_22' title='bbox 1684 379 1787 418; x_wconf 87' lang='lat' dir='ltr'><strong>nihil</strong></span> <span class='ocrx_word' id='word_1_23' title='bbox 1805 379 1852 418; x_wconf 91' lang='lat' dir='ltr'><strong>de</strong></span> <span class='ocrx_word' id='word_1_24' title='bbox 1870 380 1972 419; x_wconf 85' lang='lat' dir='ltr'><strong>divi-</strong></span> 
     </span>
     <span class='ocr_line' id='line_1_4' title="bbox 576 445 1972 500; baseline -0.001 -14"><span class='ocrx_word' id='word_1_25' title='bbox 576 448 702 486; x_wconf 90' lang='lat' dir='ltr'><strong>dendo</strong></span> <span class='ocrx_word' id='word_1_26' title='bbox 721 461 763 486; x_wconf 88' lang='lat' dir='ltr'><strong>ac</strong></span> <span class='ocrx_word' id='word_1_27' title='bbox 783 445 980 500; x_wconf 80' lang='lat' dir='ltr'><strong>partiendo</strong></span> <span class='ocrx_word' id='word_1_28' title='bbox 1000 446 1112 484; x_wconf 89' lang='lat' dir='ltr'><strong>docet</strong></span> <span class='ocrx_word' id='word_1_29' title='bbox 1129 461 1138 484; x_wconf 77' lang='grc' dir='ltr'>ε</span> <span class='ocrx_word' id='word_1_30' title='bbox 1172 459 1264 491; x_wconf 89' lang='lat' dir='ltr'><strong>non,</strong></span> <span class='ocrx_word' id='word_1_31' title='bbox 1295 459 1375 499; x_wconf 92' lang='lat' dir='ltr'><strong>quo</strong></span> <span class='ocrx_word' id='word_1_32' title='bbox 1394 445 1512 484; x_wconf 90' lang='lat' dir='ltr'><strong>modo</strong></span> <span class='ocrx_word' id='word_1_33' title='bbox 1531 445 1732 489; x_wconf 77' lang='lat' dir='ltr'><strong>efficiatur,</strong></span> <span class='ocrx_word' id='word_1_34' title='bbox 1760 445 1972 484; x_wconf 86' lang='lat' dir='ltr'><strong>concluda-</strong></span> 
     </span>
     <span class='ocr_line' id='line_1_5' title="bbox 576 510 1973 565; baseline -0.002 -14"><span class='ocrx_word' id='word_1_35' title='bbox 576 522 715 565; x_wconf 89' lang='lat' dir='ltr'><strong>turque</strong></span> <span class='ocrx_word' id='word_1_36' title='bbox 735 513 844 557; x_wconf 86' lang='lat' dir='ltr'><strong>ratio,</strong></span> <span class='ocrx_word' id='word_1_37' title='bbox 879 512 1019 551; x_wconf 85' lang='lat' dir='ltr'>tradit:</span> <span class='ocrx_word' id='word_1_38' title='bbox 1052 524 1144 556; x_wconf 87' lang='lat' dir='ltr'><strong>non,</strong></span> <span class='ocrx_word' id='word_1_39' title='bbox 1171 511 1248 564; x_wconf 70' lang='lat' dir='ltr'><strong>qua</strong></span> <span class='ocrx_word' id='word_1_40' title='bbox 1280 511 1340 549; x_wconf 67' lang='lat' dir='ltr'><strong>via</strong></span> <span class='ocrx_word' id='word_1_41' title='bbox 1359 510 1524 564; x_wconf 86' lang='lat' dir='ltr'><strong>captiosa</strong></span> <span class='ocrx_word' id='word_1_42' title='bbox 1551 510 1758 556; x_wconf 86' lang='lat' dir='ltr'><strong>solvantur,</strong></span> <span class='ocrx_word' id='word_1_43' title='bbox 1791 511 1973 564; x_wconf 85' lang='lat' dir='ltr'><strong>ambigua</strong></span> 
     </span>
     <span class='ocr_line' id='line_1_6' title="bbox 575 576 1973 632; baseline -0.002 -15"><span class='ocrx_word' id='word_1_44' title='bbox 575 578 869 632; x_wconf 83' lang='lat' dir='ltr'><strong>distinguantur,</strong></span> <span class='ocrx_word' id='word_1_45' title='bbox 889 576 1066 616; x_wconf 83' lang='lat' dir='ltr'><strong>ostendit.</strong></span> <span class='ocrx_word' id='word_1_46' title='bbox 1097 576 1250 628; x_wconf 85' lang='lat' dir='ltr'><strong>Judicia</strong></span> <span class='ocrx_word' id='word_1_47' title='bbox 1269 590 1396 614; x_wconf 89' lang='lat' dir='ltr'><strong>rerum</strong></span> <span class='ocrx_word' id='word_1_48' title='bbox 1416 577 1456 614; x_wconf 89' lang='lat' dir='ltr'><strong>in</strong></span> <span class='ocrx_word' id='word_1_49' title='bbox 1477 576 1640 615; x_wconf 79' lang='lat' dir='ltr'><strong>sensibus</strong></span> <span class='ocrx_word' id='word_1_50' title='bbox 1660 576 1771 628; x_wconf 82' lang='lat' dir='ltr'><strong>ponit</strong></span> <span class='ocrx_word' id='word_1_51' title='bbox 1785 594 1798 621; x_wconf 84' lang='lat'>;</span> <span class='ocrx_word' id='word_1_52' title='bbox 1829 576 1973 629; x_wconf 90' lang='lat' dir='ltr'><strong>quibus</strong></span> 
     </span>
     <span class='ocr_line' id='line_1_7' title="bbox 577 641 1975 696; baseline -0.001 -14"><span class='ocrx_word' id='word_1_53' title='bbox 577 645 603 682; x_wconf 87' lang='lat' dir='ltr'>fi</span> <span class='ocrx_word' id='word_1_54' title='bbox 623 644 737 683; x_wconf 89' lang='lat' dir='ltr'><strong>semel</strong></span> <span class='ocrx_word' id='word_1_55' title='bbox 756 643 903 696; x_wconf 82' lang='lat' dir='ltr'><strong>aliquid</strong></span> <span class='ocrx_word' id='word_1_56' title='bbox 922 642 1004 682; x_wconf 74' lang='lat' dir='ltr'><strong>falfi</strong></span> <span class='ocrx_word' id='word_1_57' title='bbox 1022 657 1091 696; x_wconf 88' lang='lat' dir='ltr'><strong>pro</strong></span> <span class='ocrx_word' id='word_1_58' title='bbox 1117 656 1206 682; x_wconf 88' lang='lat' dir='ltr'><strong>vero</strong></span> <span class='ocrx_word' id='word_1_59' title='bbox 1224 643 1431 695; x_wconf 88' lang='lat' dir='ltr'><strong>probatum</strong></span> <span class='ocrx_word' id='word_1_60' title='bbox 1458 642 1523 687; x_wconf 77' lang='lat' dir='ltr'><strong>fit,</strong></span> <span class='ocrx_word' id='word_1_61' title='bbox 1543 641 1738 682; x_wconf 84' lang='lat' dir='ltr'><strong>sublatum</strong></span> <span class='ocrx_word' id='word_1_62' title='bbox 1767 641 1839 681; x_wconf 83' lang='lat' dir='ltr'><strong>effe</strong></span> <span class='ocrx_word' id='word_1_63' title='bbox 1857 654 1975 681; x_wconf 87' lang='lat' dir='ltr'><strong>omne</strong></span> 
     </span>
     <span class='ocr_line' id='line_1_8' title="bbox 571 709 1165 763; baseline -0.005 -13"><span class='ocrx_word' id='word_1_64' title='bbox 571 711 769 763; x_wconf 87' lang='lat' dir='ltr'><strong>judicium</strong></span> <span class='ocrx_word' id='word_1_65' title='bbox 788 710 866 749; x_wconf 87' lang='lat' dir='ltr'><strong>veri</strong></span> <span class='ocrx_word' id='word_1_66' title='bbox 886 718 923 748; x_wconf 90' lang='lat' dir='ltr'><strong>et</strong></span> <span class='ocrx_word' id='word_1_67' title='bbox 941 709 1022 748; x_wconf 73' lang='lat' dir='ltr'><strong>falfi</strong></span> <span class='ocrx_word' id='word_1_68' title='bbox 1041 719 1165 762; x_wconf 82' lang='lat' dir='ltr'><strong>putat.</strong></span> 
     </span>
     <span class='ocr_line' id='line_1_9' title="bbox 630 773 1976 829; baseline -0.003 -13"><span class='ocrx_word' id='word_1_69' title='bbox 630 779 677 816; x_wconf 87' lang='lat' dir='ltr'><strong>In</strong></span> <span class='ocrx_word' id='word_1_70' title='bbox 696 777 809 815; x_wconf 80' lang='lat' dir='ltr'><strong>tertia</strong></span> <span class='ocrx_word' id='word_1_71' title='bbox 827 791 913 815; x_wconf 79' lang='lat' dir='ltr'><strong>vcro</strong></span> <span class='ocrx_word' id='word_1_72' title='bbox 924 785 1050 828; x_wconf 84' lang='lat' dir='ltr'><strong>parte,</strong></span> <span class='ocrx_word' id='word_1_73' title='bbox 1080 787 1161 829; x_wconf 85' lang='lat' dir='ltr'><strong>quae</strong></span> <span class='ocrx_word' id='word_1_74' title='bbox 1187 774 1231 828; x_wconf 67' lang='lat' dir='ltr'><strong>ql}</strong></span> <span class='ocrx_word' id='word_1_75' title='bbox 1248 774 1290 812; x_wconf 88' lang='lat' dir='ltr'><strong>de</strong></span> <span class='ocrx_word' id='word_1_76' title='bbox 1307 775 1390 813; x_wconf 84' lang='lat' dir='ltr'><strong>vita</strong></span> <span class='ocrx_word' id='word_1_77' title='bbox 1408 783 1443 812; x_wconf 85' lang='lat' dir='ltr'><strong>et</strong></span> <span class='ocrx_word' id='word_1_78' title='bbox 1472 773 1640 818; x_wconf 81' lang='lat' dir='ltr'><strong>moribus,</strong></span> <span class='ocrx_word' id='word_1_79' title='bbox 1668 774 1707 812; x_wconf 84' lang='lat' dir='ltr'><strong>in</strong></span> <span class='ocrx_word' id='word_1_80' title='bbox 1733 773 1976 826; x_wconf 74' lang='lat' dir='ltr'><strong>corstitutione</strong></span> 
     </span>
     <span class='ocr_line' id='line_1_10' title="bbox 560 838 1972 895; baseline -0.004 -14"><span class='ocrx_word' id='word_1_81' title='bbox 560 843 667 895; x_wconf 79' lang='lat' dir='ltr'><strong>finis,</strong></span> <span class='ocrx_word' id='word_1_82' title='bbox 697 842 753 880; x_wconf 83' lang='lat' dir='ltr'><strong>nil</strong></span> <span class='ocrx_word' id='word_1_83' title='bbox 769 842 973 894; x_wconf 64' lang='lat' dir='ltr'><strong>generqfiatn</strong></span> <span class='ocrx_word' id='word_1_84' title='bbox 985 841 1091 894; x_wconf 78' lang='lat' dir='ltr'><strong>stzpit</strong></span> <span class='ocrx_word' id='word_1_85' title='bbox 1120 849 1228 894; x_wconf 85' lang='lat' dir='ltr'><strong>atque</strong></span> <span class='ocrx_word' id='word_1_86' title='bbox 1256 839 1492 892; x_wconf 71' lang='lat' dir='ltr'><strong>magnffi&#39;cum.</strong></span> <span class='ocrx_word' id='word_1_87' title='bbox 1535 838 1753 877; x_wconf 82' lang='lat' dir='ltr'><strong>Confirmat</strong></span> <span class='ocrx_word' id='word_1_88' title='bbox 1783 838 1883 877; x_wconf 77' lang='lat' dir='ltr'><strong>illud</strong></span> <span class='ocrx_word' id='word_1_89' title='bbox 1911 838 1972 877; x_wconf 88' lang='lat' dir='ltr'><strong>vel</strong></span> 
     </span>
     <span class='ocr_line' id='line_1_11' title="bbox 575 903 1972 959; baseline -0.004 -12"><span class='ocrx_word' id='word_1_90' title='bbox 575 908 761 952; x_wconf 82' lang='lat' dir='ltr'><strong>maxime,</strong></span> <span class='ocrx_word' id='word_1_91' title='bbox 783 906 888 959; x_wconf 73' lang='lat' dir='ltr'><strong>quod</strong></span> <span class='ocrx_word' id='word_1_92' title='bbox 908 905 986 959; x_wconf 90' lang='lat' dir='ltr'><strong>ipsa</strong></span> <span class='ocrx_word' id='word_1_93' title='bbox 1005 914 1154 952; x_wconf 72' lang='lat' dir='ltr'><strong>natura,</strong></span> <span class='ocrx_word' id='word_1_94' title='bbox 1172 914 1215 944; x_wconf 90' lang='lat' dir='ltr'><strong>ut</strong></span> <span class='ocrx_word' id='word_1_95' title='bbox 1234 905 1288 944; x_wconf 86' lang='lat' dir='ltr'><strong>ait</strong></span> <span class='ocrx_word' id='word_1_96' title='bbox 1306 905 1385 950; x_wconf 88' lang='lat' dir='ltr'><strong>ille,</strong></span> <span class='ocrx_word' id='word_1_97' title='bbox 1401 904 1552 943; x_wconf 87' lang='lat' dir='ltr'><strong>asciscat</strong></span> <span class='ocrx_word' id='word_1_98' title='bbox 1571 913 1611 943; x_wconf 75' lang='lat' dir='ltr'><strong>ets</strong></span> <span class='ocrx_word' id='word_1_99' title='bbox 1629 904 1823 957; x_wconf 84' lang='lat' dir='ltr'>reprobet,</span> <span class='ocrx_word' id='word_1_100' title='bbox 1846 903 1888 943; x_wconf 91' lang='lat' dir='ltr'><strong>id</strong></span> <span class='ocrx_word' id='word_1_101' title='bbox 1904 903 1972 949; x_wconf 90' lang='lat' dir='ltr'><strong>est,</strong></span> 
     </span>
     <span class='ocr_line' id='line_1_12' title="bbox 576 968 1975 1026; baseline -0.002 -15"><span class='ocrx_word' id='word_1_102' title='bbox 576 973 815 1026; x_wconf 90' lang='lat' dir='ltr'><strong>voluptatem</strong></span> <span class='ocrx_word' id='word_1_103' title='bbox 834 980 873 1010; x_wconf 90' lang='lat' dir='ltr'><strong>et</strong></span> <span class='ocrx_word' id='word_1_104' title='bbox 892 971 1079 1010; x_wconf 82' lang='lat' dir='ltr'><strong>dolorem.</strong></span> <span class='ocrx_word' id='word_1_105' title='bbox 1137 971 1202 1010; x_wconf 89' lang='lat' dir='ltr'><strong>Ad</strong></span> <span class='ocrx_word' id='word_1_106' title='bbox 1222 969 1318 1015; x_wconf 84' lang='lat' dir='ltr'><strong>haec,</strong></span> <span class='ocrx_word' id='word_1_107' title='bbox 1345 980 1384 1009; x_wconf 92' lang='lat' dir='ltr'><strong>et</strong></span> <span class='ocrx_word' id='word_1_108' title='bbox 1402 985 1489 1023; x_wconf 83' lang='lat' dir='ltr'><strong>quae</strong></span> <span class='ocrx_word' id='word_1_109' title='bbox 1505 970 1730 1023; x_wconf 63' lang='lat' dir='ltr'><strong>sequamur,</strong></span> <span class='ocrx_word' id='word_1_110' title='bbox 1743 979 1782 1009; x_wconf 90' lang='lat' dir='ltr'><strong>et</strong></span> <span class='ocrx_word' id='word_1_111' title='bbox 1801 984 1886 1023; x_wconf 79' lang='lat' dir='ltr'><strong>quae</strong></span> <span class='ocrx_word' id='word_1_112' title='bbox 1905 968 1975 1008; x_wconf 82' lang='lat' dir='ltr'><strong>fu-</strong></span> 
     </span>
     <span class='ocr_line' id='line_1_13' title="bbox 575 1035 1974 1092; baseline -0.002 -15"><span class='ocrx_word' id='word_1_113' title='bbox 575 1039 742 1092; x_wconf 86' lang='lat' dir='ltr'><strong>giamus,</strong></span> <span class='ocrx_word' id='word_1_114' title='bbox 764 1036 877 1076; x_wconf 86' lang='lat' dir='ltr'><strong>refert</strong></span> <span class='ocrx_word' id='word_1_115' title='bbox 896 1038 1041 1077; x_wconf 89' lang='lat' dir='ltr'><strong>omnia.</strong></span> <span class='ocrx_word' id='word_1_116' title='bbox 1078 1036 1198 1089; x_wconf 84' lang='lat' dir='ltr'><strong>Qod</strong></span> <span class='ocrx_word' id='word_1_117' title='bbox 1217 1050 1437 1089; x_wconf 79' lang='lat' dir='ltr'>quanquam</span> <span class='ocrx_word' id='word_1_118' title='bbox 1457 1036 1644 1090; x_wconf 85' lang='lat' dir='ltr'><strong>Aristippi</strong></span> <span class='ocrx_word' id='word_1_119' title='bbox 1662 1036 1731 1081; x_wconf 85' lang='lat' dir='ltr'><strong>est,</strong></span> <span class='ocrx_word' id='word_1_120' title='bbox 1749 1049 1774 1075; x_wconf 87' lang='lat' dir='ltr'><strong>a</strong></span> <span class='ocrx_word' id='word_1_121' title='bbox 1786 1035 1974 1087; x_wconf 88' lang='lat' dir='ltr'><strong>Cyrenai·</strong></span> 
     </span>
     <span class='ocr_line' id='line_1_14' title="bbox 575 1101 1977 1157; baseline -0.003 -14"><span class='ocrx_word' id='word_1_122' title='bbox 575 1105 704 1157; x_wconf 89' lang='lat' dir='ltr'><strong>cisque</strong></span> <span class='ocrx_word' id='word_1_123' title='bbox 724 1103 864 1143; x_wconf 85' lang='lat' dir='ltr'><strong>melius</strong></span> <span class='ocrx_word' id='word_1_124' title='bbox 883 1102 1114 1155; x_wconf 87' lang='lat' dir='ltr'><strong>liberiusque</strong></span> <span class='ocrx_word' id='word_1_125' title='bbox 1128 1101 1344 1140; x_wconf 84' lang='lat' dir='ltr'><strong>defenditur</strong></span> <span class='ocrx_word' id='word_1_126' title='bbox 1361 1121 1374 1147; x_wconf 74' lang='lat'>5</span> <span class='ocrx_word' id='word_1_127' title='bbox 1396 1112 1523 1141; x_wconf 76' lang='lat' dir='ltr'><strong>tamen</strong></span> <span class='ocrx_word' id='word_1_128' title='bbox 1542 1101 1977 1154; x_wconf 67' lang='lat' dir='ltr'><strong>ejusmodieffejudico,</strong></span> 
     </span>
     <span class='ocr_line' id='line_1_15' title="bbox 575 1167 1972 1220; baseline 0 -12"><span class='ocrx_word' id='word_1_129' title='bbox 575 1179 620 1208; x_wconf 90' lang='lat' dir='ltr'><strong>ut</strong></span> <span class='ocrx_word' id='word_1_130' title='bbox 640 1168 738 1207; x_wconf 87' lang='lat' dir='ltr'>nihil</span> <span class='ocrx_word' id='word_1_131' title='bbox 768 1167 928 1207; x_wconf 87' lang='lat' dir='ltr'><strong>homine</strong></span> <span class='ocrx_word' id='word_1_132' title='bbox 948 1169 1118 1206; x_wconf 86' lang='lat' dir='ltr'><strong>videatur</strong></span> <span class='ocrx_word' id='word_1_133' title='bbox 1137 1168 1347 1220; x_wconf 87' lang='lat' dir='ltr'><strong>indignius.</strong></span> <span class='ocrx_word' id='word_1_134' title='bbox 1397 1167 1461 1206; x_wconf 82' lang='lat' dir='ltr'><strong>Ad</strong></span> <span class='ocrx_word' id='word_1_135' title='bbox 1492 1169 1634 1219; x_wconf 79' lang='lat' dir='ltr'><strong>majora</strong></span> <span class='ocrx_word' id='word_1_136' title='bbox 1663 1168 1770 1209; x_wconf 77' lang='lat' dir='ltr'><strong>enim</strong></span> <span class='ocrx_word' id='word_1_137' title='bbox 1795 1167 1972 1220; x_wconf 81' lang='lat' dir='ltr'><strong>quaedam</strong></span> 
     </span>
     <span class='ocr_line' id='line_1_16' title="bbox 575 1233 1972 1288; baseline -0.001 -13"><span class='ocrx_word' id='word_1_138' title='bbox 575 1250 645 1276; x_wconf 85' lang='lat' dir='ltr'><strong>nos</strong></span> <span class='ocrx_word' id='word_1_139' title='bbox 666 1245 796 1275; x_wconf 79' lang='lat' dir='ltr'><strong>natura</strong></span> <span class='ocrx_word' id='word_1_140' title='bbox 813 1235 948 1288; x_wconf 84' lang='lat' dir='ltr'><strong>genuit</strong></span> <span class='ocrx_word' id='word_1_141' title='bbox 963 1244 1001 1272; x_wconf 91' lang='lat' dir='ltr'><strong>et</strong></span> <span class='ocrx_word' id='word_1_142' title='bbox 1019 1233 1290 1279; x_wconf 79' lang='lat' dir='ltr'><strong>conformavit,</strong></span> <span class='ocrx_word' id='word_1_143' title='bbox 1317 1243 1360 1272; x_wconf 93' lang='lat' dir='ltr'><strong>ut</strong></span> <span class='ocrx_word' id='word_1_144' title='bbox 1379 1233 1478 1272; x_wconf 86' lang='lat' dir='ltr'><strong>mihi</strong></span> <span class='ocrx_word' id='word_1_145' title='bbox 1499 1234 1662 1287; x_wconf 74' lang='lat' dir='ltr'><strong>quidem,</strong></span> <span class='ocrx_word' id='word_1_146' title='bbox 1687 1234 1852 1274; x_wconf 90' lang='lat' dir='ltr'><strong>videtur.</strong></span> <span class='ocrx_word' id='word_1_147' title='bbox 1910 1235 1972 1273; x_wconf 90' lang='lat' dir='ltr'><strong>Ac</strong></span> 
     </span>
     <span class='ocr_line' id='line_1_17' title="bbox 575 1299 1973 1354; baseline -0.001 -14"><span class='ocrx_word' id='word_1_148' title='bbox 575 1301 656 1340; x_wconf 88' lang='lat' dir='ltr'><strong>fieri</strong></span> <span class='ocrx_word' id='word_1_149' title='bbox 676 1300 810 1354; x_wconf 89' lang='lat' dir='ltr'><strong>potest,</strong></span> <span class='ocrx_word' id='word_1_150' title='bbox 839 1310 882 1338; x_wconf 93' lang='lat' dir='ltr'><strong>ut</strong></span> <span class='ocrx_word' id='word_1_151' title='bbox 896 1313 1018 1338; x_wconf 83' lang='lat' dir='ltr'><strong>errem</strong></span> <span class='ocrx_word' id='word_1_152' title='bbox 1034 1318 1046 1345; x_wconf 68' lang='grc' dir='ltr'><strong><em>ς</em></strong></span> <span class='ocrx_word' id='word_1_153' title='bbox 1078 1299 1139 1338; x_wconf 87' lang='lat' dir='ltr'><strong>sed</strong></span> <span class='ocrx_word' id='word_1_154' title='bbox 1158 1300 1211 1338; x_wconf 86' lang='lat' dir='ltr'><strong>ita</strong></span> <span class='ocrx_word' id='word_1_155' title='bbox 1228 1299 1377 1352; x_wconf 87' lang='lat' dir='ltr'><strong>prorsus</strong></span> <span class='ocrx_word' id='word_1_156' title='bbox 1397 1299 1589 1344; x_wconf 74' lang='lat' dir='ltr'><strong>existimo,</strong></span> <span class='ocrx_word' id='word_1_157' title='bbox 1609 1313 1734 1352; x_wconf 78' lang='lat' dir='ltr'><strong>neque</strong></span> <span class='ocrx_word' id='word_1_158' title='bbox 1753 1313 1845 1339; x_wconf 87' lang='lat' dir='ltr'><strong>eum</strong></span> <span class='ocrx_word' id='word_1_159' title='bbox 1865 1300 1973 1338; x_wconf 88' lang='lat' dir='ltr'><strong>Tor-</strong></span> 
     </span>
     <span class='ocr_line' id='line_1_18' title="bbox 574 1364 1973 1420; baseline -0.001 -15"><span class='ocrx_word' id='word_1_160' title='bbox 574 1377 752 1420; x_wconf 84' lang='lat' dir='ltr'>quatum,</span> <span class='ocrx_word' id='word_1_161' title='bbox 780 1366 847 1418; x_wconf 88' lang='lat' dir='ltr'><strong>qui</strong></span> <span class='ocrx_word' id='word_1_162' title='bbox 873 1364 947 1404; x_wconf 91' lang='lat' dir='ltr'><strong>hoc</strong></span> <span class='ocrx_word' id='word_1_163' title='bbox 968 1365 1117 1418; x_wconf 87' lang='lat' dir='ltr'><strong>primus</strong></span> <span class='ocrx_word' id='word_1_164' title='bbox 1145 1378 1364 1418; x_wconf 86' lang='lat' dir='ltr'><strong>cognomen</strong></span> <span class='ocrx_word' id='word_1_165' title='bbox 1392 1365 1601 1410; x_wconf 77' lang='lat' dir='ltr'><strong>invenerit,</strong></span> <span class='ocrx_word' id='word_1_166' title='bbox 1625 1373 1691 1404; x_wconf 86' lang='lat' dir='ltr'><strong>aut</strong></span> <span class='ocrx_word' id='word_1_167' title='bbox 1721 1374 1900 1417; x_wconf 87' lang='lat' dir='ltr'><strong>torquem</strong></span> <span class='ocrx_word' id='word_1_168' title='bbox 1920 1365 1973 1404; x_wconf 84' lang='lat' dir='ltr'><strong>il-</strong></span> 
     </span>
     <span class='ocr_line' id='line_1_19' title="bbox 574 1431 1971 1484; baseline -0.002 -12"><span class='ocrx_word' id='word_1_169' title='bbox 574 1434 659 1472; x_wconf 90' lang='lat' dir='ltr'><strong>lum</strong></span> <span class='ocrx_word' id='word_1_170' title='bbox 679 1432 778 1472; x_wconf 88' lang='lat' dir='ltr'><strong>hosti</strong></span> <span class='ocrx_word' id='word_1_171' title='bbox 797 1431 1008 1476; x_wconf 70' lang='lat' dir='ltr'><strong>detraxisse,</strong></span> <span class='ocrx_word' id='word_1_172' title='bbox 1039 1441 1083 1470; x_wconf 90' lang='lat' dir='ltr'><strong>ut</strong></span> <span class='ocrx_word' id='word_1_173' title='bbox 1101 1431 1271 1483; x_wconf 84' lang='lat' dir='ltr'><strong>aliquam</strong></span> <span class='ocrx_word' id='word_1_174' title='bbox 1289 1445 1337 1470; x_wconf 85' lang='lat' dir='ltr'><strong>ex</strong></span> <span class='ocrx_word' id='word_1_175' title='bbox 1356 1445 1402 1470; x_wconf 92' lang='lat' dir='ltr'><strong>eo</strong></span> <span class='ocrx_word' id='word_1_176' title='bbox 1421 1432 1631 1484; x_wconf 80' lang='lat' dir='ltr'><strong>perciperet</strong></span> <span class='ocrx_word' id='word_1_177' title='bbox 1655 1444 1814 1484; x_wconf 89' lang='lat' dir='ltr'><strong>corpore</strong></span> <span class='ocrx_word' id='word_1_178' title='bbox 1831 1431 1971 1484; x_wconf 90' lang='lat' dir='ltr'><strong>volup-</strong></span> 
     </span>
     <span class='ocr_line' id='line_1_20' title="bbox 575 1496 1972 1549; baseline -0.001 -11"><span class='ocrx_word' id='word_1_179' title='bbox 575 1509 708 1544; x_wconf 80' lang='lat' dir='ltr'><strong>tatem,</strong></span> <span class='ocrx_word' id='word_1_180' title='bbox 730 1507 795 1536; x_wconf 89' lang='lat' dir='ltr'><strong>aut</strong></span> <span class='ocrx_word' id='word_1_181' title='bbox 816 1511 908 1536; x_wconf 88' lang='lat' dir='ltr'><strong>curn</strong></span> <span class='ocrx_word' id='word_1_182' title='bbox 929 1496 1078 1536; x_wconf 84' lang='lat' dir='ltr'><strong>Latinis</strong></span> <span class='ocrx_word' id='word_1_183' title='bbox 1099 1497 1210 1535; x_wconf 85' lang='lat' dir='ltr'><strong>tertio</strong></span> <span class='ocrx_word' id='word_1_184' title='bbox 1229 1496 1428 1535; x_wconf 84' lang='lat' dir='ltr'><strong>consulatu</strong></span> <span class='ocrx_word' id='word_1_185' title='bbox 1447 1496 1657 1535; x_wconf 78' lang='lat' dir='ltr'><strong>conflixiffe</strong></span> <span class='ocrx_word' id='word_1_186' title='bbox 1675 1497 1777 1549; x_wconf 87' lang='lat' dir='ltr'><strong>apud</strong></span> <span class='ocrx_word' id='word_1_187' title='bbox 1797 1497 1972 1537; x_wconf 81' lang='lat' dir='ltr'><strong>Veserim</strong></span> 
     </span>
     <span class='ocr_line' id='line_1_21' title="bbox 572 1561 1971 1618; baseline -0.001 -15"><span class='ocrx_word' id='word_1_188' title='bbox 572 1574 727 1618; x_wconf 87' lang='lat' dir='ltr'><strong>propter</strong></span> <span class='ocrx_word' id='word_1_189' title='bbox 745 1563 998 1616; x_wconf 88' lang='lat' dir='ltr'><strong>voluptatem.</strong></span> <span class='ocrx_word' id='word_1_190' title='bbox 1035 1562 1153 1613; x_wconf 85' lang='lat' dir='ltr'><strong>Qod</strong></span> <span class='ocrx_word' id='word_1_191' title='bbox 1174 1575 1262 1601; x_wconf 90' lang='lat' dir='ltr'><strong>vero</strong></span> <span class='ocrx_word' id='word_1_192' title='bbox 1281 1562 1400 1601; x_wconf 89' lang='lat' dir='ltr'><strong>securi</strong></span> <span class='ocrx_word' id='word_1_193' title='bbox 1421 1561 1549 1601; x_wconf 89' lang='lat' dir='ltr'><strong>filiurn</strong></span> <span class='ocrx_word' id='word_1_194' title='bbox 1569 1562 1811 1615; x_wconf 72' lang='lat' dir='ltr'><strong>percufi‘erit5</strong></span> <span class='ocrx_word' id='word_1_195' title='bbox 1842 1564 1971 1615; x_wconf 76' lang='lat' dir='ltr'><strong>priva-</strong></span> 
     </span>
     <span class='ocr_line' id='line_1_22' title="bbox 573 1618 1969 1682; baseline -0.002 -12"><span class='ocrx_word' id='word_1_196' title='bbox 573 1630 662 1670; x_wconf 79' lang='lat' dir='ltr'><strong>visse</strong></span> <span class='ocrx_word' id='word_1_197' title='bbox 691 1630 726 1668; x_wconf 90' lang='lat' dir='ltr'><strong>se</strong></span> <span class='ocrx_word' id='word_1_198' title='bbox 745 1630 861 1668; x_wconf 87' lang='lat' dir='ltr'><strong>etiam</strong></span> <span class='ocrx_word' id='word_1_199' title='bbox 882 1628 1031 1667; x_wconf 89' lang='lat' dir='ltr'><strong>videtur</strong></span> <span class='ocrx_word' id='word_1_200' title='bbox 1051 1618 1185 1666; x_wconf 86' lang='lat' dir='ltr'><strong>multis</strong></span> <span class='ocrx_word' id='word_1_201' title='bbox 1215 1628 1490 1681; x_wconf 82' lang='lat' dir='ltr'><strong>voluptatibus,</strong></span> <span class='ocrx_word' id='word_1_202' title='bbox 1526 1641 1618 1667; x_wconf 88' lang='lat' dir='ltr'><strong>cum</strong></span> <span class='ocrx_word' id='word_1_203' title='bbox 1649 1628 1719 1681; x_wconf 73' lang='lat' dir='ltr'><strong>ipsi</strong></span> <span class='ocrx_word' id='word_1_204' title='bbox 1739 1638 1882 1669; x_wconf 82' lang='lat' dir='ltr'><strong>naturae</strong></span> <span class='ocrx_word' id='word_1_205' title='bbox 1900 1642 1969 1682; x_wconf 89' lang='lat' dir='ltr'><strong>pa-</strong></span> 
     </span>
     <span class='ocr_line' id='line_1_23' title="bbox 573 1695 1714 1749; baseline -0.002 -13"><span class='ocrx_word' id='word_1_206' title='bbox 573 1697 724 1749; x_wconf 82' lang='lat' dir='ltr'><strong>trioque</strong></span> <span class='ocrx_word' id='word_1_207' title='bbox 742 1695 865 1735; x_wconf 88' lang='lat' dir='ltr'><strong>amori</strong></span> <span class='ocrx_word' id='word_1_208' title='bbox 884 1695 1092 1748; x_wconf 88' lang='lat' dir='ltr'><strong>praetulerit</strong></span> <span class='ocrx_word' id='word_1_209' title='bbox 1105 1695 1170 1746; x_wconf 84' lang='lat' dir='ltr'><strong>jus</strong></span> <span class='ocrx_word' id='word_1_210' title='bbox 1191 1695 1393 1747; x_wconf 88' lang='lat' dir='ltr'><strong>majestatis</strong></span> <span class='ocrx_word' id='word_1_211' title='bbox 1413 1704 1528 1747; x_wconf 90' lang='lat' dir='ltr'><strong>atque</strong></span> <span class='ocrx_word' id='word_1_212' title='bbox 1547 1695 1714 1748; x_wconf 88' lang='lat' dir='ltr'><strong>imperii.</strong></span> 
     </span>
     <span class='ocr_line' id='line_1_24' title="bbox 579 1759 1971 1814; baseline -0.001 -13"><span class='ocrx_word' id='word_1_213' title='bbox 579 1791 583 1795; x_wconf 77' lang='lat'><strong>·</strong></span> <span class='ocrx_word' id='word_1_214' title='bbox 628 1761 763 1814; x_wconf 82' lang='lat' dir='ltr'><strong>Qid?</strong></span> <span class='ocrx_word' id='word_1_215' title='bbox 795 1763 843 1800; x_wconf 89' lang='lat' dir='ltr'><strong>L.</strong></span> <span class='ocrx_word' id='word_1_216' title='bbox 863 1762 1100 1812; x_wconf 84' lang='lat' dir='ltr'><strong>Torquatus,</strong></span> <span class='ocrx_word' id='word_1_217' title='bbox 1132 1761 1178 1805; x_wconf 91' lang='lat' dir='ltr'><strong>is,</strong></span> <span class='ocrx_word' id='word_1_218' title='bbox 1200 1761 1267 1812; x_wconf 90' lang='lat' dir='ltr'><strong>qui</strong></span> <span class='ocrx_word' id='word_1_219' title='bbox 1299 1759 1443 1800; x_wconf 86' lang='lat' dir='ltr'><strong>Consul</strong></span> <span class='ocrx_word' id='word_1_220' title='bbox 1469 1774 1561 1799; x_wconf 86' lang='lat' dir='ltr'><strong>cum</strong></span> <span class='ocrx_word' id='word_1_221' title='bbox 1584 1763 1660 1799; x_wconf 86' lang='lat' dir='ltr'><strong>Cn.</strong></span> <span class='ocrx_word' id='word_1_222' title='bbox 1684 1761 1847 1799; x_wconf 58' lang='lat' dir='ltr'><strong>Oetavio</strong></span> <span class='ocrx_word' id='word_1_223' title='bbox 1876 1760 1971 1808; x_wconf 85' lang='lat' dir='ltr'><strong>fuit,</strong></span> 
     </span>
     <span class='ocr_line' id='line_1_25' title="bbox 572 1824 1969 1878; baseline 0 -13"><span class='ocrx_word' id='word_1_224' title='bbox 572 1841 664 1866; x_wconf 89' lang='lat' dir='ltr'><strong>cum</strong></span> <span class='ocrx_word' id='word_1_225' title='bbox 685 1827 793 1865; x_wconf 86' lang='lat' dir='ltr'><strong>illam</strong></span> <span class='ocrx_word' id='word_1_226' title='bbox 814 1825 1050 1865; x_wconf 82' lang='lat' dir='ltr'><strong>severitatem</strong></span> <span class='ocrx_word' id='word_1_227' title='bbox 1077 1825 1116 1863; x_wconf 90' lang='lat' dir='ltr'><strong>in</strong></span> <span class='ocrx_word' id='word_1_228' title='bbox 1137 1838 1183 1863; x_wconf 90' lang='lat' dir='ltr'><strong>eo</strong></span> <span class='ocrx_word' id='word_1_229' title='bbox 1201 1825 1285 1863; x_wconf 89' lang='lat' dir='ltr'><strong>filio</strong></span> <span class='ocrx_word' id='word_1_230' title='bbox 1303 1824 1493 1870; x_wconf 84' lang='lat' dir='ltr'><strong>adhibuit,</strong></span> <span class='ocrx_word' id='word_1_231' title='bbox 1514 1839 1633 1878; x_wconf 88' lang='lat' dir='ltr'><strong>quem</strong></span> <span class='ocrx_word' id='word_1_232' title='bbox 1661 1826 1702 1864; x_wconf 88' lang='lat' dir='ltr'><strong>in</strong></span> <span class='ocrx_word' id='word_1_233' title='bbox 1722 1826 1969 1878; x_wconf 88' lang='lat' dir='ltr'><strong>adoptionem</strong></span> 
     </span>
     <span class='ocr_line' id='line_1_26' title="bbox 573 1891 1969 1944; baseline -0.001 -12"><span class='ocrx_word' id='word_1_234' title='bbox 573 1894 627 1932; x_wconf 90' lang='lat' dir='ltr'><strong>D.</strong></span> <span class='ocrx_word' id='word_1_235' title='bbox 646 1893 772 1932; x_wconf 88' lang='lat' dir='ltr'><strong>Silano</strong></span> <span class='ocrx_word' id='word_1_236' title='bbox 790 1892 1107 1944; x_wconf 85' lang='lat' dir='ltr'><strong>emancipaverat‚</strong></span> <span class='ocrx_word' id='word_1_237' title='bbox 1138 1901 1180 1929; x_wconf 92' lang='lat' dir='ltr'><strong>ut</strong></span> <span class='ocrx_word' id='word_1_238' title='bbox 1200 1904 1307 1936; x_wconf 89' lang='lat' dir='ltr'><strong>eum,</strong></span> <span class='ocrx_word' id='word_1_239' title='bbox 1339 1891 1605 1931; x_wconf 83' lang='lat' dir='ltr'><strong>Macedonum</strong></span> <span class='ocrx_word' id='word_1_240' title='bbox 1636 1892 1768 1944; x_wconf 81' lang='lat' dir='ltr'><strong>legatis</strong></span> <span class='ocrx_word' id='word_1_241' title='bbox 1788 1891 1969 1931; x_wconf 87' lang='lat' dir='ltr'><strong>accusan-</strong></span> 
     </span>
     <span class='ocr_line' id='line_1_27' title="bbox 573 1957 1969 2011; baseline -0.001 -13"><span class='ocrx_word' id='word_1_242' title='bbox 573 1959 691 2003; x_wconf 87' lang='lat' dir='ltr'><strong>tibus,</strong></span> <span class='ocrx_word' id='word_1_243' title='bbox 722 1958 826 2011; x_wconf 92' lang='lat' dir='ltr'><strong>quod</strong></span> <span class='ocrx_word' id='word_1_244' title='bbox 846 1958 1025 2010; x_wconf 87' lang='lat' dir='ltr'><strong>pecunias</strong></span> <span class='ocrx_word' id='word_1_245' title='bbox 1055 1958 1258 1996; x_wconf 85' lang='lat' dir='ltr'><strong>Praetorem</strong></span> <span class='ocrx_word' id='word_1_246' title='bbox 1289 1958 1328 1995; x_wconf 92' lang='lat' dir='ltr'><strong>in</strong></span> <span class='ocrx_word' id='word_1_247' title='bbox 1362 1958 1557 2010; x_wconf 87' lang='lat' dir='ltr'><strong>provincia</strong></span> <span class='ocrx_word' id='word_1_248' title='bbox 1586 1957 1723 2010; x_wconf 73' lang='lat' dir='ltr'><strong>cepiss‘e</strong></span> <span class='ocrx_word' id='word_1_249' title='bbox 1752 1967 1969 2010; x_wconf 83' lang='lat' dir='ltr'><strong>arguerent,</strong></span> 
     </span>
     <span class='ocr_line' id='line_1_28' title="bbox 572 2022 1968 2076; baseline -0.001 -13"><span class='ocrx_word' id='word_1_250' title='bbox 572 2024 722 2064; x_wconf 79' lang='lat' dir='ltr'><strong>causam</strong></span> <span class='ocrx_word' id='word_1_251' title='bbox 756 2023 857 2076; x_wconf 89' lang='lat' dir='ltr'><strong>apud</strong></span> <span class='ocrx_word' id='word_1_252' title='bbox 891 2022 926 2061; x_wconf 88' lang='lat' dir='ltr'><strong>se</strong></span> <span class='ocrx_word' id='word_1_253' title='bbox 959 2023 1082 2061; x_wconf 84' lang='lat' dir='ltr'><strong>dicere</strong></span> <span class='ocrx_word' id='word_1_254' title='bbox 1097 2023 1263 2074; x_wconf 89' lang='lat' dir='ltr'><strong>juberet,</strong></span> <span class='ocrx_word' id='word_1_255' title='bbox 1295 2036 1410 2074; x_wconf 87' lang='lat' dir='ltr'><strong>reque</strong></span> <span class='ocrx_word' id='word_1_256' title='bbox 1440 2037 1486 2062; x_wconf 88' lang='lat' dir='ltr'><strong>ex</strong></span> <span class='ocrx_word' id='word_1_257' title='bbox 1508 2032 1668 2075; x_wconf 84' lang='lat' dir='ltr'><strong>utraque</strong></span> <span class='ocrx_word' id='word_1_258' title='bbox 1688 2033 1792 2076; x_wconf 84' lang='lat' dir='ltr'><strong>parte</strong></span> <span class='ocrx_word' id='word_1_259' title='bbox 1825 2023 1968 2068; x_wconf 85' lang='lat' dir='ltr'><strong>audita,</strong></span> 
     </span>
     <span class='ocr_line' id='line_1_29' title="bbox 572 2087 1967 2143; baseline -0.001 -14"><span class='ocrx_word' id='word_1_260' title='bbox 572 2090 847 2143; x_wconf 86' lang='lat' dir='ltr'><strong>pronuntiaret,</strong></span> <span class='ocrx_word' id='word_1_261' title='bbox 866 2102 958 2127; x_wconf 87' lang='lat' dir='ltr'><strong>eum</strong></span> <span class='ocrx_word' id='word_1_262' title='bbox 979 2102 1054 2127; x_wconf 93' lang='lat' dir='ltr'><strong>non</strong></span> <span class='ocrx_word' id='word_1_263' title='bbox 1077 2089 1192 2126; x_wconf 90' lang='lat' dir='ltr'><strong>talem</strong></span> <span class='ocrx_word' id='word_1_264' title='bbox 1212 2088 1330 2126; x_wconf 87' lang='lat' dir='ltr'><strong>videri</strong></span> <span class='ocrx_word' id='word_1_265' title='bbox 1352 2087 1459 2126; x_wconf 67' lang='lat' dir='ltr'><strong>fuifl‘e</strong></span> <span class='ocrx_word' id='word_1_266' title='bbox 1481 2089 1519 2126; x_wconf 89' lang='lat' dir='ltr'><strong>in</strong></span> <span class='ocrx_word' id='word_1_267' title='bbox 1539 2088 1715 2141; x_wconf 85' lang='lat' dir='ltr'><strong>imperio,</strong></span> <span class='ocrx_word' id='word_1_268' title='bbox 1737 2089 1867 2141; x_wconf 79' lang='lat' dir='ltr'><strong>quales</strong></span> <span class='ocrx_word' id='word_1_269' title='bbox 1887 2090 1967 2141; x_wconf 87' lang='lat' dir='ltr'><strong>ejus</strong></span> 
     </span>
     <span class='ocr_line' id='line_1_30' title="bbox 571 2154 1968 2208; baseline -0.001 -13"><span class='ocrx_word' id='word_1_270' title='bbox 571 2157 732 2208; x_wconf 81' lang='lat' dir='ltr'><strong>majores</strong></span> <span class='ocrx_word' id='word_1_271' title='bbox 754 2154 930 2199; x_wconf 72' lang='lat' dir='ltr'><strong>fuiss‘ent5</strong></span> <span class='ocrx_word' id='word_1_272' title='bbox 952 2164 990 2192; x_wconf 88' lang='lat' dir='ltr'><strong>et</strong></span> <span class='ocrx_word' id='word_1_273' title='bbox 1010 2155 1049 2192; x_wconf 88' lang='lat' dir='ltr'><strong>in</strong></span> <span class='ocrx_word' id='word_1_274' title='bbox 1070 2154 1314 2206; x_wconf 62' lang='lat' dir='ltr'><strong>conspeetum</strong></span> <span class='ocrx_word' id='word_1_275' title='bbox 1332 2154 1441 2193; x_wconf 88' lang='lat' dir='ltr'><strong>suum</strong></span> <span class='ocrx_word' id='word_1_276' title='bbox 1462 2155 1587 2193; x_wconf 89' lang='lat' dir='ltr'><strong>venire</strong></span> <span class='ocrx_word' id='word_1_277' title='bbox 1608 2155 1752 2198; x_wconf 88' lang='lat' dir='ltr'><strong>vetuit;</strong></span> <span class='ocrx_word' id='word_1_278' title='bbox 1776 2155 1968 2206; x_wconf 80' lang='lat' dir='ltr'><strong>numquid</strong></span> 
     </span>
     <span class='ocr_line' id='line_1_31' title="bbox 572 2220 1966 2273; baseline -0.001 -12"><span class='ocrx_word' id='word_1_279' title='bbox 572 2223 721 2263; x_wconf 88' lang='lat' dir='ltr'><strong>videtur</strong></span> <span class='ocrx_word' id='word_1_280' title='bbox 742 2222 812 2259; x_wconf 81' lang='lat' dir='ltr'><strong>tibi</strong></span> <span class='ocrx_word' id='word_1_281' title='bbox 832 2221 877 2259; x_wconf 88' lang='lat' dir='ltr'><strong>de</strong></span> <span class='ocrx_word' id='word_1_282' title='bbox 898 2220 1158 2273; x_wconf 75' lang='lat' dir='ltr'><strong>voluptatibus</strong></span> <span class='ocrx_word' id='word_1_283' title='bbox 1180 2220 1252 2259; x_wconf 90' lang='lat' dir='ltr'><strong>suis</strong></span> <span class='ocrx_word' id='word_1_284' title='bbox 1273 2220 1488 2272; x_wconf 72' lang='lat' dir='ltr'><strong>cogitavill&#39;e</strong></span> <span class='ocrx_word' id='word_1_285' title='bbox 1505 2222 1516 2258; x_wconf 94' lang='lat'>?</span> <span class='ocrx_word' id='word_1_286' title='bbox 1549 2221 1619 2259; x_wconf 80' lang='lat' dir='ltr'><strong>Sed</strong></span> <span class='ocrx_word' id='word_1_287' title='bbox 1639 2230 1681 2260; x_wconf 91' lang='lat' dir='ltr'><strong>ut</strong></span> <span class='ocrx_word' id='word_1_288' title='bbox 1701 2222 1880 2259; x_wconf 88' lang='lat' dir='ltr'><strong>omittam</strong></span> <span class='ocrx_word' id='word_1_289' title='bbox 1899 2235 1966 2273; x_wconf 76' lang='lat' dir='ltr'><strong>pe-</strong></span> 
     </span>
     <span class='ocr_line' id='line_1_32' title="bbox 574 2286 1967 2339; baseline -0.001 -13"><span class='ocrx_word' id='word_1_290' title='bbox 574 2286 705 2332; x_wconf 82' lang='lat' dir='ltr'><strong>ricula,</strong></span> <span class='ocrx_word' id='word_1_291' title='bbox 728 2287 885 2331; x_wconf 86' lang='lat' dir='ltr'><strong>labores,</strong></span> <span class='ocrx_word' id='word_1_292' title='bbox 922 2286 1095 2324; x_wconf 89' lang='lat' dir='ltr'><strong>dolorem</strong></span> <span class='ocrx_word' id='word_1_293' title='bbox 1116 2286 1245 2330; x_wconf 80' lang='lat' dir='ltr'><strong>etiam,</strong></span> <span class='ocrx_word' id='word_1_294' title='bbox 1277 2300 1394 2338; x_wconf 82' lang='lat' dir='ltr'><strong>quem</strong></span> <span class='ocrx_word' id='word_1_295' title='bbox 1424 2287 1596 2339; x_wconf 80' lang='lat' dir='ltr'><strong>optimus</strong></span> <span class='ocrx_word' id='word_1_296' title='bbox 1617 2287 1778 2339; x_wconf 84' lang='lat' dir='ltr'><strong>quisque</strong></span> <span class='ocrx_word' id='word_1_297' title='bbox 1810 2301 1877 2339; x_wconf 88' lang='lat' dir='ltr'><strong>pro</strong></span> <span class='ocrx_word' id='word_1_298' title='bbox 1898 2300 1967 2339; x_wconf 83' lang='lat' dir='ltr'><strong>pa-</strong></span> 
     </span>
     <span class='ocr_line' id='line_1_33' title="bbox 573 2350 1968 2406; baseline 0 -15"><span class='ocrx_word' id='word_1_299' title='bbox 573 2354 642 2391; x_wconf 77' lang='lat' dir='ltr'><strong>tria</strong></span> <span class='ocrx_word' id='word_1_300' title='bbox 661 2362 698 2391; x_wconf 91' lang='lat' dir='ltr'><strong>ct</strong></span> <span class='ocrx_word' id='word_1_301' title='bbox 726 2366 795 2406; x_wconf 87' lang='lat' dir='ltr'><strong>pro</strong></span> <span class='ocrx_word' id='word_1_302' title='bbox 815 2351 886 2390; x_wconf 89' lang='lat' dir='ltr'><strong>suis</strong></span> <span class='ocrx_word' id='word_1_303' title='bbox 908 2350 1075 2404; x_wconf 88' lang='lat' dir='ltr'><strong>suscipit,</strong></span> <span class='ocrx_word' id='word_1_304' title='bbox 1110 2361 1151 2389; x_wconf 93' lang='lat' dir='ltr'><strong>ut</strong></span> <span class='ocrx_word' id='word_1_305' title='bbox 1173 2365 1247 2390; x_wconf 90' lang='lat' dir='ltr'><strong>non</strong></span> <span class='ocrx_word' id='word_1_306' title='bbox 1269 2353 1385 2390; x_wconf 82' lang='lat' dir='ltr'><strong>modo</strong></span> <span class='ocrx_word' id='word_1_307' title='bbox 1407 2352 1552 2390; x_wconf 83' lang='lat' dir='ltr'><strong>nullam</strong></span> <span class='ocrx_word' id='word_1_308' title='bbox 1584 2362 1724 2405; x_wconf 78' lang='lat' dir='ltr'><strong>captet,</strong></span> <span class='ocrx_word' id='word_1_309' title='bbox 1757 2352 1817 2391; x_wconf 81' lang='lat' dir='ltr'><strong>sed</strong></span> <span class='ocrx_word' id='word_1_310' title='bbox 1851 2353 1968 2392; x_wconf 83' lang='lat' dir='ltr'><strong>etiam</strong></span> 
     </span>
     <span class='ocr_line' id='line_1_34' title="bbox 572 2417 1969 2472; baseline -0.001 -15"><span class='ocrx_word' id='word_1_311' title='bbox 572 2428 764 2472; x_wconf 65' lang='lat' dir='ltr'><strong>pratereat</strong></span> <span class='ocrx_word' id='word_1_312' title='bbox 797 2432 931 2457; x_wconf 89' lang='lat' dir='ltr'><strong>omnes</strong></span> <span class='ocrx_word' id='word_1_313' title='bbox 963 2418 1191 2470; x_wconf 85' lang='lat' dir='ltr'><strong>voluptates,</strong></span> <span class='ocrx_word' id='word_1_314' title='bbox 1223 2417 1368 2456; x_wconf 83' lang='lat' dir='ltr'><strong>dolores</strong></span> <span class='ocrx_word' id='word_1_315' title='bbox 1400 2418 1564 2470; x_wconf 85' lang='lat' dir='ltr'><strong>denique</strong></span> <span class='ocrx_word' id='word_1_316' title='bbox 1598 2419 1749 2471; x_wconf 83' lang='lat' dir='ltr'><strong>quosvis</strong></span> <span class='ocrx_word' id='word_1_317' title='bbox 1784 2418 1969 2471; x_wconf 83' lang='lat' dir='ltr'><strong>suscipere</strong></span> 
     </span>
     <span class='ocr_line' id='line_1_35' title="bbox 573 2483 1966 2538; baseline 0.001 -16"><span class='ocrx_word' id='word_1_318' title='bbox 573 2484 697 2528; x_wconf 83' lang='lat' dir='ltr'><strong>malit,</strong></span> <span class='ocrx_word' id='word_1_319' title='bbox 719 2498 836 2535; x_wconf 85' lang='lat' dir='ltr'><strong>quam</strong></span> <span class='ocrx_word' id='word_1_320' title='bbox 854 2483 1016 2522; x_wconf 83' lang='lat' dir='ltr'><strong>descrere</strong></span> <span class='ocrx_word' id='word_1_321' title='bbox 1043 2483 1162 2521; x_wconf 84' lang='lat' dir='ltr'><strong>ullam</strong></span> <span class='ocrx_word' id='word_1_322' title='bbox 1182 2483 1299 2521; x_wconf 77' lang='lat' dir='ltr'><strong>officii</strong></span> <span class='ocrx_word' id='word_1_323' title='bbox 1321 2493 1493 2536; x_wconf 64' lang='lat' dir='ltr'><strong>partcnn</strong></span> <span class='ocrx_word' id='word_1_324' title='bbox 1525 2484 1570 2522; x_wconf 80' lang='lat' dir='ltr'><strong>ad</strong></span> <span class='ocrx_word' id='word_1_325' title='bbox 1589 2498 1644 2530; x_wconf 77' lang='lat' dir='ltr'><strong>ea,</strong></span> <span class='ocrx_word' id='word_1_326' title='bbox 1677 2499 1762 2538; x_wconf 79' lang='lat' dir='ltr'><strong>qua:</strong></span> <span class='ocrx_word' id='word_1_327' title='bbox 1781 2483 1855 2525; x_wconf 87' lang='lat' dir='ltr'><strong>hoc</strong></span> <span class='ocrx_word' id='word_1_328' title='bbox 1888 2497 1966 2523; x_wconf 85' lang='lat' dir='ltr'><strong>non</strong></span> 
     </span>
     <span class='ocr_line' id='line_1_36' title="bbox 573 2548 1610 2597; baseline 0.002 -8"><span class='ocrx_word' id='word_1_329' title='bbox 573 2549 702 2590; x_wconf 85' lang='lat' dir='ltr'><strong>minus</strong></span> <span class='ocrx_word' id='word_1_330' title='bbox 722 2549 926 2597; x_wconf 69' lang='lat' dir='ltr'><strong>declarant,</strong></span> <span class='ocrx_word' id='word_1_331' title='bbox 949 2549 1008 2589; x_wconf 90' lang='lat' dir='ltr'><strong>scd</strong></span> <span class='ocrx_word' id='word_1_332' title='bbox 1029 2549 1207 2590; x_wconf 83' lang='lat' dir='ltr'><strong>videntur</strong></span> <span class='ocrx_word' id='word_1_333' title='bbox 1227 2548 1379 2596; x_wconf 68' lang='lat' dir='ltr'><strong>leviora,</strong></span> <span class='ocrx_word' id='word_1_334' title='bbox 1401 2550 1610 2591; x_wconf 79' lang='lat' dir='ltr'><strong>veniamus.</strong></span> 
     </span>
    </p>
   </div>
  </div>
 </body>
</html>
