2330 2983
579 281 631 318 24
904 263 1659 306 M.T.CICERONIS

581 359 708 399 Galba
726 358 948 397 ambulare?
979 359 1047 404 At,
1068 371 1160 396 cum
1182 358 1397 403 somniavit,
1426 358 1478 396 ita
1498 356 1660 396 narravit
1671 374 1685 401 5

719 425 818 478 Visus
836 425 1013 463 Homerus
1030 423 1135 478 adeffl
1144 433 1266 478 poeta.

582 491 766 544 Idemque
786 491 826 529 in
846 489 1083 543 Epicharmo
1098 509 1110 535 ;

719 559 819 596 Nam
838 556 987 596 videbar
989 557 1170 611 meniare
1188 557 1268 596 med
1281 571 1340 610 ego
1359 556 1418 610 ‘ff’
1435 565 1626 595 mortuum.

582 625 731 676 Itaque,
752 623 866 662 fimul
885 633 928 661 ut
947 624 1154 676 experrecti
1174 623 1319 667 sumus,
1337 623 1412 661 visa
1431 623 1497 661 illa
1515 620 1804 661 contemnimus
1816 638 1829 665 5
1852 633 1977 672 neque

584 691 636 728 ita
654 689 855 734 habemus,
877 699 919 728 ut
938 703 994 734 ea,
1015 704 1099 742 quae
1118 691 1157 728 in
1179 688 1262 728 foro
1281 688 1474 742 geflimus.

638 757 771 795 XVII.
804 757 858 794 At
872 755 976 794 enim
993 756 1088 794 dum
1103 755 1294 799 videntur,
1308 754 1439 792 eadem
1452 753 1505 791 est
1525 753 1564 791 in
1577 752 1736 791 somniis
1756 752 1897 805 species
1909 765 1976 790 eo-

585 837 685 867 rum,
706 836 791 874 quae
809 821 1008 873 vigilantes
1025 821 1213 859 videmus.
1257 820 1479 859 Plurimum
1499 818 1666 857 interest.
1709 818 1782 856 Sed
1802 818 1841 856 id
1856 818 1978 856 omit-

586 898 725 927 tamus.
755 886 857 926 Illud
875 887 979 926 enim
999 887 1181 932 dicimus,
1203 899 1280 925 non
1300 885 1462 924 eandem
1481 884 1552 923 effe
1572 885 1652 922 vim
1674 897 1798 936 neque
1817 884 1977 936 integri-

585 963 703 992 tatem
721 953 999 991 dormientium
1019 962 1057 991 et
1076 952 1336 1005 vigilantium,
1369 964 1439 989 nec
1460 959 1603 994 mente,
1635 962 1705 987 nec
1736 949 1856 988 sensu.
1916 949 1981 988 Ne

585 1020 771 1059 vinolenti
796 1019 957 1072 quidem
975 1033 1063 1072 quae
1082 1018 1242 1063 faciunt,
1273 1017 1408 1056 eadem
1427 1016 1700 1071 approbatione
1723 1015 1885 1061 faciunt,
1905 1029 1982 1068 qua

587 1086 701 1124 sobrii
719 1101 728 1124 ε
759 1085 951 1130 dubitant,
983 1083 1168 1130 haefitant,
1203 1092 1380 1122 revocant
1413 1082 1449 1121 se
1478 1081 1688 1126 interdum,
1724 1080 1860 1133 iisque,
1895 1095 1981 1134 quae

585 1152 777 1196 videntur,
808 1150 1044 1189 imbecillius
1074 1149 1351 1195 affentiuntur;
1389 1161 1559 1201 cumque
1583 1147 1883 1192 edormiverunt‚
1914 1146 1982 1185 illa

585 1217 661 1257 visa
680 1231 797 1270 quam
812 1217 909 1255 levia
923 1215 1078 1262 fuerint,
1092 1216 1330 1269 intelligunt.
1354 1215 1471 1267 Qod
1492 1214 1595 1252 idem
1615 1214 1808 1266 contingit
1820 1213 1956 1251 insanis
1967 1231 1980 1258 ς

586 1293 630 1322 ut
649 1292 687 1321 et
707 1283 932 1336 incipientes
950 1281 1088 1326 furere,
1111 1281 1284 1326 sentiant,
1306 1289 1344 1318 et
1359 1281 1502 1324 dicant,
1519 1279 1679 1332 aliquid,
1701 1279 1806 1332 quod
1827 1293 1904 1317 non
1920 1279 1979 1324 fit,

586 1349 625 1387 id
645 1349 762 1387 videri
795 1348 889 1392 fibi3
920 1357 972 1393 et,
1007 1361 1099 1386 cum
1130 1347 1356 1391 relaxentur,
1401 1345 1575 1390 sentiant,
1607 1354 1720 1397 atque
1749 1344 1817 1383 illa
1853 1345 1982 1383 dicant

585 1414 821 1454 Alcmaeonis
837 1432 848 1460 ;

724 1481 796 1520 Sed
809 1481 898 1519 mihi
912 1481 1115 1533 neutiquam
1134 1495 1194 1519 cor
1213 1479 1381 1534 constntit
1405 1493 1483 1518 cum
1497 1479 1672 1517 oculorum
1690 1478 1843 1531 qspeflu.

634 1550 688 1587 At
707 1548 812 1585 enim
833 1546 910 1600 ipse
931 1547 1073 1599 sapiens
1094 1545 1248 1584 sustinet
1268 1546 1303 1584 se
1323 1545 1363 1583 in
1383 1544 1524 1589 furore,
1546 1558 1593 1582 ne
1613 1544 1796 1597 approbet
1813 1542 1902 1581 falsa
1914 1557 1983 1596 pro

589 1614 700 1652 veris.
745 1613 798 1651 Et
828 1611 917 1650 alias
938 1611 1228 1665 quidem'saepe,
1261 1611 1286 1649 s1
1317 1620 1382 1649 aut
1401 1611 1440 1649 in
1462 1609 1626 1648 sensibus
1646 1608 1760 1662 ipsius
1779 1608 1831 1646 est
1857 1609 1984 1660 aliqua

589 1678 686 1718 sorte
705 1678 880 1732 gravitas,
902 1687 966 1716 aut
987 1678 1153 1722 tarditas,
1175 1686 1239 1715 aut
1259 1676 1474 1716 obscuriora
1497 1676 1583 1714 sunt
1603 1689 1687 1727 quae
1706 1674 1898 1719 videntur,
1919 1683 1984 1712 aut

589 1758 610 1782 a
628 1743 887 1798 perspiciendo
908 1744 1089 1796 temporis
1120 1743 1301 1781 brevitate
1321 1741 1552 1781 excluditur.
1599 1741 1835 1793 Qanquam
1857 1749 1984 1778 totum

588 1809 678 1855 hoc,
709 1811 916 1863 sapientem
946 1809 1151 1861 aliquando
1181 1809 1358 1847 sustinere
1378 1807 1638 1851 ass'ensionem,
1668 1815 1800 1845 contra
1822 1819 1889 1844 vos
1916 1805 1982 1844 est.

590 1878 627 1915 Si
647 1877 752 1915 enim
772 1877 870 1914 inter
888 1875 963 1913 visa
983 1874 1079 1913 nihil
1101 1874 1304 1920 interesset,
1321 1884 1385 1913 aut
1404 1873 1551 1927 semper
1571 1872 1778 1917 sustineret,
1796 1882 1861 1910 aut
1881 1885 1984 1910 nun-

589 1956 722 1995 quam.
768 1941 838 1979 Sed
867 1954 915 1980 ex
948 1939 1021 1979 hoc
1042 1954 1180 1994 genere
1201 1950 1282 1979 toto
1302 1939 1461 1993 perspici
1491 1939 1612 1993 potest
1643 1939 1774 1976 levitas
1803 1938 1985 1976 orationis

589 2022 738 2052 eorum,
769 2008 834 2060 qui
869 2007 999 2046 omnia
1027 2007 1190 2060 cupiunt
1224 2005 1472 2045 confundere.
1533 2005 1754 2057 Qarimus
1774 2004 1984 2057 gravitatis,

589 2073 821 2117 constantiae,
840 2072 1046 2117 firmitatis,
1063 2072 1262 2125 sapientire,
1275 2071 1470 2124 judicium
1487 2085 1495 2108 :
1515 2071 1664 2108 utimur
1678 2069 1864 2122 exemplis
1881 2068 1984 2107 som-

590 2140 796 2185 niantium,
813 2138 1058 2184 furiosorum,
1080 2138 1329 2177 ebriosorum.
1365 2137 1466 2176 Illud
1486 2137 1723 2175 attendamus
1744 2137 1782 2174 in
1800 2134 1874 2174 hoc
1896 2149 1984 2174 om-

589 2207 628 2244 ni
648 2219 797 2259 genere,
819 2219 935 2258 quam
959 2204 1210 2243 inconstanter
1237 2204 1455 2257 loquamur.
1489 2204 1582 2242 Non
1604 2203 1708 2241 enim
1731 2200 1986 2255 proferremus

589 2272 679 2310 vino
699 2280 762 2309 aut
783 2270 917 2309 somno
936 2269 1139 2323 oppressos,
1161 2279 1225 2308 ant
1247 2279 1374 2308 mente
1394 2279 1538 2321 capt05‚
1554 2279 1631 2307 tam
1653 2267 1823 2311 absurde,
1842 2277 1883 2304 ut
1901 2277 1986 2304 tum

589 2337 801 2375 diceremus
823 2335 993 2374 interesse
1011 2336 1106 2373 inter
1124 2335 1368 2388 vigilantium
1388 2333 1474 2378 visa.
1505 2343 1542 2371 ct
1561 2333 1787 2376 sobriorum,
1821 2342 1858 2370 et
1881 2332 1987 2371 sano-

588 2416 690 2446 rum,
712 2412 749 2440 ct
765 2415 913 2446 eorum,
935 2401 1002 2453 qui
1025 2400 1140 2439 css'cnt
1161 2400 1268 2439 aliter
1283 2399 1432 2444 affe-&h
1456 2408 1539 2437 tum
1564 2398 1659 2437 nihil
1680 2397 1861 2437 interesse.

647 2469 708 2506 Ne
729 2466 802 2505 hoc
823 2467 981 2519 quidem
1003 2476 1178 2511 cernunt,
1211 2467 1341 2505 omnia
1369 2465 1400 2503 se
1421 2465 1572 2503 reddere
1594 2466 1748 2509 incerta,
1784 2464 1888 2516 quod
1917 2477 1987 2501 no-

589 2534 674 2572 lunt
694 2552 702 2577 ;
728 2536 786 2584 (ca
813 2535 900 2571 dico
922 2534 1077 2578 incerta,
1099 2547 1184 2585 qua:
1206 2527 1315 2574 ιἰὃηλα,
1335 2533 1482 2583 Gra-ci)
1507 2532 1651 2570 sienim
1672 2546 1726 2570 res
1748 2530 1782 2569 se
1803 2531 1853 2568 ita
1870 2529 1987 2567 habe-

587 2609 666 2644 ant,
686 2609 726 2638 ut
741 2598 836 2638 nihil
853 2599 1010 2645 interfit,
1029 2598 1159 2638 utrum
1174 2599 1224 2638 ita
1237 2600 1299 2638 cui
1317 2598 1501 2643 videatur,
1518 2607 1559 2637 ut
1574 2598 1718 2644 insano,
1732 2610 1779 2636 an
1795 2596 1901 2642 sano,
1925 2595 1988 2635 cui
