2330 2983
626 263 902 303 LIBER
961 261 1460 301 SECUNDUS.
1674 277 1745 318 125

348 363 437 408 suis,
451 374 547 415 quos
566 371 605 399 et
624 371 787 413 quantos
805 361 902 398 viros
923 359 1061 398 habere
1081 359 1234 399 testium
1257 359 1309 398 sat
1327 359 1392 398 est.
1416 359 1587 398 Nonnne
1608 361 1746 400 melius

346 428 400 466 est
419 428 466 465 de
485 426 545 465 his
565 426 726 478 aliquid,
747 439 866 478 quam
887 426 1001 463 tantis
1024 425 1289 463 voluminibus
1306 425 1352 462 de
1373 423 1587 469 Themista,
1608 426 1746 478 loqui?

347 494 431 532 Sint
462 493 530 531 ista
547 494 799 531 Graecorum:
833 504 1054 543 quanquam
1075 491 1122 528 ab
1151 490 1213 528 his
1239 490 1524 543 philosophiam
1545 501 1583 529 et
1612 506 1748 531 omnes

346 560 529 611 ingenuas
549 558 767 610 disciplinas
787 556 975 595 habemus
993 571 1002 594 :
1026 556 1087 594 sed
1108 565 1236 594 tamen
1256 556 1309 594 est
1329 556 1488 608 aliquid,
1511 558 1615 608 quod
1636 559 1747 596 nobis

345 638 424 663 non
446 625 572 669 liceat,
593 624 707 662 liceat
726 623 819 661 illis.

407 692 586 743 Pugnant
617 689 736 728 Stoici
762 703 855 727 cum
885 688 1159 741 Peripateticis.
1218 688 1344 726 Alteri
1365 698 1505 740 negant
1532 689 1748 741 quidquam

346 756 417 795 effe
450 757 614 801 bonurn,
647 756 716 794 nisi
747 755 851 807 quod
878 753 1082 792 honesturn
1110 754 1167 793 fit.
1209 754 1349 799 Alteri,
1380 755 1595 807 plurimum
1632 755 1681 801 se,
1712 766 1750 793 et

347 822 476 875 longe,
509 822 699 874 longeque
719 821 936 873 plurimum
963 820 1130 858 tribuere
1159 818 1361 864 honestati,
1395 819 1454 857 sed
1486 830 1613 858 tamen
1640 831 1678 859 et
1709 822 1749 859 in

347 900 519 940 corpore,
555 897 593 924 et
619 895 738 930 extra,
769 885 840 924 effe
873 886 1049 938 quaedam
1080 886 1191 923 bona.
1234 886 1287 923 Et
1307 895 1499 923 certamen
1530 885 1747 931 honestum,

347 964 386 991 et
405 953 611 1006 disputatio
631 952 848 1004 splendida:
871 952 999 990 omnis
1019 951 1071 988 est
1090 952 1194 988 enim
1213 951 1259 988 de
1275 951 1428 988 virtutis
1449 951 1633 1002 dignitate
1653 965 1748 990 con-

349 1019 484 1057 tentio.
534 1020 589 1056 At
609 1031 701 1055 cum
722 1018 797 1055 tuis
818 1031 908 1055 cum
930 1016 1094 1060 differas,
1117 1016 1240 1053 multa
1258 1015 1344 1053 sunt
1364 1017 1548 1054 audienda
1568 1019 1683 1055 etiam
1704 1018 1751 1055 de

347 1084 538 1123 obscoenis
558 1083 835 1136 voluptatibus,
869 1083 915 1121 de
935 1083 1077 1134 quibus
1109 1083 1155 1120 ab
1177 1083 1348 1134 Epicuro
1369 1082 1564 1134 saepiffime
1592 1084 1747 1122 dicitur.

349 1151 442 1190 Non
474 1160 582 1203 potes
615 1163 706 1201 ergo
740 1149 807 1188 ista
841 1149 951 1193 tueri,
983 1149 1194 1200 Torquate,
1217 1147 1461 1193 mihicrede,
1490 1149 1515 1186 si
1536 1159 1570 1187 te
1591 1149 1681 1202 ipse,
1713 1161 1750 1187 et

348 1227 430 1255 tuas
451 1216 716 1269 cogitationes,
739 1225 777 1252 et
797 1215 917 1253 studia
937 1215 1180 1268 perspexeris.
1228 1215 1396 1252 Pudebit
1417 1224 1466 1259 te,
1495 1216 1668 1267 inquam,
1699 1217 1749 1254 il·

348 1283 422 1320 lius
445 1283 596 1327 tabulae,
618 1295 736 1334 quam
757 1280 977 1325 Cleanthes,
1011 1281 1094 1318 sane
1114 1281 1334 1325 commode,
1368 1281 1493 1318 verbis
1514 1283 1669 1333 pingere
1690 1282 1749 1319 so-

349 1349 465 1387 lebat.
503 1347 671 1399 Jubebat
691 1360 768 1391 eos,
799 1347 867 1398 qui
898 1347 1116 1390 audiebant,
1153 1346 1282 1383 secum
1302 1346 1400 1398 ipsos
1422 1347 1587 1398 cogitare
1607 1348 1750 1399 pictam

349 1415 391 1453 in
425 1414 554 1452 tabula
570 1413 837 1466 Voluptatem,
867 1411 1131 1465 pulcherrimo
1161 1412 1201 1449 in
1232 1412 1368 1449 vestitu
1393 1421 1430 1449 et
1461 1423 1596 1450 ornatu
1618 1414 1748 1466 regali,

351 1481 390 1519 in
423 1479 516 1518 solio
547 1479 740 1517 sedentem
757 1497 768 1523 5
800 1478 932 1531 praesto
952 1477 1024 1515 effe
1043 1479 1217 1522 virtutes,
1245 1486 1288 1514 ut
1308 1477 1521 1522 ancillulas,
1544 1492 1629 1530 quae
1650 1478 1757 1517 nihil?

350 1546 456 1584 aliud
475 1554 642 1598 agerent,
675 1543 830 1581 nullum
849 1543 961 1581 suum
981 1543 1156 1581 officium
1177 1543 1372 1588 ducerent,
1400 1543 1468 1580 nisi
1491 1553 1533 1581 ut
1561 1544 1758 1597 voluptati-

350 1610 620 1654 ministrarent,
655 1618 694 1647 et
727 1622 811 1646 eam
846 1606 996 1646 tantum
1030 1609 1077 1646 ad
1107 1621 1237 1645 aurern
1264 1608 1528 1653 admonerent,
1567 1610 1610 1661 (si
1632 1611 1750 1648 modo

349 1676 389 1714 id
408 1675 555 1728 pictura
587 1674 754 1727 intelligi
773 1674 910 1728 poffet)
940 1683 984 1712 ut
1003 1684 1162 1719 caveret,
1185 1687 1232 1711 ne
1253 1674 1348 1726 quid
1379 1674 1577 1726 perficeret
1597 1676 1749 1729 impsq-

348 1741 455 1787 dens,
492 1741 596 1794 quod
625 1740 833 1779 offenderet
864 1741 1011 1779 animos
1031 1740 1256 1785 hominum,
1286 1749 1351 1778 aut
1371 1741 1598 1793 quidquam,
1629 1755 1650 1779 e
1671 1755 1749 1794 quo

348 1808 510 1846 oriretur
530 1807 667 1859 aliquis
689 1807 810 1845 dolor.
854 1807 938 1845 Nos
960 1806 1120 1858 quidem
1141 1807 1315 1851 virtutes,
1342 1806 1392 1843 fic
1412 1817 1508 1844 natae
1528 1807 1673 1852 sumus,
1707 1817 1751 1846 ut

348 1874 419 1911 tibi
441 1873 666 1911 serviremus
685 1888 693 1910 ε
716 1873 820 1911 aliud
841 1873 985 1925 negotii
1006 1871 1104 1910 nihil
1124 1872 1325 1910 habemus.

410 1940 542 1977 XXII.
580 1940 634 1977 At
669 1948 780 1991 negat
815 1939 1008 1990 Epicurus
1046 1937 1138 1989 (hoc
1173 1938 1279 1976 enim
1313 1938 1478 1976 vestrum
1509 1939 1642 1976 lumen
1676 1940 1746 1991 est)

348 2018 601 2058 quemquam,
623 2005 691 2056 qui
719 2003 873 2042 honeste
893 2018 970 2042 non
992 2004 1107 2049 vivat,
1134 2005 1307 2056 jucunde
1327 2004 1427 2056 poffe
1453 2005 1590 2042 vivere.
1633 2006 1748 2058 Qafi

347 2085 420 2124 ego
440 2071 480 2109 id
499 2084 647 2115 curem,
670 2070 764 2123 quid
785 2070 850 2107 ille
871 2070 957 2115 aiat,
975 2079 1039 2108 aut
1059 2080 1184 2123 neget.
1208 2069 1311 2108 Illud
1332 2084 1472 2122 quaero,
1495 2071 1589 2122 quid
1609 2072 1657 2115 ei,
1681 2072 1746 2123 qui

347 2137 388 2175 in
417 2137 612 2189 voluptate
641 2135 839 2174 summum
867 2136 1014 2174 bonum
1046 2146 1169 2188 putat,
1200 2136 1496 2173 consentaneum
1530 2137 1575 2174 fit
1608 2137 1746 2174 dicere.

349 2203 458 2255 Qid
473 2202 596 2247 affers,
611 2215 679 2240 cur
696 2200 882 2246 Thorius,
899 2216 968 2240 cur
981 2201 1214 2247 Postumius,
1233 2215 1301 2240 cur
1315 2201 1453 2246 Chius,
1470 2215 1552 2246 cur,
1567 2203 1747 2240 omnium

348 2266 491 2306 horum
511 2267 702 2320 magister,
737 2268 867 2312 Orata,
900 2281 976 2305 non
1002 2267 1277 2319 jucundiffime
1311 2269 1478 2305 vixerit?
1510 2267 1592 2319 Ipse
1620 2277 1746 2318 negat,

350 2344 392 2372 ut
412 2343 498 2372 ante
518 2334 612 2378 dixi,
641 2334 923 2372 luxuriosorum
944 2335 1061 2372 vitam
1084 2333 1448 2386 reprehendendam,
1471 2335 1537 2371 nisi
1559 2334 1668 2385 plane
1689 2332 1747 2370 fa—

349 2401 407 2438 tui
429 2399 513 2445 sint,
535 2400 574 2437 id
595 2400 660 2445 est,
682 2401 749 2438 nisi
770 2410 834 2438 aut
853 2401 1024 2454 cupiant,
1047 2410 1112 2438 aut
1129 2411 1317 2438 metuant.
1351 2402 1526 2451 Qarum
1547 2400 1746 2436 ambarum

349 2479 478 2504 rerum
497 2479 590 2504 cum
619 2466 854 2505 medicinam
875 2467 1092 2520 pollicetur,
1129 2467 1289 2505 luxuriae
1310 2466 1505 2503 licentiam
1529 2465 1744 2517 pollicetur.

350 2532 426 2571 His
447 2532 551 2569 enim
572 2532 685 2570 rebus
704 2532 893 2577 detractis,
916 2542 1027 2585 negat
1042 2532 1076 2570 se
1094 2533 1253 2584 reperire
1273 2533 1312 2569 in
1333 2531 1524 2568 asotorum
1546 2531 1622 2568 vita
1642 2530 1746 2581 quod

349 2597 613 2651 reprehendat.
660 2598 752 2638 Non
787 2598 905 2652 igitur
939 2598 1106 2651 potestis,
1139 2597 1333 2651 voluptate
1365 2598 1495 2635 omnia
1526 2597 1745 2648 dirigentes,
