<?xml version="1.0" encoding="UTF-8"?>
<!DOCTYPE html PUBLIC "-//W3C//DTD XHTML 1.0 Transitional//EN"
    "http://www.w3.org/TR/xhtml1/DTD/xhtml1-transitional.dtd">
<html xmlns="http://www.w3.org/1999/xhtml" xml:lang="en" lang="en">
 <head>
  <title>
</title>
<meta http-equiv="Content-Type" content="text/html;charset=utf-8" />
  <meta name='ocr-system' content='tesseract 3.04.00' />
  <meta name='ocr-capabilities' content='ocr_page ocr_carea ocr_par ocr_line ocrx_word'/>
</head>
<body>
  <div class='ocr_page' id='page_1' title='image "./operacumindicibu02ciceuoft_0339.png"; bbox 0 0 2330 2983; ppageno 0'>
   <div class='ocr_carea' id='block_1_1' title="bbox 668 208 1744 263">
    <p class='ocr_par' dir='ltr' id='par_1_1' title="bbox 668 208 1744 263">
     <span class='ocr_line' id='line_1_1' title="bbox 668 208 1744 263; baseline -0.001 -13"><span class='ocrx_word' id='word_1_1' title='bbox 668 209 943 250; x_wconf 91' lang='lat' dir='ltr'>LIBER</span> <span class='ocrx_word' id='word_1_2' title='bbox 1000 208 1434 261; x_wconf 69' lang='lat' dir='ltr'>QUARTUS.</span> <span class='ocrx_word' id='word_1_3' title='bbox 1674 223 1744 263; x_wconf 79' lang='lat'>331</span> 
     </span>
    </p>
   </div>
   <div class='ocr_carea' id='block_1_2' title="bbox 350 308 1751 2529">
    <p class='ocr_par' dir='ltr' id='par_1_2' title="bbox 351 308 1751 1003">
     <span class='ocr_line' id='line_1_2' title="bbox 355 308 1750 362; baseline -0.001 -13"><span class='ocrx_word' id='word_1_4' title='bbox 355 309 559 349; x_wconf 89' lang='lat' dir='ltr'>indicatur.</span> <span class='ocrx_word' id='word_1_5' title='bbox 582 309 683 361; x_wconf 86' lang='lat' dir='ltr'>Qis</span> <span class='ocrx_word' id='word_1_6' title='bbox 703 310 756 348; x_wconf 88' lang='lat' dir='ltr'>est</span> <span class='ocrx_word' id='word_1_7' title='bbox 774 310 894 354; x_wconf 87' lang='lat' dir='ltr'>enim,</span> <span class='ocrx_word' id='word_1_8' title='bbox 911 309 979 362; x_wconf 91' lang='lat' dir='ltr'>qui</span> <span class='ocrx_word' id='word_1_9' title='bbox 999 317 1122 362; x_wconf 88' lang='lat' dir='ltr'>putet,</span> <span class='ocrx_word' id='word_1_10' title='bbox 1138 322 1230 348; x_wconf 89' lang='lat' dir='ltr'>cum</span> <span class='ocrx_word' id='word_1_11' title='bbox 1251 309 1399 348; x_wconf 86' lang='lat' dir='ltr'>floreret</span> <span class='ocrx_word' id='word_1_12' title='bbox 1417 309 1458 347; x_wconf 91' lang='lat' dir='ltr'>in</span> <span class='ocrx_word' id='word_1_13' title='bbox 1477 308 1585 347; x_wconf 84' lang='lat' dir='ltr'>Italia</span> <span class='ocrx_word' id='word_1_14' title='bbox 1601 309 1750 347; x_wconf 84' lang='lat' dir='ltr'>Graecia</span> 
     </span>
     <span class='ocr_line' id='line_1_3' title="bbox 354 373 1749 428; baseline -0.002 -14"><span class='ocrx_word' id='word_1_15' title='bbox 354 375 620 428; x_wconf 86' lang='lat' dir='ltr'>potentiffimis</span> <span class='ocrx_word' id='word_1_16' title='bbox 654 383 692 412; x_wconf 91' lang='lat' dir='ltr'>et</span> <span class='ocrx_word' id='word_1_17' title='bbox 722 375 902 412; x_wconf 85' lang='lat' dir='ltr'>maximis</span> <span class='ocrx_word' id='word_1_18' title='bbox 933 374 1107 420; x_wconf 83' lang='lat' dir='ltr'><strong>urbibus,</strong></span> <span class='ocrx_word' id='word_1_19' title='bbox 1128 388 1183 420; x_wconf 88' lang='lat' dir='ltr'>ea,</span> <span class='ocrx_word' id='word_1_20' title='bbox 1213 388 1297 427; x_wconf 82' lang='lat' dir='ltr'>quae</span> <span class='ocrx_word' id='word_1_21' title='bbox 1317 375 1464 426; x_wconf 82' lang='lat' dir='ltr'>Magna</span> <span class='ocrx_word' id='word_1_22' title='bbox 1494 374 1592 411; x_wconf 57' lang='lat' dir='ltr'>dieta</span> <span class='ocrx_word' id='word_1_23' title='bbox 1611 373 1676 418; x_wconf 88' lang='lat' dir='ltr'>est,</span> <span class='ocrx_word' id='word_1_24' title='bbox 1709 374 1749 411; x_wconf 85' lang='lat' dir='ltr'>in</span> 
     </span>
     <span class='ocr_line' id='line_1_4' title="bbox 354 438 1749 494; baseline -0.001 -15"><span class='ocrx_word' id='word_1_25' title='bbox 354 440 490 494; x_wconf 88' lang='lat' dir='ltr'>hisque</span> <span class='ocrx_word' id='word_1_26' title='bbox 507 441 681 494; x_wconf 90' lang='lat' dir='ltr'>primum</span> <span class='ocrx_word' id='word_1_27' title='bbox 701 441 815 492; x_wconf 91' lang='lat' dir='ltr'>ipfius</span> <span class='ocrx_word' id='word_1_28' title='bbox 843 438 1080 492; x_wconf 67' lang='lat' dir='ltr'>Pythagorae,</span> <span class='ocrx_word' id='word_1_29' title='bbox 1103 440 1240 477; x_wconf 89' lang='lat' dir='ltr'>deinde</span> <span class='ocrx_word' id='word_1_30' title='bbox 1270 441 1395 492; x_wconf 88' lang='lat' dir='ltr'>postea</span> <span class='ocrx_word' id='word_1_31' title='bbox 1422 439 1749 493; x_wconf 87' lang='lat' dir='ltr'>Pythagoreorum</span> 
     </span>
     <span class='ocr_line' id='line_1_5' title="bbox 354 504 1748 550; baseline -0.001 -5"><span class='ocrx_word' id='word_1_32' title='bbox 354 515 506 545; x_wconf 88' lang='lat' dir='ltr'>tantum</span> <span class='ocrx_word' id='word_1_33' title='bbox 526 519 669 544; x_wconf 90' lang='lat' dir='ltr'>nomen</span> <span class='ocrx_word' id='word_1_34' title='bbox 689 506 775 544; x_wconf 75' lang='lat' dir='ltr'>efl‘et</span> <span class='ocrx_word' id='word_1_35' title='bbox 787 524 800 550; x_wconf 87' lang='lat'>;</span> <span class='ocrx_word' id='word_1_36' title='bbox 826 505 1041 544; x_wconf 91' lang='lat' dir='ltr'>nostrorum</span> <span class='ocrx_word' id='word_1_37' title='bbox 1060 504 1282 548; x_wconf 88' lang='lat' dir='ltr'>hominum,</span> <span class='ocrx_word' id='word_1_38' title='bbox 1304 505 1350 542; x_wconf 86' lang='lat' dir='ltr'>ad</span> <span class='ocrx_word' id='word_1_39' title='bbox 1369 518 1503 543; x_wconf 90' lang='lat' dir='ltr'>eorum</span> <span class='ocrx_word' id='word_1_40' title='bbox 1519 505 1748 544; x_wconf 70' lang='lat' dir='ltr'>doffiffimas</span> 
     </span>
     <span class='ocr_line' id='line_1_6' title="bbox 353 570 1747 623; baseline -0.002 -12"><span class='ocrx_word' id='word_1_41' title='bbox 353 584 479 617; x_wconf 88' lang='lat' dir='ltr'>voces,</span> <span class='ocrx_word' id='word_1_42' title='bbox 500 585 606 610; x_wconf 88' lang='lat' dir='ltr'>aures</span> <span class='ocrx_word' id='word_1_43' title='bbox 625 571 764 609; x_wconf 89' lang='lat' dir='ltr'>clausas</span> <span class='ocrx_word' id='word_1_44' title='bbox 795 571 935 609; x_wconf 77' lang='lat' dir='ltr'>fuisse?</span> <span class='ocrx_word' id='word_1_45' title='bbox 967 571 1194 622; x_wconf 85' lang='lat' dir='ltr'>Qinetiam</span> <span class='ocrx_word' id='word_1_46' title='bbox 1214 570 1386 614; x_wconf 84' lang='lat' dir='ltr'>arbitror,</span> <span class='ocrx_word' id='word_1_47' title='bbox 1418 580 1572 623; x_wconf 89' lang='lat' dir='ltr'>propter</span> <span class='ocrx_word' id='word_1_48' title='bbox 1602 570 1747 622; x_wconf 87' lang='lat' dir='ltr'>Pytha-</span> 
     </span>
     <span class='ocr_line' id='line_1_7' title="bbox 351 635 1750 691; baseline -0.002 -15"><span class='ocrx_word' id='word_1_49' title='bbox 351 651 556 691; x_wconf 89' lang='lat' dir='ltr'>goreorum</span> <span class='ocrx_word' id='word_1_50' title='bbox 575 637 880 682; x_wconf 83' lang='lat' dir='ltr'>admirationem,</span> <span class='ocrx_word' id='word_1_51' title='bbox 903 637 1080 675; x_wconf 85' lang='lat' dir='ltr'>Numam</span> <span class='ocrx_word' id='word_1_52' title='bbox 1100 649 1255 689; x_wconf 88' lang='lat' dir='ltr'>quoque</span> <span class='ocrx_word' id='word_1_53' title='bbox 1276 649 1403 689; x_wconf 84' lang='lat' dir='ltr'>regem</span> <span class='ocrx_word' id='word_1_54' title='bbox 1424 635 1711 688; x_wconf 89' lang='lat' dir='ltr'>Pythagoreum</span> <span class='ocrx_word' id='word_1_55' title='bbox 1730 649 1750 673; x_wconf 90' lang='lat' dir='ltr'>a</span> 
     </span>
     <span class='ocr_line' id='line_1_8' title="bbox 352 701 1750 757; baseline -0.002 -15"><span class='ocrx_word' id='word_1_56' title='bbox 352 703 621 757; x_wconf 89' lang='lat' dir='ltr'>posterioribus</span> <span class='ocrx_word' id='word_1_57' title='bbox 641 702 916 742; x_wconf 86' lang='lat' dir='ltr'>existimatum.</span> <span class='ocrx_word' id='word_1_58' title='bbox 962 703 1068 741; x_wconf 86' lang='lat' dir='ltr'>Nam</span> <span class='ocrx_word' id='word_1_59' title='bbox 1088 716 1180 741; x_wconf 90' lang='lat' dir='ltr'>cum</span> <span class='ocrx_word' id='word_1_60' title='bbox 1202 701 1426 755; x_wconf 65' lang='lat' dir='ltr'>Pythagorae</span> <span class='ocrx_word' id='word_1_61' title='bbox 1450 701 1690 754; x_wconf 88' lang='lat' dir='ltr'>disciplinam</span> <span class='ocrx_word' id='word_1_62' title='bbox 1712 710 1750 740; x_wconf 89' lang='lat' dir='ltr'>et</span> 
     </span>
     <span class='ocr_line' id='line_1_9' title="bbox 353 766 1751 821; baseline -0.002 -14"><span class='ocrx_word' id='word_1_63' title='bbox 353 768 525 807; x_wconf 89' lang='lat' dir='ltr'>instituta</span> <span class='ocrx_word' id='word_1_64' title='bbox 543 768 828 821; x_wconf 87' lang='lat' dir='ltr'>cognoscerent,</span> <span class='ocrx_word' id='word_1_65' title='bbox 859 767 1031 821; x_wconf 89' lang='lat' dir='ltr'>regisque</span> <span class='ocrx_word' id='word_1_66' title='bbox 1064 769 1144 820; x_wconf 85' lang='lat' dir='ltr'>ejus</span> <span class='ocrx_word' id='word_1_67' title='bbox 1175 767 1394 819; x_wconf 82' lang='lat' dir='ltr'>aequitatem</span> <span class='ocrx_word' id='word_1_68' title='bbox 1418 776 1456 805; x_wconf 89' lang='lat' dir='ltr'>et</span> <span class='ocrx_word' id='word_1_69' title='bbox 1475 766 1697 820; x_wconf 85' lang='lat' dir='ltr'>sapientiam</span> <span class='ocrx_word' id='word_1_70' title='bbox 1730 780 1751 804; x_wconf 88' lang='lat' dir='ltr'>a</span> 
     </span>
     <span class='ocr_line' id='line_1_10' title="bbox 354 832 1751 886; baseline -0.001 -14"><span class='ocrx_word' id='word_1_71' title='bbox 354 834 563 886; x_wconf 88' lang='lat' dir='ltr'>majoribus</span> <span class='ocrx_word' id='word_1_72' title='bbox 584 833 658 872; x_wconf 88' lang='lat' dir='ltr'>suis</span> <span class='ocrx_word' id='word_1_73' title='bbox 686 832 925 886; x_wconf 74' lang='lat' dir='ltr'>accepissent,</span> <span class='ocrx_word' id='word_1_74' title='bbox 956 841 1081 871; x_wconf 85' lang='lat' dir='ltr'>aetates</span> <span class='ocrx_word' id='word_1_75' title='bbox 1113 841 1242 871; x_wconf 90' lang='lat' dir='ltr'>autem</span> <span class='ocrx_word' id='word_1_76' title='bbox 1261 841 1299 871; x_wconf 92' lang='lat' dir='ltr'>et</span> <span class='ocrx_word' id='word_1_77' title='bbox 1329 842 1503 885; x_wconf 90' lang='lat' dir='ltr'>tempora</span> <span class='ocrx_word' id='word_1_78' title='bbox 1532 832 1751 884; x_wconf 86' lang='lat' dir='ltr'>ignorarent</span> 
     </span>
     <span class='ocr_line' id='line_1_11' title="bbox 352 897 1750 952; baseline 0 -15"><span class='ocrx_word' id='word_1_79' title='bbox 352 908 509 952; x_wconf 89' lang='lat' dir='ltr'>propter</span> <span class='ocrx_word' id='word_1_80' title='bbox 538 898 760 938; x_wconf 89' lang='lat' dir='ltr'>vetustatem</span> <span class='ocrx_word' id='word_1_81' title='bbox 776 917 789 943; x_wconf 74' lang='lat'>5</span> <span class='ocrx_word' id='word_1_82' title='bbox 833 912 938 944; x_wconf 90' lang='lat' dir='ltr'>eum,</span> <span class='ocrx_word' id='word_1_83' title='bbox 971 899 1040 951; x_wconf 92' lang='lat' dir='ltr'>qui</span> <span class='ocrx_word' id='word_1_84' title='bbox 1070 898 1251 952; x_wconf 58' lang='lat' dir='ltr'>sapientia</span> <span class='ocrx_word' id='word_1_85' title='bbox 1280 898 1496 943; x_wconf 86' lang='lat' dir='ltr'>excelleret,</span> <span class='ocrx_word' id='word_1_86' title='bbox 1525 897 1750 951; x_wconf 84' lang='lat' dir='ltr'>Pythagorae</span> 
     </span>
     <span class='ocr_line' id='line_1_12' title="bbox 352 964 981 1003; baseline 0 -1"><span class='ocrx_word' id='word_1_87' title='bbox 352 965 566 1003; x_wconf 86' lang='lat' dir='ltr'>auditorem</span> <span class='ocrx_word' id='word_1_88' title='bbox 585 964 696 1002; x_wconf 84' lang='lat' dir='ltr'>fuiffe</span> <span class='ocrx_word' id='word_1_89' title='bbox 724 964 981 1003; x_wconf 89' lang='lat' dir='ltr'>crediderunt.</span> 
     </span>
    </p>

    <p class='ocr_par' dir='ltr' id='par_1_3' title="bbox 350 1028 1750 1673">
     <span class='ocr_line' id='line_1_13' title="bbox 407 1028 1748 1082; baseline -0.001 -14"><span class='ocrx_word' id='word_1_90' title='bbox 407 1031 462 1068; x_wconf 91' lang='lat'>11.</span> <span class='ocrx_word' id='word_1_91' title='bbox 485 1031 538 1068; x_wconf 93' lang='lat' dir='ltr'>Et</span> <span class='ocrx_word' id='word_1_92' title='bbox 557 1029 604 1068; x_wconf 91' lang='lat' dir='ltr'>de</span> <span class='ocrx_word' id='word_1_93' title='bbox 624 1030 841 1081; x_wconf 66' lang='lat' dir='ltr'>conjectura</span> <span class='ocrx_word' id='word_1_94' title='bbox 860 1029 1018 1082; x_wconf 90' lang='lat' dir='ltr'>quidem</span> <span class='ocrx_word' id='word_1_95' title='bbox 1039 1028 1235 1069; x_wconf 61' lang='lat' dir='ltr'>haetenus.</span> <span class='ocrx_word' id='word_1_96' title='bbox 1266 1029 1435 1082; x_wconf 85' lang='lat' dir='ltr'>Vestigia</span> <span class='ocrx_word' id='word_1_97' title='bbox 1453 1038 1580 1067; x_wconf 90' lang='lat' dir='ltr'>autem</span> <span class='ocrx_word' id='word_1_98' title='bbox 1601 1028 1748 1080; x_wconf 90' lang='lat' dir='ltr'>Pytha-</span> 
     </span>
     <span class='ocr_line' id='line_1_14' title="bbox 352 1096 1747 1149; baseline 0 -15"><span class='ocrx_word' id='word_1_99' title='bbox 352 1109 559 1149; x_wconf 89' lang='lat' dir='ltr'>goreorum</span> <span class='ocrx_word' id='word_1_100' title='bbox 577 1109 799 1148; x_wconf 90' lang='lat' dir='ltr'>quanquam</span> <span class='ocrx_word' id='word_1_101' title='bbox 819 1096 943 1135; x_wconf 89' lang='lat' dir='ltr'>multa</span> <span class='ocrx_word' id='word_1_102' title='bbox 957 1096 1090 1148; x_wconf 85' lang='lat' dir='ltr'>colligi</span> <span class='ocrx_word' id='word_1_103' title='bbox 1109 1096 1275 1148; x_wconf 75' lang='lat' dir='ltr'>poss‘unt,</span> <span class='ocrx_word' id='word_1_104' title='bbox 1292 1096 1421 1148; x_wconf 91' lang='lat' dir='ltr'>paucis</span> <span class='ocrx_word' id='word_1_105' title='bbox 1435 1104 1564 1134; x_wconf 90' lang='lat' dir='ltr'>tamen</span> <span class='ocrx_word' id='word_1_106' title='bbox 1579 1104 1747 1141; x_wconf 88' lang='lat' dir='ltr'>utemur,</span> 
     </span>
     <span class='ocr_line' id='line_1_15' title="bbox 351 1159 1747 1215; baseline -0.001 -14"><span class='ocrx_word' id='word_1_107' title='bbox 351 1162 535 1214; x_wconf 90' lang='lat' dir='ltr'>quoniam</span> <span class='ocrx_word' id='word_1_108' title='bbox 555 1175 633 1201; x_wconf 92' lang='lat' dir='ltr'>non</span> <span class='ocrx_word' id='word_1_109' title='bbox 653 1162 694 1200; x_wconf 89' lang='lat' dir='ltr'>id</span> <span class='ocrx_word' id='word_1_110' title='bbox 723 1163 848 1215; x_wconf 88' lang='lat' dir='ltr'>agitur</span> <span class='ocrx_word' id='word_1_111' title='bbox 873 1161 950 1201; x_wconf 90' lang='lat' dir='ltr'>hoc</span> <span class='ocrx_word' id='word_1_112' title='bbox 969 1170 1155 1215; x_wconf 90' lang='lat' dir='ltr'>tempore.</span> <span class='ocrx_word' id='word_1_113' title='bbox 1193 1161 1300 1201; x_wconf 91' lang='lat' dir='ltr'>Nam</span> <span class='ocrx_word' id='word_1_114' title='bbox 1320 1159 1412 1200; x_wconf 76' lang='lat' dir='ltr'>curn</span> <span class='ocrx_word' id='word_1_115' title='bbox 1432 1161 1667 1200; x_wconf 88' lang='lat' dir='ltr'>carminibus</span> <span class='ocrx_word' id='word_1_116' title='bbox 1688 1161 1747 1200; x_wconf 93' lang='lat' dir='ltr'>so-</span> 
     </span>
     <span class='ocr_line' id='line_1_16' title="bbox 351 1226 1750 1280; baseline 0 -16"><span class='ocrx_word' id='word_1_117' title='bbox 351 1226 413 1265; x_wconf 91' lang='lat' dir='ltr'>liti</span> <span class='ocrx_word' id='word_1_118' title='bbox 442 1227 503 1266; x_wconf 90' lang='lat' dir='ltr'>illi</span> <span class='ocrx_word' id='word_1_119' title='bbox 531 1227 602 1266; x_wconf 85' lang='lat' dir='ltr'>effe</span> <span class='ocrx_word' id='word_1_120' title='bbox 631 1226 807 1265; x_wconf 91' lang='lat' dir='ltr'>dicantur</span> <span class='ocrx_word' id='word_1_121' title='bbox 831 1236 871 1265; x_wconf 89' lang='lat' dir='ltr'>et</span> <span class='ocrx_word' id='word_1_122' title='bbox 900 1235 1087 1280; x_wconf 87' lang='lat' dir='ltr'>praecepta</span> <span class='ocrx_word' id='word_1_123' title='bbox 1105 1226 1281 1279; x_wconf 82' lang='lat' dir='ltr'>quaedam</span> <span class='ocrx_word' id='word_1_124' title='bbox 1301 1226 1492 1265; x_wconf 86' lang='lat' dir='ltr'>occultius</span> <span class='ocrx_word' id='word_1_125' title='bbox 1524 1227 1681 1272; x_wconf 90' lang='lat' dir='ltr'>tradere,</span> <span class='ocrx_word' id='word_1_126' title='bbox 1711 1235 1750 1265; x_wconf 90' lang='lat' dir='ltr'>et</span> 
     </span>
     <span class='ocr_line' id='line_1_17' title="bbox 351 1291 1748 1345; baseline -0.001 -14"><span class='ocrx_word' id='word_1_127' title='bbox 351 1301 501 1331; x_wconf 86' lang='lat' dir='ltr'>mentes</span> <span class='ocrx_word' id='word_1_128' title='bbox 521 1292 616 1337; x_wconf 87' lang='lat' dir='ltr'>suas,</span> <span class='ocrx_word' id='word_1_129' title='bbox 636 1305 657 1330; x_wconf 91' lang='lat' dir='ltr'>a</span> <span class='ocrx_word' id='word_1_130' title='bbox 674 1292 956 1345; x_wconf 89' lang='lat' dir='ltr'>cogitationum</span> <span class='ocrx_word' id='word_1_131' title='bbox 976 1291 1204 1337; x_wconf 91' lang='lat' dir='ltr'>intentione,</span> <span class='ocrx_word' id='word_1_132' title='bbox 1218 1300 1334 1330; x_wconf 91' lang='lat' dir='ltr'>cantu</span> <span class='ocrx_word' id='word_1_133' title='bbox 1351 1291 1566 1344; x_wconf 89' lang='lat' dir='ltr'>fidibusque</span> <span class='ocrx_word' id='word_1_134' title='bbox 1581 1292 1627 1330; x_wconf 89' lang='lat' dir='ltr'>ad</span> <span class='ocrx_word' id='word_1_135' title='bbox 1643 1301 1748 1330; x_wconf 90' lang='lat' dir='ltr'>tran-</span> 
     </span>
     <span class='ocr_line' id='line_1_18' title="bbox 351 1357 1749 1411; baseline 0.001 -15"><span class='ocrx_word' id='word_1_136' title='bbox 351 1358 590 1411; x_wconf 88' lang='lat' dir='ltr'>quillitatem</span> <span class='ocrx_word' id='word_1_137' title='bbox 619 1358 845 1404; x_wconf 70' lang='lat' dir='ltr'>traducere,</span> <span class='ocrx_word' id='word_1_138' title='bbox 887 1358 1125 1411; x_wconf 88' lang='lat' dir='ltr'>graviffimus</span> <span class='ocrx_word' id='word_1_139' title='bbox 1156 1359 1286 1396; x_wconf 69' lang='lat' dir='ltr'>austor</span> <span class='ocrx_word' id='word_1_140' title='bbox 1316 1358 1356 1396; x_wconf 85' lang='lat' dir='ltr'>in</span> <span class='ocrx_word' id='word_1_141' title='bbox 1389 1357 1619 1410; x_wconf 89' lang='lat' dir='ltr'>Originibus</span> <span class='ocrx_word' id='word_1_142' title='bbox 1650 1357 1749 1397; x_wconf 84' lang='lat' dir='ltr'>dixit</span> 
     </span>
     <span class='ocr_line' id='line_1_19' title="bbox 352 1421 1746 1477; baseline -0.001 -14"><span class='ocrx_word' id='word_1_143' title='bbox 352 1425 466 1469; x_wconf 91' lang='lat' dir='ltr'>Cato,</span> <span class='ocrx_word' id='word_1_144' title='bbox 487 1436 638 1462; x_wconf 89' lang='lat' dir='ltr'>morem</span> <span class='ocrx_word' id='word_1_145' title='bbox 672 1423 773 1477; x_wconf 91' lang='lat' dir='ltr'>apud</span> <span class='ocrx_word' id='word_1_146' title='bbox 803 1424 964 1475; x_wconf 88' lang='lat' dir='ltr'>majores</span> <span class='ocrx_word' id='word_1_147' title='bbox 983 1423 1090 1462; x_wconf 93' lang='lat' dir='ltr'>hunc</span> <span class='ocrx_word' id='word_1_148' title='bbox 1110 1423 1310 1477; x_wconf 89' lang='lat' dir='ltr'>epularum</span> <span class='ocrx_word' id='word_1_149' title='bbox 1329 1421 1453 1468; x_wconf 86' lang='lat' dir='ltr'>fuiffe,</span> <span class='ocrx_word' id='word_1_150' title='bbox 1487 1431 1531 1461; x_wconf 91' lang='lat' dir='ltr'>ut</span> <span class='ocrx_word' id='word_1_151' title='bbox 1551 1423 1746 1476; x_wconf 92' lang='lat' dir='ltr'>deinceps,</span> 
     </span>
     <span class='ocr_line' id='line_1_20' title="bbox 352 1488 1748 1542; baseline -0.001 -14"><span class='ocrx_word' id='word_1_152' title='bbox 352 1489 423 1542; x_wconf 92' lang='lat' dir='ltr'>qui</span> <span class='ocrx_word' id='word_1_153' title='bbox 441 1490 684 1535; x_wconf 87' lang='lat' dir='ltr'>accubarent‚</span> <span class='ocrx_word' id='word_1_154' title='bbox 716 1498 894 1528; x_wconf 91' lang='lat' dir='ltr'>canerent</span> <span class='ocrx_word' id='word_1_155' title='bbox 913 1489 959 1527; x_wconf 91' lang='lat' dir='ltr'>ad</span> <span class='ocrx_word' id='word_1_156' title='bbox 979 1489 1116 1527; x_wconf 88' lang='lat' dir='ltr'>tibiam</span> <span class='ocrx_word' id='word_1_157' title='bbox 1135 1489 1327 1527; x_wconf 87' lang='lat' dir='ltr'>clarorum</span> <span class='ocrx_word' id='word_1_158' title='bbox 1346 1488 1516 1526; x_wconf 92' lang='lat' dir='ltr'>virorum</span> <span class='ocrx_word' id='word_1_159' title='bbox 1537 1488 1666 1526; x_wconf 87' lang='lat' dir='ltr'>laudes</span> <span class='ocrx_word' id='word_1_160' title='bbox 1689 1498 1748 1526; x_wconf 89' lang='lat' dir='ltr'>at-</span> 
     </span>
     <span class='ocr_line' id='line_1_21' title="bbox 350 1552 1748 1608; baseline -0.001 -15"><span class='ocrx_word' id='word_1_161' title='bbox 350 1568 428 1608; x_wconf 92' lang='lat' dir='ltr'>que</span> <span class='ocrx_word' id='word_1_162' title='bbox 448 1556 620 1593; x_wconf 90' lang='lat' dir='ltr'>virtutes.</span> <span class='ocrx_word' id='word_1_163' title='bbox 666 1555 728 1592; x_wconf 88' lang='lat' dir='ltr'>Ex</span> <span class='ocrx_word' id='word_1_164' title='bbox 748 1567 827 1606; x_wconf 92' lang='lat' dir='ltr'>quo</span> <span class='ocrx_word' id='word_1_165' title='bbox 856 1553 1102 1606; x_wconf 88' lang='lat' dir='ltr'>perspicuum</span> <span class='ocrx_word' id='word_1_166' title='bbox 1132 1553 1199 1598; x_wconf 93' lang='lat' dir='ltr'>est,</span> <span class='ocrx_word' id='word_1_167' title='bbox 1229 1563 1268 1592; x_wconf 88' lang='lat' dir='ltr'>et</span> <span class='ocrx_word' id='word_1_168' title='bbox 1293 1562 1426 1592; x_wconf 88' lang='lat' dir='ltr'>cantus</span> <span class='ocrx_word' id='word_1_169' title='bbox 1448 1563 1534 1592; x_wconf 92' lang='lat' dir='ltr'>tum</span> <span class='ocrx_word' id='word_1_170' title='bbox 1553 1552 1663 1592; x_wconf 82' lang='lat' dir='ltr'>fuiss‘e</span> <span class='ocrx_word' id='word_1_171' title='bbox 1687 1566 1748 1592; x_wconf 91' lang='lat' dir='ltr'>re-</span> 
     </span>
     <span class='ocr_line' id='line_1_22' title="bbox 351 1618 1066 1673; baseline -0.003 -14"><span class='ocrx_word' id='word_1_172' title='bbox 351 1620 510 1673; x_wconf 89' lang='lat' dir='ltr'>scriptos</span> <span class='ocrx_word' id='word_1_173' title='bbox 530 1633 672 1659; x_wconf 91' lang='lat' dir='ltr'>vocum</span> <span class='ocrx_word' id='word_1_174' title='bbox 690 1618 805 1664; x_wconf 91' lang='lat' dir='ltr'>sonis,</span> <span class='ocrx_word' id='word_1_175' title='bbox 826 1628 864 1656; x_wconf 93' lang='lat' dir='ltr'>et</span> <span class='ocrx_word' id='word_1_176' title='bbox 883 1619 1066 1657; x_wconf 90' lang='lat' dir='ltr'>carmina.</span> 
     </span>
    </p>

    <p class='ocr_par' dir='ltr' id='par_1_4' title="bbox 351 1684 1750 2529">
     <span class='ocr_line' id='line_1_23' title="bbox 412 1684 1749 1739; baseline 0 -15"><span class='ocrx_word' id='word_1_177' title='bbox 412 1687 648 1739; x_wconf 84' lang='lat' dir='ltr'>Qanquam</span> <span class='ocrx_word' id='word_1_178' title='bbox 667 1686 708 1724; x_wconf 93' lang='lat' dir='ltr'>id</span> <span class='ocrx_word' id='word_1_179' title='bbox 727 1685 887 1738; x_wconf 90' lang='lat' dir='ltr'>quidem</span> <span class='ocrx_word' id='word_1_180' title='bbox 906 1685 1023 1724; x_wconf 89' lang='lat' dir='ltr'>etiam</span> <span class='ocrx_word' id='word_1_181' title='bbox 1044 1699 1070 1724; x_wconf 85' lang='lat' dir='ltr'>x</span> <span class='ocrx_word' id='word_1_182' title='bbox 1082 1698 1095 1724; x_wconf 92' lang='lat'><em>1</em></span> <span class='ocrx_word' id='word_1_183' title='bbox 1108 1699 1121 1723; x_wconf 91' lang='lat'>1</span> <span class='ocrx_word' id='word_1_184' title='bbox 1151 1684 1289 1723; x_wconf 87' lang='lat' dir='ltr'>tabulae</span> <span class='ocrx_word' id='word_1_185' title='bbox 1309 1684 1514 1729; x_wconf 86' lang='lat' dir='ltr'>declarant,</span> <span class='ocrx_word' id='word_1_186' title='bbox 1537 1684 1651 1723; x_wconf 91' lang='lat' dir='ltr'>condi</span> <span class='ocrx_word' id='word_1_187' title='bbox 1665 1685 1749 1737; x_wconf 90' lang='lat' dir='ltr'>jam</span> 
     </span>
     <span class='ocr_line' id='line_1_24' title="bbox 351 1748 1747 1802; baseline -0.001 -12"><span class='ocrx_word' id='word_1_188' title='bbox 351 1760 439 1790; x_wconf 88' lang='lat' dir='ltr'>tum</span> <span class='ocrx_word' id='word_1_189' title='bbox 458 1751 616 1790; x_wconf 90' lang='lat' dir='ltr'>solitum</span> <span class='ocrx_word' id='word_1_190' title='bbox 635 1750 707 1789; x_wconf 85' lang='lat' dir='ltr'>effe</span> <span class='ocrx_word' id='word_1_191' title='bbox 726 1764 878 1789; x_wconf 87' lang='lat' dir='ltr'>carmen</span> <span class='ocrx_word' id='word_1_192' title='bbox 894 1768 906 1795; x_wconf 86' lang='lat'>;</span> <span class='ocrx_word' id='word_1_193' title='bbox 939 1750 1044 1802; x_wconf 93' lang='lat' dir='ltr'>quod</span> <span class='ocrx_word' id='word_1_194' title='bbox 1063 1763 1111 1787; x_wconf 91' lang='lat' dir='ltr'>ne</span> <span class='ocrx_word' id='word_1_195' title='bbox 1131 1750 1262 1788; x_wconf 89' lang='lat' dir='ltr'>liceret</span> <span class='ocrx_word' id='word_1_196' title='bbox 1281 1748 1363 1787; x_wconf 85' lang='lat' dir='ltr'>fieri</span> <span class='ocrx_word' id='word_1_197' title='bbox 1393 1749 1439 1787; x_wconf 90' lang='lat' dir='ltr'>ad</span> <span class='ocrx_word' id='word_1_198' title='bbox 1469 1749 1622 1788; x_wconf 89' lang='lat' dir='ltr'>alterius</span> <span class='ocrx_word' id='word_1_199' title='bbox 1642 1750 1747 1802; x_wconf 89' lang='lat' dir='ltr'>inju-</span> 
     </span>
     <span class='ocr_line' id='line_1_25' title="bbox 352 1814 1749 1869; baseline -0.001 -15"><span class='ocrx_word' id='word_1_200' title='bbox 352 1817 463 1861; x_wconf 90' lang='lat' dir='ltr'>riam,</span> <span class='ocrx_word' id='word_1_201' title='bbox 485 1817 568 1869; x_wconf 87' lang='lat' dir='ltr'>lege</span> <span class='ocrx_word' id='word_1_202' title='bbox 590 1817 806 1855; x_wconf 82' lang='lat' dir='ltr'>sanxerunt.</span> <span class='ocrx_word' id='word_1_203' title='bbox 838 1816 925 1854; x_wconf 90' lang='lat' dir='ltr'>Nec</span> <span class='ocrx_word' id='word_1_204' title='bbox 945 1828 1033 1853; x_wconf 88' lang='lat' dir='ltr'>vero</span> <span class='ocrx_word' id='word_1_205' title='bbox 1052 1814 1150 1853; x_wconf 90' lang='lat' dir='ltr'>illud</span> <span class='ocrx_word' id='word_1_206' title='bbox 1171 1828 1249 1853; x_wconf 91' lang='lat' dir='ltr'>non</span> <span class='ocrx_word' id='word_1_207' title='bbox 1269 1814 1507 1852; x_wconf 90' lang='lat' dir='ltr'>eruditorum</span> <span class='ocrx_word' id='word_1_208' title='bbox 1526 1823 1749 1868; x_wconf 89' lang='lat' dir='ltr'>temporum</span> 
     </span>
     <span class='ocr_line' id='line_1_26' title="bbox 352 1880 1747 1934; baseline -0.001 -14"><span class='ocrx_word' id='word_1_209' title='bbox 352 1892 625 1934; x_wconf 89' lang='lat' dir='ltr'>argumentum</span> <span class='ocrx_word' id='word_1_210' title='bbox 644 1882 710 1926; x_wconf 90' lang='lat' dir='ltr'>est,</span> <span class='ocrx_word' id='word_1_211' title='bbox 732 1882 838 1934; x_wconf 78' lang='lat' dir='ltr'>quod</span> <span class='ocrx_word' id='word_1_212' title='bbox 858 1891 895 1919; x_wconf 92' lang='lat' dir='ltr'>et</span> <span class='ocrx_word' id='word_1_213' title='bbox 912 1882 1086 1920; x_wconf 89' lang='lat' dir='ltr'>Deorum</span> <span class='ocrx_word' id='word_1_214' title='bbox 1106 1881 1384 1934; x_wconf 88' lang='lat' dir='ltr'>pulvinaribus,</span> <span class='ocrx_word' id='word_1_215' title='bbox 1405 1889 1444 1918; x_wconf 92' lang='lat' dir='ltr'>et</span> <span class='ocrx_word' id='word_1_216' title='bbox 1460 1880 1584 1934; x_wconf 90' lang='lat' dir='ltr'>epulis</span> <span class='ocrx_word' id='word_1_217' title='bbox 1605 1881 1747 1934; x_wconf 88' lang='lat' dir='ltr'>magis-</span> 
     </span>
     <span class='ocr_line' id='line_1_27' title="bbox 353 1945 1747 2001; baseline 0 -15"><span class='ocrx_word' id='word_1_218' title='bbox 353 1958 524 1987; x_wconf 85' lang='lat' dir='ltr'>tratuum</span> <span class='ocrx_word' id='word_1_219' title='bbox 544 1949 636 1987; x_wconf 89' lang='lat' dir='ltr'>fides</span> <span class='ocrx_word' id='word_1_220' title='bbox 656 1949 897 2001; x_wconf 86' lang='lat' dir='ltr'>praecinunt;</span> <span class='ocrx_word' id='word_1_221' title='bbox 930 1947 1034 2000; x_wconf 91' lang='lat' dir='ltr'>quod</span> <span class='ocrx_word' id='word_1_222' title='bbox 1054 1948 1255 2000; x_wconf 88' lang='lat' dir='ltr'>proprium</span> <span class='ocrx_word' id='word_1_223' title='bbox 1280 1948 1360 1999; x_wconf 88' lang='lat' dir='ltr'>ejus</span> <span class='ocrx_word' id='word_1_224' title='bbox 1381 1945 1471 1992; x_wconf 90' lang='lat' dir='ltr'>fuit,</span> <span class='ocrx_word' id='word_1_225' title='bbox 1506 1946 1552 1984; x_wconf 93' lang='lat' dir='ltr'>de</span> <span class='ocrx_word' id='word_1_226' title='bbox 1582 1961 1657 2000; x_wconf 87' lang='lat' dir='ltr'>qua</span> <span class='ocrx_word' id='word_1_227' title='bbox 1686 1947 1747 1986; x_wconf 88' lang='lat' dir='ltr'>lo-</span> 
     </span>
     <span class='ocr_line' id='line_1_28' title="bbox 352 2012 1750 2067; baseline -0.001 -15"><span class='ocrx_word' id='word_1_228' title='bbox 352 2027 463 2066; x_wconf 91' lang='lat' dir='ltr'>quor,</span> <span class='ocrx_word' id='word_1_229' title='bbox 485 2014 708 2067; x_wconf 85' lang='lat' dir='ltr'>disciplinae.</span> <span class='ocrx_word' id='word_1_230' title='bbox 741 2012 850 2052; x_wconf 88' lang='lat' dir='ltr'>Mihi</span> <span class='ocrx_word' id='word_1_231' title='bbox 870 2013 1028 2066; x_wconf 90' lang='lat' dir='ltr'>quidem</span> <span class='ocrx_word' id='word_1_232' title='bbox 1048 2013 1165 2051; x_wconf 89' lang='lat' dir='ltr'>etiam</span> <span class='ocrx_word' id='word_1_233' title='bbox 1185 2012 1306 2066; x_wconf 89' lang='lat' dir='ltr'>Appii</span> <span class='ocrx_word' id='word_1_234' title='bbox 1328 2013 1431 2051; x_wconf 88' lang='lat' dir='ltr'>Caeci</span> <span class='ocrx_word' id='word_1_235' title='bbox 1449 2025 1616 2058; x_wconf 89' lang='lat' dir='ltr'>carmen,</span> <span class='ocrx_word' id='word_1_236' title='bbox 1644 2013 1750 2066; x_wconf 92' lang='lat' dir='ltr'>quod</span> 
     </span>
     <span class='ocr_line' id='line_1_29' title="bbox 352 2078 1749 2132; baseline -0.001 -14"><span class='ocrx_word' id='word_1_237' title='bbox 352 2079 460 2118; x_wconf 86' lang='lat' dir='ltr'>valde</span> <span class='ocrx_word' id='word_1_238' title='bbox 480 2080 669 2119; x_wconf 83' lang='lat' dir='ltr'>Panaetius</span> <span class='ocrx_word' id='word_1_239' title='bbox 700 2078 827 2117; x_wconf 85' lang='lat' dir='ltr'>laudat</span> <span class='ocrx_word' id='word_1_240' title='bbox 857 2078 1014 2132; x_wconf 88' lang='lat' dir='ltr'>epistola</span> <span class='ocrx_word' id='word_1_241' title='bbox 1032 2079 1212 2131; x_wconf 90' lang='lat' dir='ltr'>quadam,</span> <span class='ocrx_word' id='word_1_242' title='bbox 1241 2091 1326 2130; x_wconf 86' lang='lat' dir='ltr'>quae</span> <span class='ocrx_word' id='word_1_243' title='bbox 1353 2078 1405 2116; x_wconf 87' lang='lat' dir='ltr'>est</span> <span class='ocrx_word' id='word_1_244' title='bbox 1424 2078 1470 2115; x_wconf 91' lang='lat' dir='ltr'>ad</span> <span class='ocrx_word' id='word_1_245' title='bbox 1490 2078 1749 2130; x_wconf 75' lang='lat' dir='ltr'>QTubero-</span> 
     </span>
     <span class='ocr_line' id='line_1_30' title="bbox 353 2143 1748 2197; baseline -0.001 -13"><span class='ocrx_word' id='word_1_246' title='bbox 353 2157 460 2190; x_wconf 90' lang='lat' dir='ltr'>nem,</span> <span class='ocrx_word' id='word_1_247' title='bbox 475 2143 803 2197; x_wconf 89' lang='lat' dir='ltr'>Pythagoreorum</span> <span class='ocrx_word' id='word_1_248' title='bbox 815 2144 978 2182; x_wconf 85' lang='lat' dir='ltr'>videtur.</span> <span class='ocrx_word' id='word_1_249' title='bbox 1001 2145 1133 2182; x_wconf 87' lang='lat' dir='ltr'>Multa</span> <span class='ocrx_word' id='word_1_250' title='bbox 1147 2144 1263 2182; x_wconf 88' lang='lat' dir='ltr'>etiam</span> <span class='ocrx_word' id='word_1_251' title='bbox 1279 2143 1366 2182; x_wconf 89' lang='lat' dir='ltr'>sunt</span> <span class='ocrx_word' id='word_1_252' title='bbox 1385 2143 1425 2182; x_wconf 90' lang='lat' dir='ltr'>in</span> <span class='ocrx_word' id='word_1_253' title='bbox 1443 2143 1576 2182; x_wconf 90' lang='lat' dir='ltr'>nostris</span> <span class='ocrx_word' id='word_1_254' title='bbox 1593 2143 1748 2183; x_wconf 90' lang='lat' dir='ltr'>institu-</span> 
     </span>
     <span class='ocr_line' id='line_1_31' title="bbox 352 2209 1747 2264; baseline -0.001 -14"><span class='ocrx_word' id='word_1_255' title='bbox 352 2212 402 2250; x_wconf 83' lang='lat' dir='ltr'>tis</span> <span class='ocrx_word' id='word_1_256' title='bbox 422 2211 535 2250; x_wconf 59' lang='lat' dir='ltr'>dueta</span> <span class='ocrx_word' id='word_1_257' title='bbox 553 2211 600 2249; x_wconf 92' lang='lat' dir='ltr'>ab</span> <span class='ocrx_word' id='word_1_258' title='bbox 619 2210 696 2249; x_wconf 90' lang='lat' dir='ltr'>illis</span> <span class='ocrx_word' id='word_1_259' title='bbox 712 2229 724 2255; x_wconf 66' lang='grc' dir='ltr'>ς</span> <span class='ocrx_word' id='word_1_260' title='bbox 756 2224 840 2263; x_wconf 83' lang='lat' dir='ltr'>quae</span> <span class='ocrx_word' id='word_1_261' title='bbox 860 2220 1053 2263; x_wconf 84' lang='lat' dir='ltr'>praetereo,</span> <span class='ocrx_word' id='word_1_262' title='bbox 1086 2224 1133 2249; x_wconf 86' lang='lat' dir='ltr'>ne</span> <span class='ocrx_word' id='word_1_263' title='bbox 1152 2224 1207 2256; x_wconf 88' lang='lat' dir='ltr'>ea,</span> <span class='ocrx_word' id='word_1_264' title='bbox 1238 2224 1324 2264; x_wconf 82' lang='lat' dir='ltr'>quae</span> <span class='ocrx_word' id='word_1_265' title='bbox 1344 2209 1523 2264; x_wconf 83' lang='lat' dir='ltr'>peperiffe</span> <span class='ocrx_word' id='word_1_266' title='bbox 1542 2209 1612 2262; x_wconf 88' lang='lat' dir='ltr'>ipfi</span> <span class='ocrx_word' id='word_1_267' title='bbox 1633 2220 1747 2263; x_wconf 87' lang='lat' dir='ltr'>puta-</span> 
     </span>
     <span class='ocr_line' id='line_1_32' title="bbox 354 2275 1749 2329; baseline -0.001 -15"><span class='ocrx_word' id='word_1_268' title='bbox 354 2290 456 2322; x_wconf 90' lang='lat' dir='ltr'>mur,</span> <span class='ocrx_word' id='word_1_269' title='bbox 477 2276 631 2314; x_wconf 86' lang='lat' dir='ltr'>aliunde</span> <span class='ocrx_word' id='word_1_270' title='bbox 661 2275 830 2314; x_wconf 84' lang='lat' dir='ltr'>didiciffe</span> <span class='ocrx_word' id='word_1_271' title='bbox 850 2276 1060 2315; x_wconf 89' lang='lat' dir='ltr'>videamur.</span> <span class='ocrx_word' id='word_1_272' title='bbox 1108 2276 1191 2322; x_wconf 88' lang='lat' dir='ltr'>Sed,</span> <span class='ocrx_word' id='word_1_273' title='bbox 1227 2285 1271 2314; x_wconf 91' lang='lat' dir='ltr'>ut</span> <span class='ocrx_word' id='word_1_274' title='bbox 1290 2275 1336 2314; x_wconf 89' lang='lat' dir='ltr'>ad</span> <span class='ocrx_word' id='word_1_275' title='bbox 1365 2275 1604 2329; x_wconf 77' lang='lat' dir='ltr'>propositum</span> <span class='ocrx_word' id='word_1_276' title='bbox 1624 2276 1749 2314; x_wconf 86' lang='lat' dir='ltr'>redeat</span> 
     </span>
     <span class='ocr_line' id='line_1_33' title="bbox 353 2341 1749 2396; baseline -0.002 -14"><span class='ocrx_word' id='word_1_277' title='bbox 353 2343 488 2387; x_wconf 88' lang='lat' dir='ltr'>oratio,</span> <span class='ocrx_word' id='word_1_278' title='bbox 519 2355 638 2394; x_wconf 91' lang='lat' dir='ltr'>quam</span> <span class='ocrx_word' id='word_1_279' title='bbox 658 2342 763 2380; x_wconf 90' lang='lat' dir='ltr'>brevi</span> <span class='ocrx_word' id='word_1_280' title='bbox 783 2352 968 2396; x_wconf 88' lang='lat' dir='ltr'>tempore,</span> <span class='ocrx_word' id='word_1_281' title='bbox 999 2352 1095 2396; x_wconf 91' lang='lat' dir='ltr'>quot</span> <span class='ocrx_word' id='word_1_282' title='bbox 1123 2352 1162 2381; x_wconf 90' lang='lat' dir='ltr'>et</span> <span class='ocrx_word' id='word_1_283' title='bbox 1191 2344 1326 2396; x_wconf 91' lang='lat' dir='ltr'>quanti</span> <span class='ocrx_word' id='word_1_284' title='bbox 1355 2352 1490 2395; x_wconf 72' lang='lat' dir='ltr'>poetae,</span> <span class='ocrx_word' id='word_1_285' title='bbox 1521 2341 1589 2394; x_wconf 91' lang='lat' dir='ltr'>qui</span> <span class='ocrx_word' id='word_1_286' title='bbox 1619 2350 1749 2380; x_wconf 90' lang='lat' dir='ltr'>autem</span> 
     </span>
     <span class='ocr_line' id='line_1_34' title="bbox 354 2407 1749 2462; baseline -0.002 -14"><span class='ocrx_word' id='word_1_287' title='bbox 354 2418 518 2448; x_wconf 88' lang='lat' dir='ltr'>oratores</span> <span class='ocrx_word' id='word_1_288' title='bbox 537 2409 777 2447; x_wconf 85' lang='lat' dir='ltr'>extiterunt?</span> <span class='ocrx_word' id='word_1_289' title='bbox 809 2409 938 2447; x_wconf 90' lang='lat' dir='ltr'>Facile</span> <span class='ocrx_word' id='word_1_290' title='bbox 967 2418 1011 2447; x_wconf 88' lang='lat' dir='ltr'>ut</span> <span class='ocrx_word' id='word_1_291' title='bbox 1030 2418 1217 2462; x_wconf 88' lang='lat' dir='ltr'>appareat,</span> <span class='ocrx_word' id='word_1_292' title='bbox 1245 2409 1389 2448; x_wconf 89' lang='lat' dir='ltr'>nostros</span> <span class='ocrx_word' id='word_1_293' title='bbox 1419 2408 1549 2446; x_wconf 90' lang='lat' dir='ltr'>omnia</span> <span class='ocrx_word' id='word_1_294' title='bbox 1568 2407 1749 2460; x_wconf 89' lang='lat' dir='ltr'>consequi</span> 
     </span>
     <span class='ocr_line' id='line_1_35' title="bbox 354 2473 1749 2529; baseline -0.001 -15"><span class='ocrx_word' id='word_1_295' title='bbox 354 2473 529 2528; x_wconf 85' lang='lat' dir='ltr'>potuiffe,</span> <span class='ocrx_word' id='word_1_296' title='bbox 551 2474 663 2513; x_wconf 90' lang='lat' dir='ltr'>fimul</span> <span class='ocrx_word' id='word_1_297' title='bbox 683 2483 727 2513; x_wconf 89' lang='lat' dir='ltr'>ut</span> <span class='ocrx_word' id='word_1_298' title='bbox 745 2476 842 2514; x_wconf 90' lang='lat' dir='ltr'>velle</span> <span class='ocrx_word' id='word_1_299' title='bbox 862 2475 1072 2529; x_wconf 82' lang='lat' dir='ltr'>coepiffent.</span> <span class='ocrx_word' id='word_1_300' title='bbox 1105 2477 1176 2515; x_wconf 91' lang='lat' dir='ltr'>Sed</span> <span class='ocrx_word' id='word_1_301' title='bbox 1193 2476 1238 2514; x_wconf 92' lang='lat' dir='ltr'>de</span> <span class='ocrx_word' id='word_1_302' title='bbox 1257 2475 1400 2514; x_wconf 86' lang='lat' dir='ltr'>caeteris</span> <span class='ocrx_word' id='word_1_303' title='bbox 1420 2474 1552 2513; x_wconf 90' lang='lat' dir='ltr'>studiis</span> <span class='ocrx_word' id='word_1_304' title='bbox 1569 2473 1643 2513; x_wconf 88' lang='lat' dir='ltr'>alio</span> <span class='ocrx_word' id='word_1_305' title='bbox 1661 2474 1749 2513; x_wconf 91' lang='lat' dir='ltr'>loco</span> 
     </span>
    </p>
   </div>
   <div class='ocr_carea' id='block_1_3' title="bbox 354 2540 1448 2645">
    <p class='ocr_par' dir='ltr' id='par_1_5' title="bbox 354 2540 1448 2645">
     <span class='ocr_line' id='line_1_36' title="bbox 354 2540 1291 2596; baseline 0 -16"><span class='ocrx_word' id='word_1_306' title='bbox 354 2550 394 2581; x_wconf 89' lang='lat' dir='ltr'>et</span> <span class='ocrx_word' id='word_1_307' title='bbox 413 2541 601 2587; x_wconf 86' lang='lat' dir='ltr'>dicemus,</span> <span class='ocrx_word' id='word_1_308' title='bbox 623 2540 649 2580; x_wconf 88' lang='lat' dir='ltr'>fi</span> <span class='ocrx_word' id='word_1_309' title='bbox 670 2541 756 2582; x_wconf 82' lang='lat' dir='ltr'>usus</span> <span class='ocrx_word' id='word_1_310' title='bbox 774 2541 907 2588; x_wconf 86' lang='lat' dir='ltr'>fuerit,</span> <span class='ocrx_word' id='word_1_311' title='bbox 936 2551 974 2581; x_wconf 89' lang='lat' dir='ltr'>et</span> <span class='ocrx_word' id='word_1_312' title='bbox 994 2542 1087 2596; x_wconf 85' lang='lat' dir='ltr'>saepe</span> <span class='ocrx_word' id='word_1_313' title='bbox 1106 2541 1291 2581; x_wconf 86' lang='lat' dir='ltr'>diximus.</span> 
     </span>
     <span class='ocr_line' id='line_1_37' title="bbox 1321 2607 1448 2645; baseline 0 0"><span class='ocrx_word' id='word_1_314' title='bbox 1321 2607 1359 2645; x_wconf 95' lang='lat' dir='ltr'>T</span> <span class='ocrx_word' id='word_1_315' title='bbox 1387 2615 1402 2645; x_wconf 90' lang='lat' dir='ltr'>t</span> <span class='ocrx_word' id='word_1_316' title='bbox 1428 2618 1448 2645; x_wconf 88' lang='lat'>2</span> 
     </span>
    </p>
   </div>
  </div>
 </body>
</html>
