2330 2983
663 307 938 345 LIBER
995 307 1417 348 TERTIUS.
1649 325 1724 366 305

330 405 426 444 fore.
478 406 760 458 Qamobrem,
775 407 978 458 'quoniam
997 407 1200 458 coepimus,
1232 408 1423 446 tradamus
1445 421 1512 446 nos
1532 409 1567 447 ei
1586 423 1723 449 curan-

331 470 398 509 dos
417 485 426 508 ε
448 470 676 514 sanabimur,
699 469 725 507 fi
746 470 930 508 volemus.
962 471 1015 507 Et
1033 471 1249 522 progrediar
1268 473 1427 523 quidem
1448 473 1623 526 longius:
1647 490 1724 514 non

330 535 435 573 enirn
455 534 502 572 de
521 534 745 586 aegritudine
771 534 908 578 solum,
939 547 1161 586 quanquam
1193 535 1232 572 id
1262 536 1420 587 quidem
1448 538 1634 588 primum,
1665 541 1725 579 sed

331 599 377 637 de
397 600 506 637 omni
537 599 670 643 animi,
697 608 742 636 ut
771 612 841 651 ego
870 599 994 651 posui,
1024 600 1306 651 perturbatione
1329 601 1499 652 (morbo,
1535 613 1578 641 ut
1599 605 1725 643 Graeci

329 662 484 715 volunt)
507 664 720 716 explicabo.
744 665 797 702 Et
816 664 957 717 pslmo,
979 664 1005 702 s1
1026 664 1164 716 placet,
1187 666 1404 704 Stoicorum
1425 680 1531 705 more
1552 682 1723 721 agamus,

333 730 401 781 qui
421 730 583 768 breviter
602 729 802 783 astringere
828 729 948 769 solent
968 740 1190 783 argumenta
1201 749 1213 777 5
1245 731 1380 770 deinde
1406 732 1532 772 nostro
1552 734 1726 774 instituto

330 794 569 847 vagabimur.

392 861 485 898 VII.
518 860 600 912 Qi
619 859 728 899 fortis
749 860 815 905 est,
837 860 941 899 idem
960 860 1013 899 est
1032 861 1174 900 fidens:
1207 863 1390 915 quoniam
1411 863 1605 903 confidens
1626 867 1726 904 mala

333 924 608 962 consuetudine
628 924 812 977 loquendi
839 925 880 963 in
911 925 1005 964 vitio
1027 927 1199 978 ponitur,
1229 927 1389 966 ductum
1409 929 1570 967 verbum
1591 943 1611 967 a
1630 943 1725 968 con-

331 989 498 1034 fidendo,
532 989 637 1041 quod
655 990 779 1028 laudis
799 990 865 1028 est.
908 990 989 1040 Qi
1009 1001 1138 1029 autem
1157 992 1210 1029 est
1229 991 1366 1046 fidens,
1395 993 1426 1031 is
1454 993 1624 1046 profedw
1649 1008 1727 1034 non

334 1054 573 1099 extimescit3
605 1055 788 1108 discrepat
807 1055 913 1094 enim
932 1068 953 1093 a
972 1056 1145 1095 timendo
1164 1057 1366 1095 confidere.
1398 1059 1530 1110 Atque
1549 1060 1590 1097 in
1610 1074 1728 1112 quem

333 1120 435 1159 cadit
453 1120 652 1173 aegritudo,
666 1122 707 1159 in
726 1120 892 1159 eundem
912 1121 1042 1160 timor.
1065 1122 1243 1173 Qarum
1262 1123 1367 1160 enim
1386 1136 1513 1162 rerum
1533 1125 1729 1177 praesentia

333 1185 464 1225 sumus
484 1187 525 1225 in
545 1186 784 1239 aegritudine,
805 1186 954 1226 easdem
973 1187 1238 1240 impendentes
1258 1196 1296 1226 et
1314 1189 1507 1227 venientes
1527 1190 1726 1230 timemus.

335 1252 393 1290 Ita
411 1251 469 1296 fit,
502 1259 546 1290 ut
564 1250 787 1290 fortitudini
816 1252 1000 1305 aegritudo
1030 1261 1229 1305 repugnet.
1274 1253 1491 1292 Verisimile
1516 1255 1569 1293 est
1597 1256 1728 1308 igitur,

334 1317 376 1355 in
396 1330 515 1370 quem
534 1317 643 1356 cadat
657 1317 856 1370 aegritudo,
877 1317 1008 1356 cadere
1022 1317 1063 1356 in
1082 1318 1248 1357 eundem
1264 1317 1458 1364 timorem,
1475 1328 1513 1358 et
1532 1319 1730 1360 infractio-

337 1395 429 1421 nem
448 1382 642 1434 quandam
660 1383 794 1428 animi,
815 1392 852 1421 et
871 1382 1150 1422 demiffionem.
1183 1384 1280 1436 Qae
1300 1384 1340 1421 in
1368 1397 1486 1436 quem
1512 1386 1668 1430 cadunt,
1689 1386 1731 1424 in

337 1448 504 1486 eundem
534 1447 637 1486 cadit
667 1457 710 1486 ut
729 1447 876 1493 serviat,
907 1457 950 1486 ut
979 1448 1125 1487 vietum
1151 1448 1186 1487 se
1212 1449 1444 1501 quandoque
1463 1449 1534 1488 effe
1554 1449 1728 1490 fateatur.

338 1514 437 1566 Qae
459 1514 527 1566 qui
548 1513 697 1566 recipit,
725 1513 881 1565 recipiat
899 1513 1003 1551 idem
1023 1512 1166 1551 necesse
1191 1513 1243 1550 est
1274 1513 1522 1552 timiditatem
1552 1523 1589 1553 et
1620 1515 1730 1568 igna-

337 1579 455 1618 viam.
487 1579 582 1617 Non
600 1578 742 1616 cadunt
760 1587 892 1616 autem
908 1576 989 1615 haec
1008 1577 1049 1615 in
1067 1577 1195 1616 virum
1216 1577 1355 1616 fortem
1371 1596 1383 1623 3
1414 1579 1533 1631 igitur
1553 1593 1599 1618 ne
1620 1581 1731 1634 aegri-

338 1645 434 1683 tudo
453 1644 626 1697 quidem.
685 1644 740 1682 At
759 1657 876 1683 nemo
894 1643 1053 1697 sapiens,
1083 1643 1152 1681 nifi
1172 1642 1295 1684 fortIS.
1333 1643 1427 1683 Non
1447 1645 1555 1685 cadet
1574 1660 1665 1701 ergo
1691 1648 1731 1686 in

338 1711 546 1764 sapientem
566 1710 763 1764 aegritudo.

393 1777 575 1815 Praeterea
592 1775 734 1815 necesse
759 1775 826 1821 est,
858 1777 927 1829 qui
947 1775 1056 1815 fortis
1074 1775 1134 1820 fit,
1155 1776 1320 1815 eundem
1339 1775 1410 1814 esse
1431 1777 1561 1829 magni
1581 1779 1699 1815 animi
1716 1797 1728 1823 ς

338 1842 407 1894 qui
428 1842 559 1894 magni
579 1842 698 1880 animi
719 1841 776 1886 fit,
807 1842 1020 1886 invi&um;
1052 1842 1119 1893 qui
1139 1841 1303 1879 invictus
1324 1842 1382 1887 s1t,
1403 1855 1492 1880 eum
1517 1855 1572 1880 res
1591 1842 1732 1881 huma-

340 1920 405 1945 nas
425 1907 625 1959 despicere,
661 1916 774 1958 atque
794 1905 894 1945 infra
924 1908 958 1945 se
977 1905 1111 1960 posltas
1146 1904 1331 1945 arbitrari.
1374 1907 1577 1960 Despicere
1605 1917 1733 1947 autem

341 1985 457 2010 nemo
487 1972 610 2025 potest
642 1986 701 2011 eas
733 1986 804 2018 res,
835 1982 987 2026 propter
1007 1985 1098 2025 quas
1120 1972 1344 2024 aegritudine
1373 1973 1474 2011 affici
1496 1973 1629 2026 potest.
1671 1975 1732 2013 Ex

339 2051 418 2090 quo
444 2038 622 2083 efficitur,
653 2037 794 2077 fortem
815 2040 940 2077 virum
959 2038 1183 2092 aegritudine
1204 2051 1404 2091 nunquam
1425 2039 1538 2078 affici.
1583 2040 1732 2079 Omnes

339 2113 466 2142 autem
489 2105 685 2157 sapientes,
708 2103 838 2143 fortes.
872 2106 965 2144 Non
985 2105 1088 2144 cadit
1107 2105 1225 2157 igitur
1244 2105 1284 2142 in
1303 2105 1510 2158 sapientem
1531 2105 1729 2158 aegritudo.

341 2170 395 2208 Et
414 2170 745 2222 quemadmodum
776 2171 911 2208 oculus
931 2170 1180 2209 conturbatus
1201 2183 1278 2208 non
1298 2170 1350 2208 est
1376 2171 1493 2223 probe
1513 2171 1666 2210 affectus
1687 2172 1732 2211 ad

318 2234 451 2273 'suum
471 2248 612 2273 munus
633 2234 903 2287 fungendum,
945 2245 983 2273 et
1016 2235 1171 2287 reliquae
1201 2245 1336 2288 partes,
1368 2244 1543 2274 totumve
1572 2250 1726 2289 corpus,

343 2299 439 2337 statu
458 2312 550 2337 cum
571 2299 622 2337 est
643 2310 810 2345 motum,
833 2300 932 2338 deest
951 2301 1081 2339 officio
1100 2300 1166 2339 suo
1181 2310 1217 2338 et
1243 2301 1417 2347 munem
1449 2302 1498 2340 fic
1524 2302 1731 2340 conturba-

345 2375 406 2402 tus
427 2365 576 2402 animus
598 2378 673 2403 non
693 2365 746 2403 est
770 2375 878 2419 aptus
905 2366 949 2403 ad
970 2367 1238 2419 exequendum
1264 2380 1405 2405 munus
1425 2367 1549 2405 suurn.
1581 2367 1731 2405 Munus

344 2440 471 2468 autem
493 2430 613 2468 animi
632 2431 697 2475 est,
714 2432 858 2470 ratione
878 2433 973 2470 bene
989 2433 1070 2477 uti;
1102 2442 1139 2470 et
1154 2433 1330 2486 sapientis
1350 2433 1500 2470 animus
1520 2433 1573 2470 ita
1587 2431 1733 2484 semper

346 2494 501 2534 affectus
521 2495 586 2540 est,
611 2505 652 2533 ut
682 2497 825 2535 ratione
845 2499 990 2550 optime
1011 2508 1150 2536 utatur.
1196 2499 1411 2550 Nunquam
1432 2497 1550 2549 igitur
1571 2497 1624 2535 est
1643 2511 1731 2550 per-

348 2561 533 2598 turbatus.
580 2563 633 2599 At
654 2563 850 2615 aegritudo,
880 2563 1115 2617 perturbatio
1135 2563 1186 2602 est
1205 2564 1337 2602 animi.
1381 2564 1534 2615 Semper
1553 2563 1671 2616 igitur
1692 2563 1735 2601 ca

347 2626 491 2679 sapiens
513 2627 673 2666 vacabit.

447 2693 591 2733 ToM.
625 2694 677 2734 ΙΙ.
1348 2695 1436 2748 Qq
