2330 2983
593 242 645 296 ῃ
907 242 976 282 M.
1033 229 1672 281 T.cicERoN'is

592 334 679 374 ess‘et
690 353 702 382 ς
725 341 762 374 et
781 333 951 388 sequitur
967 335 1095 373 omnis
1113 334 1201 372 vitae
1220 347 1275 379 ea,
1288 347 1406 387 quam
1425 343 1483 379 tu,
1504 332 1684 378 Luculle,
1704 344 1993 372 commemora·-

593 401 673 446 bas,
704 400 856 439 eversio.
901 399 1034 452 Itaque
1053 407 1091 438 et
1110 397 1274 438 sensibus
1295 399 1489 453 probanda
1517 399 1643 438 multa
1671 397 1758 436 sunt
1773 417 1785 443 ς
1816 407 1994 437 teneatur

592 466 711 505 modo
731 466 845 512 illud,
875 478 953 505 non
984 464 1098 504 ineffe
1129 465 1169 504 in
1199 464 1260 503 his
1280 466 1492 518 quidquam
1515 464 1603 510 tale,
1631 464 1743 516 quale
1763 477 1839 503 non
1869 465 1990 503 etiam

592 530 747 577 falsum,
778 530 877 570 nihil
897 531 945 570 ab
964 544 1010 570 eo
1029 530 1219 576 differens,
1254 530 1324 569 esse
1343 530 1469 584 poffit,
1500 531 1575 575 Sic,
1597 529 1788 582 quidquid
1807 529 1992 568 acciderit

593 597 715 650 specie
734 597 946 651 probabile,
963 595 990 635 si
1010 595 1108 635 nihil
1130 596 1165 635 se
1185 595 1331 641 offeret,
1349 596 1454 648 quod
1469 596 1513 634 sit
1532 595 1793 649 probabilitati
1813 595 1872 633 illi
1892 608 1990 633 con·

593 663 767 708 trariurn,
789 671 918 702 utetur
935 675 981 701 eo
1000 662 1144 716 sapiens
1163 681 1177 707 ς
1196 675 1239 700 ac
1260 661 1308 700 fic
1328 661 1456 700 omnis
1476 662 1572 699 ratio
1590 661 1677 699 vitae
1697 661 1988 714 gubernabitur.

593 729 753 767 Etenim
773 729 806 767 is
825 739 994 781 quoque,
1015 728 1082 780 qui
1103 741 1124 765 a
1142 727 1249 765 vobis
1271 726 1415 780 sapiens
1436 727 1646 771 inducitur,
1677 726 1803 764 multa
1821 725 1995 778 sequitur

592 793 818 846 probabilia,
857 805 935 831 non
964 790 1252 845 comprehensa,
1292 803 1416 843 neque
1458 800 1649 843 percepta,
1684 803 1809 842 neque
1837 788 1995 835 affensa,

592 858 655 897 sed
675 856 810 897 similia
827 857 930 903 veri3
962 870 1046 910 quae
1067 857 1134 895 nifi
1154 857 1305 910 probet,
1326 856 1454 895 omnis
1473 856 1551 894 vita
1571 855 1741 894 tollatur.

647 924 757 977 Qid
787 923 921 962 enim?
952 923 1206 962 conscendens
1237 936 1374 961 navem
1408 922 1567 975 sapiens,
1600 935 1696 960 num
1731 919 1994 974 comprehen-

593 989 677 1029 sum
697 989 828 1028 animo
846 988 963 1027 habet
981 998 1097 1042 atque
1115 997 1354 1042 perceptum,
1376 988 1410 1027 se
1429 1001 1476 1027 ex
1494 988 1679 1026 sententia
1694 987 1990 1040 navigaturum?

593 1056 663 1108 qui
680 1055 828 1109 potest?
860 1055 930 1094 Sed
951 1052 976 1093 fi
1002 1056 1086 1108 jam
1105 1069 1152 1093 ex
1171 1054 1246 1093 hoc
1277 1055 1366 1093 loco
1385 1053 1644 1108 proficiscatur
1664 1053 1845 1092 Puteolos
1875 1053 1991 1091 stadia

591 1123 764 1175 triginta,
794 1121 917 1175 probo
949 1121 1116 1174 navigiO,
1151 1121 1255 1160 bono
1284 1121 1550 1174 gubernatore,
1581 1119 1653 1158 hac
1681 1119 1958 1171 tranquillitate
1974 1136 1986 1164 ;

592 1187 790 1241 probabile
809 1188 993 1233 videatur,
1024 1186 1059 1225 se
1089 1186 1183 1225 illuc
1213 1197 1418 1226 venturum
1443 1186 1515 1225 esse
1545 1187 1705 1226 salvum.
1751 1185 1990 1237 Hujusniodi

592 1255 712 1307 igitur
730 1254 813 1292 vifis
840 1254 995 1292 consilia
1025 1253 1161 1306 capiet,
1191 1262 1229 1292 et
1258 1253 1407 1307 agendi,
1442 1262 1480 1291 et
1509 1267 1588 1291 non
1620 1252 1785 1306 agendi:
1816 1250 1990 1290 facilior-

592 1330 668 1372 que
686 1319 771 1364 erit,
805 1327 850 1357 ut
882 1319 1009 1357 albam
1029 1318 1100 1356 effe
1130 1319 1260 1358 nivem
1280 1319 1428 1371 probet,
1461 1332 1579 1370 quam
1609 1327 1687 1356 erat
1713 1320 1957 1370 Anaxagoras
1975 1335 1988 1362 ;

592 1384 660 1437 qui
680 1384 720 1422 id
739 1397 815 1422 non
836 1382 953 1422 modo
973 1383 1025 1422 ita
1053 1382 1124 1422 effe
1144 1384 1320 1436 negabat,
1341 1382 1405 1421 sed
1424 1382 1506 1427 sibi,
1529 1383 1619 1435 quia
1638 1382 1750 1420 sciret
1765 1395 1906 1434 aquam
1927 1381 1992 1419 ni-

591 1463 699 1502 gram
719 1449 804 1494 ess‘e,
835 1449 935 1487 unde
963 1449 1030 1487 illa
1061 1458 1238 1487 concreta
1255 1449 1358 1494 esset,
1387 1449 1516 1487 albam
1546 1447 1665 1500 ipsam
1694 1447 1766 1485 ess‘e
1794 1461 1841 1485 ne
1870 1446 1992 1485 videri

593 1516 766 1569 quidem.
817 1515 871 1553 Et
883 1527 1139 1567 quaecumque
1158 1528 1214 1553 res
1232 1528 1323 1553 eum
1344 1514 1393 1553 sic
1412 1515 1590 1566 attinget,
1621 1523 1666 1552 ut
1686 1513 1729 1551 fit
1747 1513 1873 1551 visum
1893 1513 1998 1551 illud.

592 1581 804 1635 probabile,
833 1594 959 1633 neque
977 1581 1055 1619 ulla
1080 1595 1118 1619 re
1144 1581 1393 1634 impeditum,
1422 1580 1655 1619 movebitur.
1688 1580 1782 1618 Non
1802 1580 1908 1617 enim
1936 1579 1992 1617 est

593 1660 613 1686 e
633 1648 719 1686 saxo
738 1647 923 1700 sculptus,
945 1656 1010 1685 aut
1029 1660 1050 1684 e
1070 1647 1203 1686 robore
1219 1647 1382 1686 dolatus.
1426 1647 1558 1685 Habet
1574 1659 1712 1699 corpus
1730 1660 1740 1684 z
1772 1644 1886 1684 habet
1905 1646 1993 1683 ani-

593 1727 704 1752 mum
725 1728 734 1751 :
766 1722 942 1751 movetur
961 1722 1091 1751 mente
1108 1728 1119 1752 ι
1150 1722 1326 1752 movetur
1346 1712 1536 1751 sensibus:
1568 1721 1612 1750 ut
1627 1713 1662 1750 ei
1682 1711 1806 1750 multa
1823 1725 1910 1749 vera
1928 1711 1993 1749 vi·

593 1780 767 1824 deantur,
798 1792 920 1831 neque
950 1788 1078 1817 tamen
1107 1778 1246 1818 habere
1275 1779 1464 1832 insignem
1491 1779 1599 1817 illam
1619 1788 1657 1816 et
1677 1778 1870 1832 propriam
1900 1790 1995 1830 per-

593 1845 761 1899 cipiendi
782 1853 913 1883 notam
931 1859 940 1883 :
962 1849 1085 1898 eoque
1105 1845 1312 1899 sapientem
1333 1858 1410 1884 non
1430 1843 1608 1889 ass‘entiri,
1630 1845 1719 1896 quia
1736 1843 1874 1896 poffint
1890 1842 1993 1895 ejus-

593 1912 679 1950 dem
703 1910 809 1949 modi
829 1910 985 1949 existere
1004 1910 1143 1950 falsum
1163 1911 1334 1965 aliquod,
1365 1911 1580 1963 cujusmodi
1600 1909 1675 1949 hoc
1695 1923 1848 1948 verum.
1903 1909 1995 1948 Ne·

594 1989 668 2030 que
687 1990 754 2016 nos
785 1986 917 2015 contra
936 1976 1060 2015 sensus
1081 1977 1190 2016 aliter
1209 1977 1377 2016 dicimus
1405 1990 1448 2015 ac
1479 1977 1597 2015 Stoici
1614 1995 1625 2021 ς
1657 1976 1725 2029 qui
1745 1975 1869 2014 multa
1900 1974 1996 2013 falsa·

593 2042 664 2081 effe
684 2043 833 2088 dicunt,
854 2043 1046 2096 longeque
1065 2043 1174 2081 aliter
1195 2043 1229 2082 se
1247 2042 1400 2088 habere,
1420 2056 1463 2081 ac
1484 2042 1648 2081 sensibus
1669 2041 1881 2081 videantur.

647 2109 822 2147 XXXII.
855 2109 944 2147 noc
965 2118 1095 2147 autem
1116 2109 1140 2147 si
1162 2109 1213 2148 ita
1232 2109 1289 2154 sit,
1323 2119 1366 2147 ut
1386 2122 1508 2147 unum
1529 2108 1646 2147 modo
1667 2107 1829 2146 sensibus
1851 2106 1995 2147 falsum

592 2175 790 2220 videatur3
814 2174 945 2228 praesto
964 2174 1030 2220 est,
1047 2174 1115 2227 qui
1135 2184 1262 2228 neget,
1279 2189 1359 2214 rem
1380 2174 1499 2213 ullam
1521 2174 1663 2227 percipi
1687 2173 1787 2227 posse
1807 2173 1992 2212 sentibus.

594 2240 666 2286 Ita,
688 2241 798 2279 nobis
821 2241 1050 2286 tacentibus,
1081 2255 1127 2279 ex
1149 2255 1227 2280 uno
1254 2241 1415 2295 Epicuri
1437 2241 1574 2294 capite,
1605 2240 1722 2278 altero
1747 2239 1880 2283 vestro,
1903 2252 1991 2291 pei·-

594 2307 720 2360 ceptio
750 2316 788 2345 ct
821 2305 1109 2360 comprehensio
1143 2307 1306 2346 tollitur.
1366 2307 1485 2359 Qod
1514 2306 1566 2344 est
1592 2316 1706 2359 caput
1728 2305 1918 2358 Epicuri?
1951 2304 1994 2343 Si

593 2373 718 2412 iillum
741 2372 904 2412 sensibus
938 2373 1062 2412 visum
1089 2372 1227 2413 falsum
1258 2373 1310 2412 est
1328 2392 1338 2418 ;
1371 2372 1469 2412 nihil
1502 2373 1646 2426 percipi
1679 2372 1812 2426 potest.
1872 2370 1996 2423 Qod

595 2440 757 2477 vestrum
777 2440 789 2477 ?
812 2440 908 2478 Sunt
928 2438 1017 2479 falsa
1037 2439 1158 2478 sensus
1179 2439 1268 2478 visa.
1299 2439 1406 2490 Qid
1428 2439 1596 2492 sequitur
1614 2439 1626 2475 ?
1659 2449 1699 2477 ut
1717 2448 1876 2482 taceam,
1892 2450 1990 2475 con-

593 2503 710 2542 clusio
732 2503 807 2558 ipsa
826 2505 1012 2557 loquitur,
1046 2503 1142 2543 nihil
1175 2504 1275 2559 poll‘e
1297 2505 1456 2558 percipi.
1517 2504 1610 2543 Non
1631 2504 1814 2548 concedo,
1845 2502 1991 2554 inquit,

595 2569 778 2624 Epicuro.
816 2573 929 2612 Certa
950 2572 1066 2627 igitur
1086 2585 1179 2613 cuni
1199 2571 1282 2620 illo,
1303 2572 1371 2627 qui
1392 2585 1412 2612 a
1432 2581 1468 2614 te
1489 2580 1592 2613 totus
1612 2570 1778 2612 diversus
1796 2569 1848 2609 est
1863 2586 1878 2616 5
1908 2567 1993 2607 noli
