2330 2983
568 213 621 262 64
875 209 1653 249 ACADEMICORUM

566 308 791 361 fimpliciter
823 307 981 360 pecudis
1007 316 1046 345 et
1074 305 1246 345 hominis
1266 306 1369 346 idem
1392 307 1540 346 bonum
1559 307 1632 346 effe
1651 306 1831 346 censent:
1862 309 1964 361 apud

566 375 710 413 nostros
730 383 873 418 autem,
906 387 983 411 non
1005 373 1169 426 ignoras,
1198 387 1283 425 quae
1309 373 1354 412 fit
1382 382 1420 411 et
1454 383 1596 426 quanta
1615 374 1817 413 subtilitas.
1877 375 1963 413 Sive

565 440 672 478 enim
693 441 894 477 Zenonem
915 439 1066 491 sequare
1081 457 1093 483 ς
1125 453 1311 491 magnum
1331 439 1384 477 est
1402 439 1564 483 efficere,
1589 449 1632 478 ut
1652 441 1738 493 quis
1758 440 1962 493 intelligat,

566 505 661 557 quid
682 505 725 543 sit
755 504 853 542 illud
872 517 1006 542 verum
1025 514 1062 542 et
1083 504 1243 557 simplex
1265 504 1426 550 bonum,
1459 505 1562 557 quod
1583 519 1660 543 non
1679 505 1791 558 poffit
1820 506 1867 543 ab
1888 506 1962 543 ho-

566 570 705 609 nestate
726 569 868 622 sejungi
885 588 897 614 ;
919 569 1024 622 quod
1044 570 1192 608 bonum
1211 569 1322 622 quale
1342 570 1399 614 fit,
1421 579 1531 622 negat
1546 570 1582 608 se
1597 571 1759 609 omnino
1772 571 1964 624 Epicurus

567 636 643 674 fine
662 635 924 688 voluptatibus
946 635 1093 673 sensum
1115 635 1362 673 moventibus
1383 635 1441 672 vel
1461 635 1653 688 suspicari.
1697 637 1734 674 Si
1755 650 1844 675 vero
1861 638 1962 674 Aca-

567 701 736 739 demi-am
766 710 931 738 veterem
964 701 1246 754 persequamur,
1279 714 1397 753 quam
1418 714 1500 745 nos,
1534 710 1577 739 ut
1607 701 1691 746 scis,
1726 702 1933 754 probamus
1950 720 1962 746 ;

567 781 684 819 quam
704 767 775 803 crit
796 767 861 804 illa
879 775 990 804 acute
1009 767 1233 818 explicanda
1264 766 1374 804 nobis
1393 766 1406 803 ?
1438 779 1557 817 quam
1576 777 1722 818 argute,
1743 780 1862 818 quam
1891 768 1964 805 ob-

568 833 672 871 scure
692 833 807 870 etiam
828 841 960 869 contra
976 833 1123 870 Stoicos
1143 831 1400 870 differendum
1420 831 1434 868 ?

622 899 774 936 Totum
806 897 923 950 igitur
953 896 1051 935 illud
1085 896 1336 950 philosophiae
1366 897 1535 935 studium
1569 896 1670 936 mihi
1700 898 1859 950 quidem
1890 898 1968 951 ipse

568 963 690 1008 sumo,
723 972 760 1000 et
794 963 840 1000 ad
873 963 961 1000 vitae
989 962 1255 1007 constantiam,
1286 971 1469 1014 quantam
1500 962 1665 1015 poffum,
1693 973 1731 1001 et
1761 964 1808 1001 ad
1837 963 1965 1001 delec-

569 1029 753 1067 tationem
784 1028 903 1066 animi
920 1046 932 1073 ς
977 1041 1048 1066 nec
1082 1028 1209 1066 ullum
1242 1028 1416 1073 arbitror,
1459 1037 1503 1066 ut
1531 1029 1635 1081 apud
1669 1029 1868 1068 Platonem
1898 1029 1965 1074 est,

569 1095 693 1146 majus
713 1103 778 1132 aut
799 1093 938 1131 melius
958 1107 978 1131 a
996 1094 1069 1132 diis
1089 1095 1224 1133 datum
1255 1107 1396 1133 munus
1418 1092 1586 1132 homini.
1647 1095 1719 1133 Sed
1739 1109 1844 1133 meos
1866 1096 1966 1133 ami-

568 1174 648 1206 COS‚
679 1161 718 1199 in
739 1160 880 1213 quibus
900 1159 953 1198 est
972 1160 1154 1205 studium,
1186 1161 1226 1198 in
1253 1161 1445 1199 Graeciam
1466 1161 1596 1205 mitto,
1623 1162 1664 1199 id
1691 1161 1757 1206 est,
1788 1162 1833 1199 ad
1854 1162 1965 1200 Grae-

569 1239 634 1264 cos
655 1227 707 1264 ire
727 1226 861 1278 jubeo,
892 1235 935 1263 ut
967 1239 1008 1263 ea
1038 1240 1059 1264 a
1091 1225 1266 1264 fontibus
1298 1227 1423 1278 potius
1454 1225 1644 1272 hauriant,
1675 1241 1792 1279 quam
1823 1228 1967 1265 rivulos

568 1291 846 1329 consectentur.
889 1292 988 1342 Qae
1017 1300 1146 1330 autem
1167 1305 1281 1330 nemo
1300 1290 1426 1330 adhuc
1447 1293 1639 1337 docuerat,
1671 1307 1740 1331 nec
1761 1302 1838 1331 erat
1867 1294 1972 1332 unde.

569 1357 721 1395 studiosi
742 1356 834 1394 scire
853 1355 1013 1409 possent,
1034 1370 1090 1402 ea,
1111 1366 1299 1409 quantum
1320 1358 1443 1409 potui,
1474 1357 1591 1409 (nihil
1610 1359 1715 1396 enirn
1737 1372 1968 1412 magnopere

571 1436 745 1461 meorum
767 1423 902 1473 miror)
936 1420 1025 1467 feci,
1053 1433 1096 1460 ut
1115 1423 1232 1461 effent
1253 1433 1342 1460 nota
1362 1423 1495 1461 nostris
1514 1439 1522 1462 ε
1555 1437 1576 1462 a
1595 1424 1741 1462 Graecis
1761 1425 1866 1463 enim
1888 1425 1973 1478 peti

571 1502 648 1526 non
670 1497 857 1541 poterant,
888 1501 929 1526 ac
951 1488 1032 1541 post
1053 1490 1101 1527 L.
1125 1489 1220 1526 AElii
1250 1489 1364 1527 nostri
1385 1489 1562 1527 occasum
1594 1504 1640 1527 ne
1666 1504 1688 1528 a
1706 1492 1856 1529 Latinis
1877 1492 1967 1544 qui·

570 1553 674 1591 dem.
707 1554 759 1591 Et
778 1563 903 1592 tamen
924 1554 963 1592 in
984 1553 1061 1591 illis
1080 1554 1270 1592 veteribus
1289 1554 1436 1599 nostris,
1452 1569 1552 1607 quae,
1578 1556 1816 1609 Menippum
1834 1557 1966 1595 imita-

571 1619 615 1663 ti,
646 1632 725 1657 non
751 1619 1002 1671 interpretati,
1033 1619 1198 1671 quadam
1218 1617 1408 1658 hilaritate
1427 1620 1716 1673 consperfimus,
1749 1622 1873 1660 multa
1898 1623 1967 1661 ad-

571 1684 681 1722 mista
708 1697 755 1722 ex
786 1684 922 1722 intima
953 1683 1208 1737 philosophia,
1239 1685 1363 1723 multa
1391 1686 1492 1724 dista
1523 1687 1744 1725 dialestice:
1776 1701 1862 1740 quae
1889 1701 1970 1741 quo

571 1749 722 1787 facilius
742 1749 871 1787 minus
892 1749 994 1788 doeti
1014 1749 1286 1802 intelligerent,
1312 1751 1553 1803 jucunditate
1574 1753 1738 1805 quadam
1769 1753 1814 1791 ad
1835 1753 1967 1807 legen-

571 1816 666 1854 dum
681 1815 854 1860 invitati;
878 1817 916 1854 in
937 1816 1233 1862 laudationibus,
1248 1818 1288 1855 in
1306 1818 1352 1856 iis
1368 1818 1456 1870 ipsis
1476 1820 1751 1872 antiquitatum
1767 1821 1969 1874 prooemiis

570 1880 835 1934 philosophice
855 1881 1015 1921 scribere
1033 1883 1244 1927 voluimus,
1262 1883 1286 1921 fi
1308 1883 1426 1922 modo
1443 1884 1638 1923 consecuti
1655 1885 1800 1925 sumus.

625 1946 699 1985 ΙΙΙ.
731 1948 839 1985 Tum
855 1960 940 1999 ego,
963 1950 1072 1992 Sunt,
1094 1948 1270 2000 inquam,
1292 1949 1370 1993 ista,
1390 1949 1522 1988 Varro.
1570 1951 1675 1988 Nam
1696 1964 1766 1989 nos
1786 1951 1824 1989 in
1847 1951 1968 1990 nostra

571 2012 664 2050 urbe
685 2012 964 2065 peregrinantes
984 2013 1236 2066 errantesque,
1269 2024 1451 2067 tanquam
1470 2014 1653 2069 hospite8‚
1675 2017 1731 2054 tui
1752 2016 1841 2055 libri
1864 2017 1966 2069 quast

570 2077 735 2116 domum
755 2077 1010 2123 deduxerunt,
1042 2088 1083 2116 ut
1104 2078 1293 2131 possemus
1314 2080 1534 2132 aliquando,
1555 2082 1623 2133 qui
1645 2090 1683 2119 et
1703 2082 1770 2120 ubi
1790 2082 1966 2128 ess‘emus.

571 2142 783 2196 agnoscere.
830 2144 896 2181 Tu
923 2153 1071 2182 aetatem
1098 2145 1240 2196 patriae,
1284 2155 1325 2183 tu
1354 2145 1624 2199 descriptiones
1659 2156 1893 2200 temporum,
1925 2157 1968 2187 tu

573 2209 762 2247 sacrorum
791 2210 890 2261 jum,
938 2218 980 2247 tu
1020 2210 1255 2249 sacerdotum
1273 2229 1284 2255 ς
1328 2221 1369 2249 tu
1399 2212 1662 2258 domesticam,
1708 2223 1751 2252 tu
1786 2214 1966 2253 bellicam

571 2273 842 2327 disciplinam;
874 2282 916 2313 tu
938 2274 1064 2313 sedem
1095 2276 1310 2329 regionum,
1341 2277 1543 2323 locorum;
1582 2288 1624 2317 tu
1653 2279 1832 2318 omnium
1863 2280 1966 2319 divi-

572 2352 706 2378 narum
735 2337 1070 2393 humanarumque
1110 2355 1237 2380 rerum
1276 2343 1446 2388 nomina,
1489 2357 1638 2396 genera,
1669 2344 1810 2389 officia,
1841 2345 1968 2384 causas

571 2404 773 2457 aperuisti:
820 2406 1111 2460 plurimumque
1142 2409 1263 2461 poetis
1291 2408 1439 2453 nostris,
1481 2411 1720 2464 omninoque
1752 2412 1899 2451 Latinis
1928 2421 1968 2452 et

575 2469 693 2508 literis
725 2471 884 2510 luminis
905 2472 1078 2518 attulisti,
1105 2482 1143 2511 et
1163 2474 1312 2513 verbis:
1344 2484 1457 2528 atque
1486 2476 1564 2529 ipse
1584 2476 1731 2516 varium
1761 2487 1799 2516 et
1817 2477 1967 2531 elegans

572 2536 680 2576 omni
701 2535 778 2576 fere
799 2550 959 2579 numero
987 2552 1126 2593 poema
1150 2538 1285 2586 fecisti,
1314 2539 1675 2596 philosophiamque
1705 2543 1842 2583 multis
1872 2543 1967 2583 locis
