2330 2983
564 291 642 330 490
823 276 915 313 DE
975 272 1300 311 NATURA
1358 241 1718 311 DEORUM?

562 374 732 429 persuasi,
765 371 985 411 Romulum
1010 370 1200 423 auspiciis,
1224 370 1403 409 Numam
1422 370 1531 408 saeris
1551 370 1782 416 constitutis,
1813 370 1954 411 funda-

563 449 692 478 menta
705 437 833 490 jecisse
852 436 984 475 nostrae
1005 436 1169 474 civitatis
1177 454 1189 481 ς
1212 449 1296 488 quae
1312 449 1510 488 nunquam
1527 435 1698 489 profecto
1714 436 1790 474 fine
1805 436 1954 475 summa

561 504 773 558 placatione
787 503 962 540 Deorum
981 500 1264 539 immortalium
1285 509 1387 539 tanta
1406 501 1476 539 effe
1491 500 1683 553 potuisset.
1707 501 1854 546 Habes,
1866 501 1954 539 Bal-

562 571 622 615 be,
641 569 736 622 quid
757 569 885 613 Cotta,
903 567 998 619 quid
1014 565 1208 611 Pontifex,
1226 566 1372 605 sentiat.
1406 568 1482 605 Fae
1499 580 1602 605 nunc
1618 580 1708 620 ergo
1723 567 1953 620 intelligam,

563 646 604 675 tu
625 636 719 689 quid
741 634 888 674 sentias.
930 635 968 671 A
998 642 1035 671 te
1055 633 1159 671 enim
1180 632 1409 686 philosopho
1429 634 1614 671 rationem
1645 634 1814 686 accipere
1836 633 1955 671 debeo

564 702 783 755 religionis3
815 700 1023 752 majoribus
1044 708 1172 737 autem
1193 698 1342 744 nostris,
1369 699 1486 737 etiam
1507 699 1611 737 nulla
1632 700 1775 738 ratione
1795 699 1954 742 reddita,

563 769 724 806 credere.

617 835 690 872 111.
724 834 833 871 Tum
855 830 1010 875 Balbus,
1033 831 1164 882 Qam
1184 829 1303 882 igitur
1317 843 1337 867 a
1357 843 1420 868 me
1439 829 1641 874 rationem,
1663 829 1806 882 inquit,
1826 831 1955 874 Cotta,

562 899 770 937 desideras?
806 898 858 935 Et
878 896 956 941 ille,
982 896 1281 948 Qadriparffla,
1314 896 1456 948 inquit,
1488 894 1565 933 fuit
1590 894 1723 933 divifio
1755 903 1843 933 tua:
1875 895 1955 947 pri-

562 979 688 1009 mum,
710 974 754 1002 ut
772 963 886 1002 velles
907 962 1054 1007 docere,
1091 963 1195 1000 Deos
1221 961 1315 1007 effe,
1346 962 1497 1007 deinde,
1530 961 1661 1015 quales
1682 960 1822 1006 effent5
1855 969 1957 1006 tum,

562 1031 609 1069 ab
630 1030 690 1069 his
711 1029 903 1068 mundum
934 1029 1013 1081 regi
1028 1047 1041 1074 3
1072 1027 1277 1081 postremo,
1312 1028 1506 1067 consulere
1536 1041 1598 1066 eos
1630 1027 1741 1066 rebus
1761 1026 1956 1065 humanis.

562 1098 675 1142 Haec,
697 1096 723 1134 fi
744 1097 841 1134 recte
861 1094 1039 1139 memini,
1067 1095 1222 1147 partitio
1241 1093 1331 1132 fuit.
1378 1093 1614 1139 Reffiffime,
1642 1093 1771 1146 inquit
1790 1092 1930 1131 Balbus
1947 1107 1956 1130 ε

561 1163 624 1202 sed
643 1164 816 1215 expedio,
837 1161 932 1213 quid
951 1161 1132 1212 requiras.
1164 1162 1274 1197 Tum
1293 1161 1422 1206 Cotta,
1442 1161 1619 1198 Primum
1640 1159 1812 1212 quidque
1828 1158 1958 1196 videa-

561 1242 665 1274 mus,
686 1228 828 1280 inquit.
861 1227 914 1264 Et
932 1226 958 1264 sl
979 1226 1018 1263 id
1037 1225 1090 1263 est
1105 1225 1292 1277 primum,
1317 1225 1439 1277 (quod
1454 1226 1553 1264 inter
1572 1238 1721 1270 omnes,
1737 1224 1806 1263 nifi
1821 1224 1958 1262 admo-

562 1294 657 1332 dum
677 1294 834 1345 impios‚
855 1291 1050 1336 convenit,
1072 1289 1171 1328 mihi
1192 1290 1352 1342 quidem
1371 1304 1418 1328 ex
1439 1292 1569 1329 animo
1588 1291 1696 1329 exuri
1719 1304 1796 1328 non
1817 1289 1956 1342 potest)

562 1359 634 1399 esse
650 1361 776 1404 Deos,
811 1359 851 1396 id
872 1367 1000 1396 tamen
1019 1357 1160 1409 ipsum,
1182 1356 1287 1408 quod
1307 1355 1407 1394 mihi
1427 1356 1644 1410 persuasum
1664 1355 1717 1394 est
1739 1356 1959 1394 auctoritate

563 1428 769 1479 majorum,
786 1438 854 1463 cur
871 1425 924 1462 ita
943 1424 1003 1468 fit,
1023 1422 1122 1461 nihil
1140 1431 1183 1460 tu
1201 1436 1262 1460 me
1278 1422 1404 1462 doces.
1447 1422 1556 1475 Qid
1571 1423 1638 1467 est,
1654 1422 1784 1475 inquit
1803 1421 1960 1467 Balbus,

564 1493 590 1531 fi
609 1492 681 1530 tibi
702 1490 916 1545 persuasum
936 1488 1001 1534 est,
1032 1502 1100 1527 cur
1119 1501 1140 1526 a
1159 1501 1222 1526 me
1242 1488 1334 1527 velis
1366 1488 1505 1526 discere
1523 1488 1536 1524 ?
1567 1489 1678 1527 Tum
1708 1489 1838 1532 Cotta,
1859 1487 1962 1538 Qia

563 1558 613 1596 sic
633 1557 843 1610 aggredior,
865 1555 1006 1608 inquit,
1028 1555 1074 1592 ad
1094 1553 1192 1592 hanc
1213 1554 1526 1607 disputationem,
1546 1554 1649 1607 quafi
1669 1553 1767 1592 nihil
1790 1566 1960 1606 unquam

564 1623 751 1661 audierim
782 1623 828 1660 de
847 1621 935 1658 Diis
967 1619 1268 1662 immortalibus,
1297 1619 1395 1655 nihil
1426 1621 1702 1670 cogitaverim;
1735 1620 1870 1658 rudem
1898 1631 1962 1657 me

565 1688 798 1741 discipulum
817 1696 855 1724 et
876 1686 1070 1737 integrum
1091 1684 1236 1736 accipe,
1258 1693 1296 1722 et
1315 1697 1370 1729 ea,
1391 1697 1475 1736 qua:
1497 1685 1663 1737 requiro,
1685 1684 1794 1722 doce.

619 1754 697 1792 Dic
719 1753 850 1805 igitur,
872 1750 1014 1802 inquit,
1036 1749 1130 1801 quid
1151 1749 1332 1800 requiras.
1365 1749 1528 1801 Egone?
1550 1748 1722 1803 primum
1743 1749 1854 1794 illud,
1876 1763 1958 1794 cur,

564 1818 667 1872 quod
689 1831 735 1855 ne
755 1829 864 1870 egere
884 1815 1043 1868 quidem
1062 1813 1232 1852 oratione
1258 1813 1422 1859 dixisses,
1454 1814 1560 1866 quod
1586 1814 1674 1852 ess‘et
1700 1814 1959 1867 perspicuum,

564 1894 602 1923 et
622 1885 720 1923 inter
739 1895 872 1922 omnes
893 1880 1091 1925 constaret,
1123 1879 1168 1918 de
1189 1893 1233 1918 eo
1262 1879 1343 1932 ipso
1364 1889 1442 1918 tam
1464 1881 1588 1918 multa
1614 1880 1768 1918 dixeris.
1800 1880 1904 1932 Qia
1924 1889 1961 1917 te

565 1963 735 2003 quoque,
765 1947 907 2000 inquit,
938 1946 1201 1990 animadverti,
1234 1946 1363 1991 Cotta,
1388 1945 1494 1999 saepe,
1525 1959 1618 1984 cum
1638 1946 1678 1984 in
1698 1944 1784 1983 foro
1803 1945 1960 1990 diceres,

565 2029 682 2069 quam
703 2013 880 2067 plurimis
899 2011 1011 2064 possis
1032 2012 1266 2064 argumentis
1286 2025 1440 2050 onerare
1464 2011 1654 2062 judicem,
1682 2011 1708 2048 fi
1739 2011 1856 2048 modo
1876 2024 1960 2049 eam

565 2081 787 2120 facultatem
817 2079 889 2117 tibi
910 2077 1011 2116 daret
1035 2077 1153 2115 causa.
1199 2079 1329 2129 Atque
1353 2075 1426 2114 hoc
1454 2076 1558 2114 idem
1585 2085 1622 2113 et
1654 2074 1873 2128 philosophi
1901 2075 1958 2113 fa-

566 2148 689 2192 ciunt,
711 2155 748 2184 et
768 2158 853 2198 ego,
881 2154 922 2182 ut
944 2143 1065 2196 potui,
1087 2142 1175 2181 feci.
1208 2143 1273 2180 Tu
1294 2152 1436 2186 autem,
1468 2142 1535 2194 qui
1557 2141 1595 2179 id
1616 2142 1766 2194 quaeris,
1789 2141 1961 2179 similiter

568 2213 674 2257 facis,
696 2225 737 2250 ae
758 2211 783 2249 si
804 2224 866 2248 me
888 2223 1009 2261 roges,
1030 2223 1098 2246 cur
1120 2218 1156 2246 te
1177 2207 1326 2246 duobus
1347 2216 1527 2246 contuear
1547 2207 1684 2252 oculis,
1706 2216 1744 2244 et
1765 2220 1842 2245 non
1864 2207 1959 2245 alte-

567 2293 608 2317 ro
629 2275 792 2322 tantum,
813 2289 904 2314 cum
928 2275 1028 2313 idem
1050 2289 1127 2313 uno
1147 2273 1285 2327 assequi
1307 2273 1456 2327 possim.

609 2345 679 2383 IV.
696 2345 804 2382 Tum
827 2344 955 2386 Cotta,
971 2342 1101 2392 Qam
1122 2341 1241 2378 simile
1262 2340 1359 2378 istud
1381 2341 1438 2385 lit,
1460 2340 1602 2392 inquit,
1621 2349 1663 2378 tu
1679 2339 1830 2378 videris.
1853 2339 1958 2378 Nam

566 2424 638 2463 ego
669 2422 792 2461 neque
823 2408 862 2446 in
894 2406 1024 2451 causis,
1061 2406 1086 2444 si
1117 2405 1209 2457 quid
1239 2406 1290 2443 cst
1318 2406 1486 2450 evidens,
1519 2405 1564 2443 de
1599 2419 1677 2458 quo
1698 2405 1797 2443 inter
1826 2417 1958 2444 omnes

567 2475 780 2519 conveniat,
799 2473 1054 2526 argumentari
1076 2471 1174 2509 soleo
1191 2490 1201 2516 ;
1225 2471 1486 2524 (perspicuitas
1506 2472 1610 2509 enim
1632 2471 1961 2524 argumentatione

567 2541 749 2590 elevatur)
787 2553 870 2584 nec,
902 2539 926 2577 s1
948 2538 987 2576 id
1007 2537 1170 2576 facerem
1203 2538 1241 2575 in
1273 2536 1388 2575 caulis
1409 2535 1633 2582 forensibus,
1668 2538 1773 2576 idem
1793 2536 1957 2575 facerem

568 2607 606 2644 in
628 2604 698 2644 hac
721 2605 928 2644 subtilitate
948 2602 1145 2645 sermonis.
1188 2605 1269 2643 Cur
1289 2613 1507 2643 contucrcrc
1537 2613 1666 2644 autem
1691 2603 1810 2644 altero
1828 2602 1956 2647 oculo,
