2330 2983
665 283 942 325 LIBER
996 281 1416 322 TERTIUS.
1658 294 1734 333 511

476 385 602 437 IVeque
620 397 685 436 quo
698 381 959 436 pab't‘ofallam
979 395 1089 433 neque
1105 379 1192 433 quid
1206 379 1283 419 inde
1307 380 1486 434 atgferam,

475 451 555 488 M'c
573 463 671 502 quem
689 448 802 486 dolum
819 446 871 485 ad
883 461 972 491 eum,
993 455 1060 484 aut
1077 446 1276 484 machinam
1294 446 1504 490 commoliar,

475 515 553 553 Scio
572 514 773 567 quidquam.
803 514 868 551 Ita
885 525 998 550 omnes
1014 525 1103 550 meos
1120 510 1223 555 dolos,
1238 511 1429 562 Jbllacias,

473 579 682 630 Praestzgias
693 577 921 631 praestrinxit
939 576 1158 615 commoditas
1168 575 1307 627 patris.

339 643 445 693 Qid
463 657 552 695 ergo
570 644 631 681 isti
651 643 729 681 doli
745 644 758 680 ?
780 643 874 695 quid
894 641 1080 680 machina:
1096 642 1109 678 ?
1131 640 1225 693 quid
1244 639 1416 685 fassaciae,
1432 640 1726 694 praestigiaeque?

338 722 433 746 num
454 709 529 746 fine
549 710 692 747 ratione
712 708 782 746 effe
801 708 1036 760 potuerunt?
1060 708 1096 744 O
1118 707 1341 760 praeclarum
1362 720 1503 745 munus
1525 707 1701 746 Deorum
1715 708 1736 745 1⁴

338 783 381 813 ut
401 770 588 813 Phormio
606 775 718 828 poffit
737 775 874 819 dicere,

475 840 564 878 Cedo
569 842 690 893 finem
705 856 718 878 :
736 840 817 891 jam
836 839 1008 892 instrufla
1026 838 1115 877 mihi
1116 839 1212 890 fimt
1232 838 1268 876 in
1287 837 1388 877 corde
1401 838 1538 890 cotgsilia
1551 839 1679 878 omnia.

392 906 523 944 XXX.
547 906 619 944 Sed
638 919 816 944 exeamus
836 919 856 943 e
876 905 1023 943 theatro
1041 920 1050 943 ε
1082 905 1279 943 veniamus
1299 904 1341 942 in
1356 903 1501 943 forum.
1533 905 1677 944 Seffum
1696 907 1731 943 it

339 971 494 1008 Praetor.
537 971 673 1022 Qid?
707 980 749 1008 ut
763 971 971 1022 judicetur,
999 971 1068 1022 qui
1088 970 1320 1008 tabularium
1340 970 1568 1009 incenderit.
1610 971 1729 1022 Qod

337 1033 486 1074 facinus
516 1036 734 1073 occultius?
767 1037 821 1073 At
841 1036 876 1073 se
896 1034 1109 1087 QSofius,
1140 1034 1359 1087 splendidus
1384 1048 1500 1087 eques
1527 1035 1729 1074 Romanus

336 1113 383 1138 ex
402 1114 490 1152 agro
511 1102 667 1145 Piceno,
697 1100 823 1139 feciffe
849 1100 1038 1139 confeffus
1071 1101 1138 1138 est.
1181 1100 1263 1150 Qi
1293 1100 1562 1152 transcripserit
1581 1101 1729 1140 tabulas

336 1165 524 1217 publicas.
568 1166 612 1203 Id
632 1179 786 1217 quoque
806 1167 854 1203 L.
877 1165 1024 1202 Alenus
1055 1163 1162 1208 fecit,
1194 1177 1286 1201 cum
1305 1163 1610 1217 chirographum
1635 1167 1728 1204 Sex-

335 1230 552 1282 primorum
583 1231 756 1268 imitatus
776 1230 842 1268 est.
885 1230 993 1280 Qid
1013 1229 1088 1266 hoc
1113 1228 1273 1266 homine
1293 1229 1466 1267 solertius
1485 1230 1498 1266 ?
1532 1231 1730 1282 Cognosce

336 1296 425 1334 alias
445 1296 681 1349 quaestioneS‚
698 1297 779 1334 auri
799 1296 995 1340 Tolosam,
1016 1294 1289 1346 conjurationis
1308 1294 1567 1347 Jugurthinae.
1598 1295 1729 1348 Repe-

337 1371 423 1413 pete
443 1361 629 1414 superiora
643 1380 656 1406 3
687 1361 838 1399 Tubuli
859 1362 904 1398 de
934 1361 1097 1413 pecunia
1121 1369 1231 1412 capta
1260 1359 1310 1398 ob
1341 1374 1422 1398 rem
1449 1361 1699 1412 judicandam
1716 1376 1728 1400 z

338 1426 554 1479 posteriora,
583 1428 629 1465 de
645 1426 788 1464 incestu
808 1427 1002 1479 rogatione
1031 1425 1239 1464 Peducaea:
1271 1434 1357 1463 tum
1383 1425 1466 1464 haec
1493 1427 1729 1479 quotidiana,

337 1492 433 1538 slcae‚
453 1506 608 1538 venena,
630 1493 840 1545 peculatus,
863 1492 1174 1530 testamentorum
1193 1491 1310 1529 etiam
1329 1491 1414 1543 lege
1433 1506 1532 1530 nova
1551 1493 1730 1544 quaestio-

337 1572 418 1598 nes.
463 1558 558 1596 Inde
587 1558 654 1596 illa
684 1558 795 1603 aetio,
827 1559 904 1610 Ope
931 1558 1130 1610 cotfilioque
1158 1566 1218 1594 tuo
1233 1556 1389 1608 furtum
1417 1558 1473 1595 ait
1476 1558 1627 1609 faa‘lum
1654 1557 1728 1611 ssei.

338 1624 432 1662 Inde
452 1632 511 1660 tot
522 1623 667 1674 judicia
687 1622 733 1658 de
751 1621 827 1658 fide
841 1621 956 1663 mala,
978 1620 1118 1663 tutelae,
1133 1620 1316 1664 mandati,
1330 1634 1401 1672 pro
1420 1621 1536 1666 socio,
1556 1621 1730 1667 fiduciae;

337 1688 495 1740 reliqua,
527 1700 611 1738 quae
630 1699 678 1724 ex
699 1693 846 1737 empto,
867 1693 932 1722 aut
951 1684 1121 1728 vendito,
1143 1684 1348 1729 conducto,
1368 1694 1433 1722 aut
1451 1686 1576 1724 locato
1597 1697 1731 1725 contra

335 1753 452 1792 fidem
470 1753 583 1791 fiunt.
625 1751 719 1790 Inde
743 1751 940 1803 judicium
960 1750 1163 1802 publicum
1194 1750 1246 1787 rei
1265 1750 1417 1802 privatae
1436 1751 1520 1803 lege
1539 1753 1727 1791 Laetoria:

335 1820 425 1858 inde
444 1818 700 1858 everriculum
719 1817 955 1855 malitiarum
975 1815 1170 1860 omnium,
1195 1816 1391 1867 judicium
1411 1817 1458 1854 de
1487 1817 1577 1856 dolo
1596 1819 1699 1857 malo
1712 1837 1726 1864 ;

336 1885 443 1937 quod
482 1885 530 1922 C.
567 1883 764 1935 Aquilius,
808 1881 1007 1920 familiaris
1038 1881 1174 1925 noster,
1204 1882 1366 1934 protulit
1382 1900 1394 1927 ;
1440 1896 1557 1934 quem
1591 1884 1730 1923 dolum

335 1950 440 1988 idem
461 1948 642 2002 Aquilius
663 1957 749 1987 tum
771 1947 888 1986 teneri
906 1955 1030 2000 putat,
1057 1960 1148 1985 cum
1169 1946 1271 1984 aliud
1291 1946 1336 1985 s1t
1355 1946 1592 1994 simulatum,
1624 1949 1729 1988 aliud

337 2017 478 2054 astum.

390 2083 506 2120 Hanc
526 2080 645 2133 igitur
663 2093 683 2117 a
703 2080 789 2118 Diis
810 2079 1096 2118 immortalibus
1117 2087 1262 2117 tantam
1282 2079 1510 2118 arbitramur
1534 2081 1728 2120 malorum

336 2147 545 2185 sementem
570 2144 641 2182 effe
670 2143 838 2182 saetam?
870 2145 909 2182 Si
927 2145 1034 2182 enim
1063 2144 1250 2182 rationem
1268 2142 1494 2183 hominibus
1522 2146 1591 2183 Dii
1610 2146 1728 2183 dede-

336 2219 440 2255 runt,
471 2219 508 2247 et
528 2209 717 2247 malitiam
749 2209 934 2247 dederunt
950 2227 963 2254 ς
994 2209 1047 2247 est
1066 2209 1171 2247 enim
1188 2209 1348 2254 malitia,
1377 2210 1524 2248 versuta
1542 2219 1580 2247 et
1609 2209 1727 2248 fallax

337 2274 502 2314 nocendi
522 2274 629 2312 ratio.
672 2273 796 2311 Iidem
816 2273 931 2311 etiam
953 2273 1022 2312 Dii
1040 2273 1212 2312 fraudem
1235 2274 1436 2319 dederunt,
1467 2274 1629 2319 facinus,
1651 2288 1726 2312 cae-

337 2351 503 2392 temque,
524 2352 692 2392 quorum
718 2337 817 2377 nihil
843 2353 913 2377 nec
933 2339 1070 2393 suscipi
1095 2339 1171 2378 fine
1196 2340 1353 2385 ratione,
1380 2354 1450 2379 nec
1469 2340 1570 2379 effici
1588 2340 1725 2393 potest.

339 2407 486 2447 Utinam
504 2406 635 2458 igitur,
666 2413 708 2443 ut
727 2404 794 2443 illa
809 2418 902 2443 anus
921 2414 1044 2458 optat,

745 2484 787 2509 ne
805 2472 841 2510 in
860 2485 996 2510 nemore
1013 2470 1112 2510 Pelio
1115 2471 1303 2524 stam'bus

475 2537 575 2590 Caestz
593 2535 757 2588 cecidgffi’t
776 2536 926 2589 abiegna
943 2535 994 2574 ad
1008 2545 1147 2575 terram
1163 2536 1286 2574 trabes
1301 2551 1316 2574 .-

339 2602 388 2641 fic
404 2601 512 2642 istam
532 2602 779 2642 calliditatem
799 2600 1025 2642 hominibus
1044 2601 1114 2640 Dii
1133 2614 1182 2640 ne
1201 2599 1384 2640 dediffent
1403 2599 1411 2638 l
1443 2614 1520 2654 qua
1545 2601 1728 2655 perpauci
