2330 2983
590 258 640 298 86
998 254 1100 293 DE
1186 251 1568 292 FINIBUS

642 355 760 393 Tunc
795 353 1031 404 Torquatus,
1062 349 1231 395 Prorsus,
1273 350 1416 403 inquit,
1457 349 1643 388 affentIOr.
1703 347 1844 402 Neque
1873 347 1979 387 enim

588 418 771 472 disputari
792 418 866 456 fine
899 415 1197 469 reprehenfione,
1228 428 1296 454 nec
1331 429 1424 454 cum
1454 415 1651 454 iracundia
1682 424 1748 453 aut
1774 415 1982 468 pertinacia

587 487 684 524 reste
703 483 897 537 disputari,
918 481 1052 535 potest.
1075 481 1147 520 Sed
1166 481 1212 520 ad
1231 480 1326 526 haec,
1348 481 1415 520 nis1
1435 481 1641 520 molestum
1659 480 1726 526 est,
1755 478 1879 519 habeo
1895 493 1980 533 quae

586 551 719 588 velim.
750 551 806 587 At
835 561 912 592 me,
933 547 1106 599 inquam,
1134 546 1202 585 nifi
1224 556 1260 584 te
1279 547 1407 584 audire
1426 547 1581 591 vellem,
1602 545 1727 584 censes
1748 545 1829 584 haec
1849 546 1977 584 distu-

585 629 672 654 rum
693 613 801 652 fuiffe
819 615 832 651 ?
863 611 1007 651 Utrum
1029 612 1146 664 igitur
1165 613 1334 665 percurri
1364 625 1523 650 omnem
1543 612 1705 665 Epicuri
1736 611 1978 664 disciplinam

585 682 710 735 placet
722 698 733 725 3
765 693 811 718 an
832 679 878 716 de
908 691 981 716 una
1000 678 1193 730 voluptate
1212 678 1343 729 quaeri,
1374 677 1420 716 de
1438 691 1514 729 qua
1537 691 1653 716 omne
1672 687 1863 716 certamen
1893 675 1946 714 est
1964 676 1977 712 ?

585 749 678 786 Tuo
697 760 785 784 vero
816 745 855 782 id
875 744 1048 797 quidem,
1084 745 1257 796 inquam,
1279 743 1474 782 arbitratu.
1506 743 1567 781 Sic
1587 742 1726 781 faciam
1753 744 1884 795 igitur,
1915 742 1978 780 in-

587 814 695 866 quit:
718 825 833 850 unam
851 824 930 848 rem
951 809 1165 862 explicabo,
1179 822 1340 861 eamque
1359 809 1584 847 maximam.
1604 810 1665 847 De
1680 808 1845 861 physicis
1861 807 1950 845 alias
1965 821 1976 845 ε

584 888 622 917 et
641 878 799 931 quidem
820 876 891 915 tibi
911 884 949 913 et
968 875 1265 913 declinationem
1285 874 1393 913 istam
1416 884 1650 920 atomorum,
1680 883 1718 913 et
1738 873 1977 927 magnitudi-

585 959 676 983 nem
696 944 782 982 solis
803 941 986 996 probabo,
1017 950 1054 979 et
1073 941 1292 979 Democriti
1322 950 1453 985 errata,
1488 941 1535 979 ab
1556 941 1730 994 Epicuro
1756 938 1979 993 reprehensa

584 1020 624 1049 et
651 1011 816 1048 correcta
835 1007 1039 1061 permulta.
1085 1007 1205 1045 Nunc
1235 1007 1363 1045 dicam
1394 1006 1440 1045 de
1460 1006 1657 1060 voluptate
1672 1025 1684 1051 ς
1716 1005 1815 1044 nihil
1835 1005 1980 1044 scilicet

585 1078 688 1122 novi,
710 1089 752 1114 ea
771 1085 914 1120 tamen,
949 1087 1034 1127 quae
1054 1082 1090 1111 te
1110 1073 1236 1126 ipsum
1256 1074 1507 1126 probaturum
1535 1073 1606 1111 effe
1625 1072 1832 1112 confidam.
1880 1073 1978 1111 Cer-

584 1153 636 1188 te,
655 1143 829 1195 inquam,
850 1141 1024 1194 pertinax
1044 1153 1120 1178 non
1140 1153 1204 1178 ero
1219 1157 1230 1183 ;
1261 1139 1426 1192 tibique,
1448 1139 1473 1178 fi
1494 1138 1594 1178 mihi
1613 1138 1792 1193 probabis
1811 1151 1866 1183 m,
1893 1152 1979 1191 quae

583 1209 694 1253 dicis,
716 1208 879 1246 libenter
898 1205 1079 1243 affentiar.
1125 1205 1315 1250 Probabo,
1345 1205 1475 1258 inquit
1487 1224 1499 1250 5
1531 1205 1648 1244 modo
1667 1204 1735 1243 ista
1753 1204 1798 1243 fis
1817 1205 1978 1257 aequita-

585 1284 636 1320 te,
658 1286 776 1327 quam
794 1271 972 1310 ostendis.
1019 1271 1090 1309 Sed
1109 1270 1166 1308 uti
1185 1270 1353 1309 oratione
1374 1279 1555 1323 perpetua
1574 1270 1690 1315 malo,
1721 1283 1838 1323 quam
1858 1271 1978 1308 inter-

585 1353 728 1393 rogare,
755 1347 820 1376 aut
841 1336 1076 1389 interrogari.
1128 1337 1185 1374 Ut
1203 1336 1343 1389 placet,
1365 1336 1538 1389 inquam.
1583 1337 1702 1374 Tunc
1721 1335 1846 1374 dicere
1864 1348 1978 1374 exor-

584 1407 644 1445 sus
664 1406 729 1445 est.

638 1473 710 1511 IX.
750 1471 928 1510 Primum
962 1470 1094 1523 igitur,
1124 1469 1267 1522 inquit,
1300 1469 1348 1508 fic
1381 1482 1505 1522 agam,
1538 1477 1581 1507 ut
1611 1468 1679 1522 ipsi
1699 1468 1841 1507 auctori
1861 1467 1978 1522 hujus

582 1538 793 1591 disciplinae
813 1536 938 1590 placet
956 1550 964 1574 :
997 1535 1240 1580 constituam,
1262 1535 1355 1588 quid
1375 1544 1412 1573 et
1427 1535 1538 1588 quale
1559 1534 1604 1573 s1t
1624 1534 1678 1579 id,
1699 1534 1746 1572 de
1765 1548 1844 1587 quo
1870 1548 1977 1588 quae-

584 1605 728 1643 rimus:
752 1616 827 1641 non
847 1602 952 1654 quod
973 1601 1143 1654 ignorare
1157 1615 1223 1640 vos
1239 1601 1398 1639 arbitrer
1412 1619 1424 1646 ;
1447 1600 1508 1639 sed
1530 1609 1572 1639 ut
1591 1600 1736 1638 ratione
1755 1609 1793 1638 et
1813 1601 1871 1638 via
1886 1614 1978 1653 pro-

582 1669 690 1709 cedat
706 1669 838 1707 oratio.
862 1667 1081 1720 Qaerimus
1097 1667 1228 1719 igitur,
1246 1667 1340 1720 quid
1357 1666 1399 1704 sit
1414 1675 1646 1710 extremum,
1664 1665 1758 1718 quid
1774 1665 1977 1711 ultimum,

582 1737 773 1775 bonorum
790 1749 798 1772 :
822 1733 926 1787 quod
946 1734 1125 1772 omnium
1138 1732 1456 1787 philosophorum
1474 1732 1657 1771 sententia
1679 1732 1749 1770 tale
1765 1732 1877 1770 debet
1891 1731 1976 1777 effe,

582 1813 625 1841 ut
646 1802 690 1839 ad
724 1801 762 1839 id
783 1800 913 1838 omnia
942 1799 1072 1838 referri
1098 1808 1294 1852 oporteat;
1326 1799 1451 1852 ipsum
1478 1807 1607 1837 autem
1637 1798 1840 1851 nusquam.
1887 1799 1978 1837 Hoc

583 1869 773 1921 Epicurus
806 1867 846 1905 in
878 1866 1072 1919 voluptate
1093 1866 1216 1918 ponit,
1238 1865 1343 1917 quod
1374 1865 1574 1903 summum
1595 1865 1742 1902 bonum
1762 1863 1833 1902 effe
1863 1864 1947 1903 vult
1963 1883 1976 1910 ;

581 1935 856 1986 summumque
868 1932 1030 1976 malum,
1047 1932 1219 1970 dolorem
1238 1947 1246 1969 :
1268 1932 1384 1983 idque
1400 1931 1565 1969 instituit
1581 1931 1716 1969 docere
1729 1931 1802 1975 sic;
1827 1939 1854 1955 “
1873 1931 1978 1970 Om-

583 2009 610 2025 “
633 2015 679 2039 ne
696 1999 850 2043 animal,
874 1998 984 2037 simul
1007 2006 1119 2050 atque
1140 2007 1273 2035 natum
1302 1998 1359 2043 sit,
1382 1997 1619 2049 voluptatem
1639 2005 1826 2050 appetere,
1859 1997 1979 2049 estque

582 2075 609 2092 ‘⁸
631 2065 792 2119 gaudere
813 2074 855 2102 ut
876 2063 1028 2102 summo
1043 2063 1174 2107 bon0;
1197 2063 1368 2102 dolorem
1389 2062 1588 2115 aspernari,
1610 2071 1653 2100 ut
1674 2061 1871 2100 summum
1894 2075 1978 2100 ma-

582 2141 609 2157 “
632 2133 728 2177 lum,
759 2140 810 2175 et,
832 2139 1022 2183 quantum
1043 2129 1168 2182 poflit,
1189 2143 1209 2166 a
1229 2129 1263 2167 sc
1285 2128 1464 2182 repellere
1483 2143 1490 2166 :
1525 2128 1638 2181 idque
1661 2126 1781 2166 facere
1803 2127 1975 2166 nondum

581 2206 609 2223 “
631 2199 891 2251 depravatum,
925 2195 1000 2249 ipsa
1035 2205 1164 2233 natura
1192 2196 1409 2248 incorrupte
1430 2204 1543 2246 atque
1573 2195 1718 2247 integre
1738 2193 1977 2246 judicante.''

581 2265 713 2318 Itaque
743 2272 853 2316 negat
887 2276 982 2315 opus
1016 2261 1087 2300 esse
1121 2263 1276 2307 ratione,
1324 2274 1445 2313 neque
1479 2260 1746 2313 disputatione,
1778 2274 1894 2313 quam
1926 2261 1977 2299 ob

581 2344 658 2369 rem
681 2330 854 2382 voluptas
872 2328 1096 2381 expetenda,
1128 2327 1330 2380 fugiendus
1351 2327 1472 2371 dolor,
1497 2327 1552 2365 sit.
1599 2327 1736 2365 Sentiri
1756 2325 1830 2365 hoc
1853 2335 1976 2380 putat,

581 2407 622 2434 ut
653 2397 771 2433 calere
806 2395 950 2447 ignem,
980 2394 1106 2431 nivem
1142 2393 1211 2431 csse
1239 2393 1380 2436 albim,
1409 2392 1521 2430 dulce
1552 2392 1656 2437 mcl;
1688 2406 1855 2445 quorum
1878 2391 1976 2430 nihil

578 2470 727 2516 oportet
747 2461 942 2513 exquisitis
965 2459 1175 2498 rationibus
1193 2459 1418 2498 confirmare
1437 2474 1444 2496 :
1479 2458 1628 2498 tantum
1651 2459 1733 2497 finis
1753 2458 1824 2497 csse
1839 2459 1975 2497 admo-

579 2542 679 2568 nere.
716 2526 887 2565 lntcrcss‘e
907 2527 1012 2564 cnim
1047 2527 1144 2564 inter
1164 2535 1434 2579 argumentum
1463 2525 1827 2577 conclusionemque
1858 2525 1974 2562 ratio-

579 2597 651 2640 nis,
673 2604 709 2632 ct
736 2595 832 2631 inter
853 2593 1087 2633 mediocrem
1115 2592 1478 2634 animadversionem
1507 2602 1621 2645 atquc
1640 2591 1974 2633 admonitionem:
