2330 2983
765 283 1030 322 LIBER
1114 282 1473 322 PRIMUS.
1747 298 1826 339 407

442 383 481 422 id
501 383 611 435 quale
630 381 700 420 esse
719 383 843 435 poffit,
874 383 1040 434 intelligi
1072 397 1148 421 non
1179 384 1312 436 potest.
1353 385 1487 422 Careat
1506 384 1611 422 enim
1632 383 1737 422 sensu
1757 398 1826 423 ne-

442 448 533 486 cesse
552 448 617 492 est,
648 456 770 485 eareat
800 448 916 486 etiam
946 448 1158 499 prudentia,
1189 458 1309 486 careat
1328 450 1552 501 voluptate;
1593 462 1676 501 quae
1696 451 1826 488 omnia

441 512 517 550 una
535 525 625 550 cum
643 513 816 550 Deorum
837 513 991 550 notione
1010 511 1386 563 comprehendimus.
1428 513 1536 550 Idem
1564 524 1601 551 et
1618 515 1658 551 in
1675 516 1828 553 Timaeo

439 577 534 614 dicit
553 586 590 614 et
609 577 650 614 in
670 578 854 629 Legibus,
884 586 923 614 et
948 576 1139 613 mundum
1162 578 1293 614 Deum
1319 576 1403 621 effe,
1431 587 1469 614 et
1489 578 1640 622 caelum,
1662 588 1700 616 et
1719 580 1825 624 astra,

437 651 475 679 et
496 651 646 686 terram,
661 652 699 679 et
714 643 874 685 animos,
898 651 935 679 et
954 655 1031 686 eos,
1053 655 1148 692 quos
1167 643 1357 693 majorum
1378 642 1560 680 institutis
1581 644 1796 695 accepimus
1814 659 1823 682 :

437 720 521 758 quae
557 716 596 744 et
633 720 699 760 per
733 707 768 745 se
801 707 888 745 sunt
916 706 1006 745 falsa
1033 706 1240 759 perspicue,
1279 715 1316 744 et
1346 707 1445 745 inter
1475 707 1547 745 sese
1579 707 1825 747 vehementer

437 772 698 823 repugnantia.

491 838 622 888 Atque
641 838 756 874 etiam
789 835 1007 889 Xenophon
1044 837 1286 888 paucioribus
1312 837 1440 876 verbis
1470 838 1602 876 eadem
1629 838 1706 876 fere
1732 852 1825 891 pec-

437 910 511 940 cat.
553 903 662 940 Facit
681 903 786 940 enim
803 902 842 939 in
863 902 922 946 iis,
945 916 1028 954 quae
1048 916 1068 939 a
1085 904 1233 940 Socrate
1252 903 1351 941 dieta
1369 903 1512 948 retulit,
1535 905 1724 941 Socratem
1746 904 1822 941 dis-

436 976 653 1018 putantem,
695 966 860 1005 formam
896 968 970 1004 Dei
995 967 1112 1018 quaeri
1146 981 1222 1005 non
1256 977 1430 1020 oportere
1449 987 1461 1013 5
1511 969 1753 1020 eundemque
1786 978 1824 1006 et

437 1031 556 1070 solem
593 1041 631 1069 et
664 1032 831 1069 animam
866 1032 996 1069 Deum
1023 1032 1146 1069 dicere
1163 1049 1175 1076 ;
1211 1041 1248 1070 et
1275 1033 1391 1070 modo
1421 1046 1557 1077 unum,
1589 1043 1674 1070 tum
1695 1043 1823 1070 autem

433 1096 561 1148 plures
583 1098 700 1135 Deos.
733 1098 830 1148 Qae
850 1097 937 1135 sunt
956 1097 1089 1134 iisdem
1109 1097 1150 1133 in
1169 1098 1297 1135 erratis
1316 1097 1408 1142 fere,
1431 1098 1571 1149 quibus
1597 1111 1650 1142 ea,
1672 1111 1756 1149 quae
1776 1099 1826 1136 de

434 1162 592 1201 Platone
617 1163 802 1201 dicimus,

487 1228 603 1266 XIII.
634 1230 764 1280 Atque
783 1227 899 1265 etiam
926 1226 1172 1265 Antisthenes
1196 1227 1235 1264 in
1258 1239 1304 1264 eo
1324 1227 1437 1272 libro,
1468 1228 1535 1279 qui
1557 1226 1738 1279 Phyficus
1759 1229 1820 1267 in-

434 1293 622 1338 scribitur,
654 1293 852 1345 populares
873 1293 977 1329 Deos
998 1292 1158 1336 multos,
1189 1293 1399 1330 naturalem
1424 1306 1546 1330 unum
1579 1293 1648 1331 effe
1674 1294 1819 1338 dicens,

433 1357 536 1394 tollit
555 1358 635 1395 vim
655 1366 692 1394 et
711 1366 885 1394 naturam
905 1357 1094 1394 Deorum.

488 1422 575 1459 Nec
609 1422 735 1460 multo
768 1422 870 1459 secus
906 1421 1147 1473 Speufippus‚
1193 1421 1393 1459 Platonem
1424 1421 1658 1460 avunculum
1694 1422 1825 1460 subse«

434 1500 568 1539 quens,
597 1496 635 1525 et
665 1487 746 1524 vim
784 1486 974 1538 quandam
1004 1486 1147 1531 dicens,
1178 1499 1253 1537 qua
1283 1487 1413 1524 omnia
1438 1496 1627 1539 regantur,
1658 1500 1820 1539 eamque

433 1552 652 1596 animalem,
673 1551 832 1588 evellere
852 1564 898 1588 ex
918 1551 1055 1588 animis
1075 1560 1234 1588 conatur
1251 1552 1514 1602 cognitionem
1534 1552 1723 1589 Deorum.

491 1616 707 1654 Aristoteles
728 1628 882 1667 quoque
901 1615 941 1651 in
961 1615 1072 1651 tertio
1107 1614 1154 1651 de
1185 1613 1434 1666 Philosophia
1462 1615 1561 1652 libro
1590 1616 1714 1653 multa
1734 1624 1818 1653 tur-

432 1680 508 1725 bat,
539 1694 559 1718 a
586 1680 764 1732 magistro
807 1679 964 1717 Platone
997 1692 1074 1717 non
1113 1678 1342 1718 dissentiens.
1393 1680 1518 1718 Modo
1555 1681 1660 1718 enim
1693 1682 1817 1718 menti

429 1746 565 1784 tribuit
584 1759 741 1784 omnem
765 1745 1020 1788 divinitatem,
1051 1745 1169 1782 modo
1188 1745 1382 1782 mundum
1407 1745 1533 1797 ipsum
1561 1746 1693 1783 Deum
1722 1747 1818 1783 dicit

428 1810 530 1856 effe;
562 1811 679 1849 modo
712 1809 903 1862 quendam
940 1809 1059 1846 alium
1088 1808 1249 1860 praeficit
1278 1808 1439 1853 mundo,
1469 1809 1582 1861 eique
1613 1823 1671 1848 eas
1691 1819 1814 1862 partes

428 1876 577 1920 tribuit,
595 1884 638 1912 ut
657 1875 900 1926 replicatione
919 1873 1082 1925 quadam
1103 1873 1240 1911 mundi
1259 1882 1413 1911 motum
1433 1883 1550 1926 regat,
1575 1883 1687 1926 atque
1707 1884 1813 1912 tuea-

428 1949 491 1978 tur
513 1955 521 1978 :
555 1949 641 1979 tum
670 1940 752 1978 caeli
771 1939 941 1977 ardorem
963 1939 1095 1976 Deum
1114 1939 1209 1976 dicit
1228 1937 1310 1983 effe,
1341 1952 1417 1977 non
1437 1939 1656 1991 intelligens
1676 1941 1814 1978 caelum

427 2005 563 2043 mundi
582 2005 652 2044 effe
671 2014 832 2057 partem,
864 2018 983 2057 quem
1001 2004 1076 2042 alio
1094 2004 1179 2042 loco
1199 2003 1276 2056 ipse
1294 2004 1493 2056 defignarit
1520 2005 1665 2043 Deum.
1699 2007 1812 2057 Qo-

430 2071 548 2108 modo
574 2079 701 2108 autem
733 2070 816 2108 caeli
843 2069 993 2107 divinus
1020 2069 1088 2106 ille
1114 2069 1235 2107 sensus
1258 2069 1298 2106 in
1320 2070 1510 2107 celeritate
1536 2079 1638 2107 tanta
1663 2071 1814 2109 conser-

424 2135 501 2172 vari
522 2135 642 2187 potest
664 2136 676 2171 ?
707 2135 790 2173 Ubi
809 2134 944 2171 deinde
964 2134 1022 2171 illi
1043 2143 1100 2172 tot
1116 2135 1197 2178 Dii,
1228 2134 1253 2171 fi
1275 2147 1520 2172 numeramus
1541 2136 1655 2172 etiam
1673 2136 1811 2174 caelum

425 2201 558 2238 Deum
574 2200 712 2244 {Cum
734 2208 862 2237 autem
882 2199 956 2236 fine
976 2212 1134 2252 corpore
1152 2199 1256 2237 idem
1277 2200 1359 2237 vult
1378 2199 1449 2237 effe
1468 2201 1614 2245 Deum,
1632 2201 1739 2238 omni
1759 2201 1811 2238 il-

425 2264 510 2302 lum
530 2264 634 2302 sensu
665 2265 799 2316 privat,
830 2264 945 2301 etiam
974 2264 1187 2316 prudentia.
1235 2265 1326 2315 Qo
1356 2279 1467 2317 porro
1496 2265 1612 2303 modo
1641 2266 1808 2305 mundus

427 2331 570 2368 moveri
598 2330 717 2382 potest
746 2342 872 2367 carens
893 2342 1049 2382 corpore
1065 2349 1076 2375 ;
1108 2339 1172 2368 aut
1201 2331 1396 2383 quomodo
1416 2331 1560 2383 semper
1580 2331 1615 2368 sc
1635 2344 1808 2375 movens,

428 2394 498 2432 ess‘e
516 2395 668 2446 quietus
689 2404 725 2432 et
746 2395 876 2432 beatus
896 2394 1015 2447 potest
1033 2395 1046 2432 ?

484 2459 568 2497 Nec
602 2473 689 2498 vero
718 2460 797 2511 ejus
828 2459 1110 2512 condiscipulus
1132 2461 1360 2499 Xenocrates
1395 2461 1434 2498 in
1462 2460 1535 2497 hoc
1560 2473 1694 2512 genere
1712 2474 1805 2512 pru-

427 2524 575 2564 dentior
587 2543 598 2571 5
622 2525 660 2564 in
677 2525 785 2579 cujus
798 2524 918 2570 libris,
936 2526 1003 2578 qui
1018 2525 1104 2564 sunt
1119 2526 1165 2564 de
1180 2525 1327 2564 Natura
1339 2526 1527 2571 Deorum,
1550 2525 1652 2564 nulla
1667 2525 1808 2577 species
