2330 2983
579 316 660 366 464
835 310 928 349 DE
987 307 1315 348 NATURA
1372 305 1716 345 DEORUM

632 411 703 450 Sed
735 408 781 447 ad
814 409 955 460 majora
987 406 1198 445 redeamus.
1254 406 1316 443 Ex
1346 403 1483 443 aethere
1516 404 1636 456 igitur
1666 402 1965 442 innumerabiles

577 479 742 516 flammae
761 474 925 513 fiderum
956 473 1123 511 existunt
1137 490 1150 517 5
1182 484 1348 524 quorum
1368 471 1420 509 est
1440 470 1616 523 princeps
1637 469 1705 514 sol,
1737 468 1868 508 omnia
1886 468 1967 507 cla-

577 541 719 580 riflima
737 540 824 578 luce
853 537 1088 582 collustrans,
1124 537 1258 575 multis
1278 536 1448 588 partibus
1481 536 1614 587 major,
1646 544 1760 587 atque
1790 534 1967 587 amplior,

577 620 696 661 quam
717 615 812 644 terra
831 603 1026 642 universa:
1058 602 1194 641 deinde
1224 602 1368 654 reliqua
1387 601 1501 639 sidera
1531 600 1864 653 magnitudinibus
1890 600 1968 637 im-

577 672 730 711 menfis.
749 672 880 722 Atque
899 667 941 706 hi
962 669 1056 706 tanti
1076 669 1196 720 ignes,
1219 677 1374 718 tamque
1394 666 1524 710 multi,
1545 679 1623 703 non
1643 665 1760 704 modo
1779 663 1878 703 nihil
1896 677 1967 702 no-

577 747 667 776 cent
687 736 809 781 terris,
827 734 1014 786 rebusque
1034 733 1282 776 terrestribus,
1305 731 1366 769 sed
1385 731 1438 768 ita
1457 731 1627 783 prosunt,
1649 740 1692 769 ut
1712 730 1738 768 fi
1758 739 1862 768 mota
1881 729 1968 767 loco

580 804 666 848 sint,
687 802 914 853 conflagrare
935 809 1047 837 terras
1074 797 1214 836 necesse
1235 797 1278 834 s1t
1298 810 1318 834 a
1337 797 1451 834 tantis
1471 796 1682 840 ardoribus,
1709 795 1969 833 moderatione

577 878 616 906 et
636 867 908 919 temperatione
930 863 1084 902 sublata.

639 932 850 971 XXXVII.
883 931 964 969 Hic
992 943 1066 982 ego
1086 942 1163 967 non
1184 929 1298 967 mirer
1317 927 1387 967 effe
1417 940 1670 980 quemquam,
1704 925 1773 978 qui
1793 924 1862 963 fibi
1881 937 1969 978 per-

579 999 742 1043 suadeat,
774 1009 930 1050 corpora
963 995 1138 1048 quaedam
1170 995 1286 1034 solida
1316 1004 1429 1047 atque
1448 993 1644 1032 individua
1673 992 1711 1030 vi
1731 1000 1770 1030 et
1788 992 1971 1044 gravitate

579 1065 683 1110 ferri,
697 1063 967 1115 mundumque
981 1062 1081 1100 effici
1094 1060 1390 1105 ornatiffimum,
1404 1070 1441 1098 et
1456 1058 1765 1112 pulcherrimum
1777 1069 1824 1095 ex
1835 1069 1969 1095 eorum

579 1144 783 1183 corporum
803 1128 1048 1167 concursione
1067 1127 1253 1166 fortuita?
1285 1128 1375 1165 Hoc
1396 1127 1464 1178 qui
1483 1125 1674 1164 existimat
1694 1123 1775 1162 fieri
1795 1121 1969 1176 potuiffe,

580 1209 658 1234 non
678 1194 868 1247 intelligo,
899 1206 968 1231 cur
987 1206 1065 1230 non
1084 1192 1187 1230 idem
1208 1200 1331 1244 putet,
1353 1190 1378 1228 fi
1399 1189 1697 1229 innumerabiles
1723 1188 1836 1226 unius
1856 1197 1894 1225 et
1911 1188 1970 1225 vi-

579 1261 679 1313 ginti
698 1259 832 1298 formae
851 1258 1047 1296 literarum
1066 1257 1125 1295 vel
1145 1270 1277 1300 aureae,
1298 1256 1357 1293 vel
1378 1255 1507 1307 quales
1526 1255 1636 1299 libet,
1657 1253 1786 1305 aliquo
1805 1254 1970 1305 conjici-

579 1335 705 1370 antur,
736 1323 836 1377 poffe
854 1336 901 1361 ex
922 1321 982 1360 his
1002 1322 1043 1360 in
1064 1331 1202 1360 terram
1221 1320 1380 1359 excuffis
1400 1319 1550 1358 annales
1572 1319 1705 1363 Ennii,
1730 1328 1774 1356 ut
1792 1318 1970 1372 deinceps

578 1391 656 1443 legi
676 1390 827 1443 poffint,
847 1387 972 1426 effici:
993 1386 1111 1439 quod,
1134 1385 1272 1429 nescio,
1293 1399 1339 1423 an
1359 1398 1406 1423 ne
1425 1385 1465 1422 in
1486 1397 1565 1422 uno
1584 1383 1742 1435 quidem
1761 1383 1868 1420 versu
1883 1383 1970 1435 pos-

579 1457 626 1496 s1t
645 1466 797 1495 tantum
827 1454 947 1492 valere
965 1451 1133 1492 fortuna.
1171 1452 1236 1490 Isti
1256 1461 1384 1490 autem
1405 1449 1736 1504 quemadmodum
1755 1447 1971 1495 asseverant,

577 1536 628 1561 ex
648 1520 881 1574 corpusculis
902 1533 977 1557 non
998 1518 1139 1563 colore,
1171 1531 1249 1556 non
1274 1517 1458 1569 qualitate
1488 1516 1628 1568 aliqua,
1663 1527 1782 1567 quam
1811 1512 1974 1556 ποιότητα

581 1588 710 1627 Graeci
740 1594 890 1629 vocant,
924 1598 1001 1622 non
1031 1583 1137 1621 sensu
1167 1583 1350 1634 praeditis,
1396 1582 1457 1620 sed
1486 1580 1803 1620 concurrentibus
1834 1589 1975 1618 temere

581 1664 695 1707 atque
715 1652 814 1697 casu,
835 1649 1028 1689 mundum
1046 1647 1117 1694 effe
1148 1646 1392 1701 perfectum?
1423 1647 1483 1684 vel
1515 1646 1814 1684 innumerabiles
1845 1647 1973 1698 potius

583 1721 625 1758 in
658 1718 768 1757 omni
798 1717 942 1769 puncto
973 1713 1157 1766 temporis
1188 1713 1280 1751 alios
1314 1712 1429 1757 nasci,
1463 1711 1555 1750 alios
1590 1711 1769 1750 interire?
1802 1711 1919 1762 Qod
1949 1712 1975 1751 si

582 1783 775 1823 mundum
796 1781 942 1820 efficere
961 1779 1083 1832 potest
1102 1777 1306 1817 concursus
1327 1787 1560 1822 atomorum,
1588 1791 1656 1816 cur
1674 1777 1884 1830 porticum,
1905 1791 1974 1816 cur

582 1849 792 1902 templum,
814 1860 882 1885 cur
901 1845 1078 1889 domum,
1100 1857 1168 1882 cur
1187 1843 1323 1881 urbem
1342 1856 1420 1882 non
1439 1843 1560 1895 potest
1578 1843 1590 1879 ?
1626 1856 1711 1895 quae
1731 1841 1817 1880 sunt
1843 1842 1973 1881 minus

583 1914 749 1968 operosa,
781 1921 819 1951 et
839 1911 965 1950 multo
983 1910 1141 1962 quidem
1161 1908 1345 1948 faciliora.
1389 1909 1504 1947 Certe
1529 1908 1580 1946 ita
1600 1916 1742 1945 temere
1761 1906 1807 1945 de
1827 1908 1975 1946 mundo

583 1978 781 2023 effutiunt,
802 1985 846 2015 ut
865 1973 966 2014 mihi
996 1974 1155 2026 quidem
1175 1987 1376 2026 nunquam
1395 1972 1501 2012 hunc
1521 1972 1789 2012 admirabilem
1808 1971 1891 2010 caeli
1910 1985 1974 2011 or-

584 2053 733 2088 natum,
754 2043 822 2096 qui
842 2043 947 2080 locus
968 2039 1020 2078 est
1040 2040 1253 2092 proximus,
1274 2039 1470 2092 suspexiffe
1490 2039 1701 2077 videantur.

642 2110 823 2149 Praeclare
850 2121 940 2160 ergo
967 2105 1200 2151 Aristoteles,
1233 2113 1260 2129 “
1291 2106 1329 2143 Si
1359 2105 1486 2149 essent,
1518 2105 1660 2157 inquit,
1692 2103 1759 2156 qui
1786 2103 1853 2142 sub
1881 2113 1977 2142 term

587 2185 615 2202 ‘¹
637 2177 783 2229 semper
803 2171 1080 2217 habitavissent,
1098 2172 1207 2210 bonis
1228 2181 1266 2209 et
1284 2171 1492 2209 illustribus
1513 2170 1736 2214 domiciliis,
1756 2184 1841 2222 quae
1860 2169 1976 2210 essent

589 2251 615 2266 ‘⁸
637 2251 767 2280 ornata
799 2239 911 2293 signis
943 2247 1054 2289 atque
1089 2237 1260 2290 picturis,
1285 2236 1540 2288 instruetaque
1570 2236 1680 2274 rebus
1701 2234 1747 2272 iis
1776 2235 1974 2280 omnibus,

589 2315 616 2332 ‘⁸
637 2307 779 2360 quibus
800 2303 994 2343 abundant
1015 2303 1040 2340 ii
1060 2303 1127 2354 qui
1148 2302 1246 2339 beati
1267 2311 1462 2354 putantur,
1485 2315 1554 2339 nec
1577 2311 1703 2339 tamen
1723 2299 1880 2338 exiss‘ent
1900 2313 1974 2338 un—

590 2381 617 2397 “
637 2385 754 2425 quam
775 2371 882 2423 supra
913 2379 1049 2407 terram
1068 2387 1079 2413 5
1111 2367 1333 2420 accepiss‘ent
1364 2376 1492 2405 autem
1514 2365 1614 2404 fama
1631 2375 1669 2404 et
1694 2365 1887 2404 auditione
1905 2365 1975 2404 effe

591 2446 618 2462 “
639 2437 833 2490 quoddam
863 2448 1023 2479 numen,
1052 2442 1089 2471 et
1119 2433 1198 2471 vim
1229 2433 1430 2478 Deorum5
1462 2432 1597 2470 deinde
1626 2432 1756 2484 aliquo
1789 2441 1974 2484 tempore,

591 2510 618 2528 ‘⁸
641 2501 834 2555 patefactis
855 2510 959 2539 terra:
975 2498 1164 2541 faucibus,
1185 2511 1230 2535 cx
1248 2497 1323 2535 illis
1340 2497 1477 2535 abditis
1497 2497 1646 2535 sedibus
1666 2497 1819 2535 evadere
1834 2496 1875 2534 in
1894 2495 1975 2534 hate

592 2576 620 2593 “
643 2568 725 2605 loca
744 2581 827 2619 quoe
847 2579 914 2605 nos
936 2565 1156 2609 incolimus,
1188 2574 1300 2615 atque
1319 2563 1420 2601 exire
1440 2562 1668 2615 potuill‘ent5
1699 2576 1790 2601 cum
1823 2571 1975 2614 repente

591 2641 620 2659 ⁴‘
644 2643 794 2677 terram,
815 2642 851 2671 ct
872 2632 1001 2677 maria,
1018 2631 1232 2683 caelumque
1253 2628 1425 2670 vidiss‘ent
1436 2647 1449 2676 5
1471 2629 1636 2669 nubium
1652 2627 1974 2682 magnitudinem,
