2330 2983
589 363 669 416 498
853 360 948 398 DE
998 359 1340 398 NATURA
1387 359 1734 400 DEORUM

590 464 773 501 Praeterea
792 459 947 498 nullum
968 459 1089 512 potest
1109 458 1180 498 effe
1206 458 1364 505 animal,
1395 459 1434 497 in
1455 473 1534 512 quo
1554 472 1631 498 non
1662 469 1701 497 et
1726 459 1912 512 appetitio
1930 456 1990 506 fit,

588 537 626 565 et
646 526 853 564 declinatio
883 525 1079 564 naturalis.
1123 527 1374 579 Appetuntur
1404 535 1548 570 autem,
1579 539 1664 578 quae
1685 525 1894 564 secundum
1921 539 1991 564 na-

589 604 716 632 turam
736 592 837 638 sunt‚
867 592 1107 630 declinantur
1123 593 1310 630 contraria
1327 607 1336 630 :
1368 601 1405 630 et
1425 606 1541 630 omne
1561 592 1702 630 animal
1723 593 1870 646 appetit
1885 605 1992 645 quae-

589 660 694 704 dam,
723 668 761 697 et
781 658 883 712 fugit
902 672 922 696 a
941 658 1187 710 quibusdam.
1227 658 1344 710 Qod
1365 667 1493 696 autern
1516 657 1671 711 refugit,
1703 659 1744 697 id
1769 667 1904 696 contra
1923 671 1991 696 na-

592 737 717 765 turam
737 725 790 764 est
805 745 817 771 ;
849 734 887 763 et
907 725 1011 777 quod
1031 724 1084 762 est
1103 734 1238 762 contra
1257 734 1445 769 naturam,
1467 725 1505 763 id
1527 723 1642 763 habet
1663 726 1742 763 vim
1763 725 1991 763 interimen-

591 793 656 831 di:
692 805 808 830 omne
828 804 919 843 ergo
939 789 1081 827 animal
1116 790 1273 827 intereat
1294 788 1435 826 neceffe
1455 789 1520 827 est.
1572 790 1873 828 Innumerabilia
1893 789 1993 834 sunt,

590 873 639 898 ex
659 858 803 911 quibus
822 857 924 895 effici
944 857 1110 909 cogique
1130 855 1257 908 poffit,
1292 854 1391 893 nihil
1412 855 1497 900 effe,
1531 856 1635 908 quod
1662 855 1812 893 sensum
1843 855 1994 901 habeat,

590 926 687 978 quin
707 925 748 963 id
766 925 940 962 intereat.
986 922 1146 961 Etenim
1167 935 1209 960 ea
1232 921 1323 975 ipsa,
1355 936 1441 975 quae
1461 921 1689 967 sentiuntur,
1721 930 1764 960 ut
1783 920 1921 974 frigus,
1952 931 1997 961 ut

590 991 707 1037 calor,
729 1000 772 1029 ut
791 990 981 1042 voluptas,
1003 998 1047 1027 ut
1067 988 1189 1034 dolor,
1213 997 1255 1026 ut
1275 997 1420 1034 caetera,
1442 1002 1535 1026 cum
1555 987 1790 1041 amplificata
1810 987 1910 1033 sunt,
1931 987 1996 1025 in-

590 1057 792 1096 terimunt.
815 1057 903 1095 Nec
923 1055 1051 1094 ullum
1071 1055 1213 1093 animal
1229 1055 1281 1094 est
1300 1055 1376 1094 fine
1390 1054 1521 1093 sensu:
1544 1055 1699 1093 nullum
1719 1055 1838 1108 igitur
1853 1050 1999 1092 ar'iimal

591 1124 645 1163 est
664 1133 864 1163 aeternum.

582 1200 587 1202 ’
617 1212 619 1214 ·
647 1191 760 1229 XIV.
793 1189 953 1228 Etenim
973 1197 1039 1226 aut
1057 1188 1217 1241 simplex
1238 1187 1291 1226 est
1310 1197 1443 1226 natura
1461 1188 1683 1233 animantis,
1705 1196 1749 1226 ut
1768 1187 1828 1225 vel
1853 1195 1999 1225 terrena

592 1256 652 1301 fit,
671 1255 732 1294 vel
752 1256 878 1308 ignea,
905 1254 966 1292 vel
985 1254 1176 1298 animalis,
1197 1254 1257 1291 vel
1278 1253 1464 1298 humida3
1496 1253 1601 1306 quod
1627 1253 1738 1307 quale
1767 1253 1826 1298 fit,
1859 1265 1906 1291 ne
1933 1253 2000 1290 in-

591 1320 717 1373 telligi
737 1319 898 1373 quidem
917 1318 1062 1371 potest:
1094 1326 1159 1356 aut
1179 1327 1358 1356 concreta
1375 1332 1424 1356 ex
1443 1319 1619 1371 pluribus
1640 1319 1799 1363 naturis,
1832 1331 1999 1370 quarum

593 1386 705 1424 suum
725 1397 888 1438 quaeque
915 1383 1050 1422 locum
1080 1381 1232 1428 habeat,
1263 1397 1342 1436 quo
1372 1392 1516 1422 naturae
1535 1384 1573 1421 vi
1592 1382 1782 1428 efferatur,
1813 1383 1887 1420 alia
1906 1381 2000 1420 infi-

593 1465 722 1497 mum,
754 1450 826 1489 alia
844 1450 1060 1494 summum,
1092 1449 1164 1487 alia
1183 1449 1375 1488 medium.
1420 1449 1519 1488 Haec
1550 1448 1595 1487 ad
1622 1448 1818 1502 quoddam
1845 1456 2002 1501 tempus

593 1516 783 1556 cohaerere
813 1515 994 1570 poffunt3
1027 1515 1175 1568 semper
1204 1524 1333 1553 autem
1364 1514 1474 1552 nullo
1504 1514 1623 1553 modo
1643 1513 1822 1568 pofl‘unt:
1857 1513 2002 1552 necefl‘e

593 1583 647 1621 est
666 1583 785 1627 enim,
803 1583 844 1620 in
863 1582 976 1620 suum
996 1595 1159 1634 quaeque
1179 1581 1312 1620 locum
1332 1590 1465 1620 natura
1484 1581 1664 1634 rapiatur.
1687 1581 1861 1621 Nullum
1881 1580 2005 1633 igitur

594 1649 737 1688 animal
757 1647 809 1686 est
828 1647 1122 1700 sempiternum.

656 1715 728 1752 Sed
759 1714 892 1752 omnia
910 1712 1034 1756 vestri,
1071 1712 1201 1757 Balbe,
1232 1711 1353 1750 solent
1383 1711 1429 1749 ad
1448 1711 1602 1764 igneam
1629 1712 1709 1749 vim
1730 1711 1880 1758 referre,
1912 1713 2004 1751 He-

596 1780 790 1824 raclitum,
826 1787 870 1817 ut
898 1778 1049 1831 opinor,
1085 1777 1281 1830 sequentes
1298 1796 1309 1822 3
1342 1791 1460 1830 quem
1481 1777 1606 1831 ipsum
1628 1791 1705 1817 non
1725 1791 1859 1817 omnes
1879 1779 2001 1817 inter-

597 1857 793 1902 pretantur
812 1859 891 1884 uno
912 1845 1043 1884 modo.
1090 1845 1172 1897 Qi
1194 1845 1395 1897 quoniam,
1429 1845 1524 1898 quid
1544 1845 1701 1890 diceret,
1730 1845 1897 1898 intelligi
1928 1859 2001 1884 no-

597 1915 685 1958 luit,
715 1913 958 1951 omittamus.
990 1911 1071 1948 Vos
1092 1920 1220 1948 autem
1242 1911 1294 1948 ita
1313 1911 1457 1956 dicitis,
1482 1924 1638 1949 ornnem
1661 1911 1742 1949 vim
1762 1910 1833 1949 effe
1853 1912 1999 1964 ignem.

599 1981 732 2032 Itaque
751 1988 789 2016 et
816 1978 1043 2021 animantes,
1074 1990 1165 2014 cum
1197 1977 1300 2015 calor
1332 1977 1528 2023 defecerit,
1560 1987 1645 2016 tum
1677 1977 1861 2015 interire:
1892 1986 1930 2015 et
1961 1979 2001 2016 in

599 2045 709 2084 omni
730 2054 863 2082 natura
894 2056 1021 2081 rerum
1052 2042 1090 2080 id
1109 2043 1248 2087 vivere,
1280 2043 1318 2081 id
1340 2045 1482 2095 vigere,
1512 2044 1617 2095 quod
1638 2043 1769 2081 caleat.
1816 2044 1904 2095 Ego
1932 2058 2001 2082 au-

599 2122 678 2150 tem
701 2125 777 2149 non
799 2109 988 2162 intelligo,
1022 2122 1100 2162 quo
1120 2109 1252 2154 modo,
1274 2109 1396 2147 calore
1416 2109 1602 2153 extincto,
1623 2122 1781 2162 corpora
1800 2110 2001 2155 intereant,

600 2192 677 2217 non
699 2179 883 2217 intereant
903 2176 1080 2221 humore,
1112 2185 1176 2215 aut
1198 2176 1330 2230 spiritu
1351 2176 1498 2221 amiffo,
1530 2176 1736 2229 praesertim
1769 2190 1859 2214 cum
1881 2178 2001 2215 inter-

601 2254 687 2283 eant
707 2245 823 2282 etiam
846 2243 968 2281 nimio
1001 2242 1137 2281 calore.
1182 2243 1448 2295 Qamobrem
1477 2242 1514 2280 id
1535 2243 1695 2295 quidem
1722 2256 1932 2282 commune
1950 2243 2003 2281 est

601 2313 648 2349 de
665 2311 789 2349 calido
807 2325 816 2348 ε
847 2318 1096 2348 veruntamen
1119 2309 1314 2347 videamus
1331 2310 1496 2348 exitum.

658 2377 715 2415 Ita
746 2376 876 2421 vultis,
907 2376 1058 2429 opinor,
1091 2374 1186 2412 nihil
1209 2375 1279 2413 ess‘c
1306 2375 1446 2414 animal
1467 2374 1699 2414 extrinsecus
1720 2375 1758 2413 in
1783 2385 1914 2414 natum
1943 2385 2003 2414 at-

602 2458 677 2496 quc
699 2443 859 2488 mundo,
892 2451 1024 2496 praetcr
1060 2442 1202 2494 ignem.
1249 2443 1329 2493 Qi
1351 2442 1486 2495 magia,
1518 2456 1633 2495 quam
1658 2452 1792 2496 praeter
1818 2444 2002 2488 animam,

604 2510 704 2548 unde
726 2509 980 2548 animantium
1003 2522 1157 2561 quoquc
1178 2508 1321 2547 constet
1342 2509 1508 2553 animus,
1526 2523 1572 2547 ex
1593 2523 1672 2562 quo
1692 2509 1820 2548 anima
1835 2510 2002 2548 dicitur?

604 2578 697 2627 Qo
718 2575 835 2614 modo
854 2585 982 2614 autem
1004 2573 1092 2619 hoc,
1119 2574 1220 2627 quasi
1242 2575 1487 2620 concedatur,
1511 2574 1676 2620 sumitis,
1710 2574 1807 2613 nihil
1827 2574 1898 2613 ess‘c
1919 2576 2004 2613 ani-

607 2657 732 2686 mum,
764 2642 830 2680 nisi
853 2643 982 2696 ignem
1001 2643 1013 2679 ?
1046 2641 1287 2680 probabilius
1307 2642 1411 2680 enim
1433 2642 1597 2686 videtur,
1628 2642 1700 2680 tale
1720 2642 1904 2695 quiddam
1928 2641 2004 2681 csse

605 2709 794 2755 animum,
818 2718 860 2747 ut
881 2709 923 2747 lit
944 2723 989 2748 cx
1012 2708 1099 2762 igne
1120 2718 1234 2761 atquc
1255 2709 1381 2747 anima
1401 2717 1670 2761 temperatum.
