2330 2983
816 204 1411 244 LUCULLUS.
1769 222 1813 258 19

413 296 524 352 quod
542 297 624 336 fieri
642 299 719 336 fine
745 297 944 336 assensione
968 312 1045 336 non
1072 297 1206 350 potest.
1258 298 1409 335 Deinde
1434 310 1526 336 cum
1559 298 1658 336 inter
1688 299 1813 338 inani-

416 378 531 403 mum
551 373 587 402 et
607 364 747 402 animal
768 362 842 401 hoc
863 365 1033 402 maxime
1052 364 1211 408 interfit,
1233 364 1338 416 quod
1358 364 1577 402 inanimum
1598 363 1697 402 nihil
1720 366 1813 417 agit,

417 430 559 468 animal
579 429 657 482 agit
676 429 846 481 aliquid;
873 429 990 481 (nihil
1010 430 1115 468 enim
1135 444 1248 482 agens
1270 444 1317 467 ne
1337 430 1496 482 cogitari
1517 431 1674 483 quidem
1695 431 1817 483 potest

417 494 529 547 quale
548 495 609 547 fit)
641 504 704 532 aut
725 495 759 532 ei
780 495 903 533 sensus
923 495 1149 532 adimendus
1170 495 1250 538 est3
1282 504 1346 532 aut
1365 509 1420 539 ea,
1451 509 1536 547 qua:
1563 496 1614 534 est
1635 497 1673 533 in
1695 497 1817 534 nostra

413 560 600 613 potestate
630 561 709 605 fita,
742 560 929 598 reddenda
948 559 1111 598 affenfio.
1156 562 1212 598 At
1232 574 1319 598 vero
1338 561 1490 598 animus
1511 561 1678 613 quodam
1699 562 1817 600 modo

417 626 578 678 eripitur
596 625 671 672 his,
690 640 790 679 quos
812 640 934 679 neque
954 626 1104 671 sentire,
1126 639 1250 678 neque
1272 625 1436 664 affentiri
1456 626 1605 664 volunt.
1638 628 1695 664 Ut
1710 628 1816 665 enim

416 692 559 730 necesse
578 693 643 738 est,
679 693 828 730 lancem
850 693 890 731 in
911 692 1020 737 libra,
1055 692 1286 745 ponderibus
1306 692 1509 744 impositis,
1544 692 1707 745 deprimi
1723 711 1734 738 ς
1767 693 1817 731 110

415 759 593 797 animum
611 759 819 812 perspicuis
839 759 985 798 cedere.
1035 759 1158 804 Nam,
1191 772 1269 811 quo
1290 758 1406 796 modo
1426 772 1503 796 non
1527 758 1649 811 potest
1675 759 1815 797 animal

417 824 546 864 ullum
567 840 645 864 non
665 834 840 878 appetere
859 826 913 870 id,
945 825 1050 877 quod
1071 825 1409 863 accommodatum
1435 825 1480 862 ad
1500 834 1674 863 naturam
1701 838 1816 878 appa-

419 899 522 936 reat;
570 891 716 942 (Graeci
747 890 786 928 id
806 889 910 926 οὶκᾶον
942 890 1154 943 appellant)
1191 890 1239 928 fic
1266 903 1343 928 non
1363 890 1487 942 potest
1515 889 1706 942 objectam
1736 904 1818 929 rem

417 955 655 1008 perspicuam
675 970 753 995 non
773 956 994 1009 approbare.

472 1023 722 1075 Qanquam,
744 1023 771 1060 fi
791 1022 869 1067 illa,
901 1022 949 1060 de
967 1023 1109 1075 quibus
1130 1021 1369 1075 disputatum
1388 1022 1454 1067 est,
1485 1035 1572 1060 vera
1595 1021 1696 1067 sunt,
1719 1021 1817 1060 nihil

415 1089 552 1127 attinet
584 1089 631 1127 de
660 1088 861 1128 affenfione
893 1089 1054 1128 omnino
1085 1089 1220 1141 loqui:
1267 1089 1335 1141 qui
1368 1089 1476 1127 enim
1506 1088 1601 1141 quid
1637 1089 1815 1141 percipit,

414 1155 611 1194 assentitur
629 1155 770 1194 statim.
821 1155 892 1194 Sed
907 1154 996 1194 haeo
1009 1156 1127 1193 etiam
1147 1155 1370 1208 sequuntur,
1402 1168 1472 1192 nec
1491 1155 1720 1193 memoriam
1741 1155 1818 1192 fine

414 1220 618 1260 affenfione
648 1221 751 1275 poffe
776 1221 958 1267 constare,
989 1235 1059 1260 nec
1089 1221 1245 1260 notitias
1272 1235 1414 1265 rerum,
1445 1234 1516 1258 nec
1547 1230 1670 1259 artes:
1702 1220 1820 1273 idque

415 1287 523 1341 quod
540 1288 763 1327 maximum
781 1288 847 1332 est,
880 1297 922 1326 ut
941 1288 986 1326 fit
1011 1287 1157 1340 aliquid
1176 1288 1216 1326 in
1238 1287 1361 1326 nostra
1379 1286 1574 1340 potestate,
1601 1287 1640 1324 in
1660 1300 1719 1331 eo,
1751 1286 1819 1340 qui

418 1354 473 1392 rei
494 1354 593 1392 nulli
613 1354 843 1398 assentietur,
865 1368 942 1392 non
962 1355 1046 1392 erit.
1073 1354 1156 1392 Ubi
1175 1354 1295 1406 igitur
1314 1355 1450 1398 virtus,
1471 1354 1497 1391 11
1518 1352 1617 1391 1111111
1638 1353 1752 1391 11111111
1767 1353 1819 1391 est

420 1419 461 1458 in
481 1419 567 1472 ipsis
589 1419 727 1458 nobis?
759 1419 936 1458 Maxime
965 1428 1095 1458 autem
1124 1419 1345 1464 absurdum,
1368 1419 1460 1457 vitia
1485 1418 1525 1456 in
1556 1418 1727 1471 ipsorum
1749 1418 1819 1457 effe

418 1485 615 1539 potestate,
645 1499 770 1537 neque
799 1498 956 1538 peccare
976 1498 1229 1537 quemquam,
1264 1485 1333 1522 nifi
1363 1484 1586 1530 affenfione5
1618 1483 1694 1522 hoc
1713 1485 1819 1524 idem

418 1553 459 1591 in
479 1553 618 1590 virtute
638 1565 716 1590 non
735 1551 821 1597 effe,
850 1552 959 1604 cujus
980 1552 1107 1590 omnis
1127 1551 1336 1590 constantia
1355 1560 1394 1589 et
1415 1551 1574 1589 firmitas
1603 1565 1650 1590 ex
1675 1550 1737 1590 his
1758 1566 1817 1590 re-

417 1620 490 1657 bus
509 1617 668 1662 constat,
700 1617 842 1670 quibus
862 1616 996 1655 assensa
1013 1617 1080 1662 est,
1112 1625 1150 1655 et
1175 1629 1268 1670 quas
1299 1617 1548 1670 approbavit:
1581 1617 1819 1670 omninoque

416 1689 504 1718 ante
524 1679 643 1717 videri
663 1678 824 1731 aliquid,
855 1692 973 1731 quam
993 1692 1164 1731 agamus,
1195 1678 1338 1716 neceffe
1369 1678 1449 1723 est,
1480 1678 1605 1730 eique,
1623 1678 1727 1731 quod
1757 1679 1817 1716 vi-

417 1744 503 1784 sum
536 1745 595 1790 fit,
625 1743 855 1783 affentiatur.
915 1745 1044 1797 Qare
1065 1745 1133 1797 qui
1153 1754 1218 1783 aut
1237 1744 1376 1790 visum,
1409 1753 1474 1782 aut
1493 1743 1678 1783 affensum
1699 1744 1816 1790 tollit,

417 1812 449 1851 is
469 1825 629 1851 omnem
648 1811 836 1850 actionem
857 1811 960 1850 tollit
980 1825 1000 1849 e
1022 1812 1111 1850 vita.

473 1879 587 1917 XIII.
619 1878 741 1917 Nunc
771 1891 812 1915 ea
831 1878 1041 1923 videamus,
1074 1891 1158 1931 quae
1177 1875 1311 1915 contra
1329 1877 1376 1915 ab
1397 1876 1457 1915 his
1479 1877 1662 1930 disputari
1681 1876 1817 1917 solent.

417 1946 490 1984 Sed
509 1946 613 1998 prius
629 1945 782 1998 potestis
801 1945 917 1984 totius
935 1959 1069 1984 eorum
1090 1945 1246 1983 rationis
1262 1944 1364 1997 quafi
1385 1943 1635 1983 fundamenta
1653 1944 1817 1997 cognos-

415 2025 514 2050 cere.
575 2013 831 2064 Componunt
864 2011 983 2064 igitur
1002 2012 1176 2064 primum
1195 2020 1316 2050 artem
1337 2011 1531 2063 quandam
1557 2011 1602 2049 de
1621 2008 1696 2055 his,
1733 2023 1818 2063 quae

417 2076 492 2115 visa
505 2077 670 2115 dicimus
686 2095 695 2122 ;
718 2090 930 2129 eorumque
946 2086 984 2114 et
1004 2077 1099 2122 vim,
1117 2086 1154 2115 et
1170 2090 1308 2129 genera
1323 2076 1511 2114 definiunt
1526 2091 1534 2114 :
1555 2077 1596 2114 in
1610 2075 1686 2120 his,
1704 2075 1817 2128 quale

417 2139 463 2177 fit
481 2139 535 2183 id,
556 2138 661 2191 quod
680 2138 826 2191 percipi
847 2147 884 2175 et
909 2137 1186 2191 comprehendi
1206 2138 1318 2191 possit
1335 2156 1346 2183 3
1380 2137 1543 2176 totidem
1560 2137 1700 2181 verbis,
1721 2145 1817 2189 quot

416 2205 549 2244 Stoici.
578 2205 730 2243 Deinde
759 2204 824 2242 illa
844 2213 1042 2257 exponunt
1062 2205 1153 2250 duo,
1186 2218 1271 2257 qua?
1291 2205 1394 2257 quasi
1417 2205 1638 2243 contineant
1657 2217 1816 2242 omnem

417 2270 517 2310 hanc
537 2271 784 2324 quaestionem
802 2286 810 2309 :
844 2285 929 2323 quae
949 2272 1001 2309 ita
1020 2271 1232 2316 videantur,
1252 2281 1293 2309 ut
1313 2271 1428 2308 etiam
1450 2271 1522 2308 alia
1540 2269 1663 2308 multa
1678 2269 1815 2308 eodem

416 2338 536 2376 modo
555 2338 673 2376 videri
689 2337 841 2390 possint,
864 2351 932 2375 nec
953 2338 993 2376 in
1014 2336 1074 2376 his
1104 2336 1319 2390 quidquam
1339 2336 1496 2382 interfit,
1519 2350 1596 2375 non
1617 2334 1717 2389 poffe
1747 2349 1814 2374 eo-

418 2416 506 2441 rum
535 2403 607 2441 alia
635 2403 794 2456 percipi,
825 2403 896 2441 alia
925 2416 1001 2441 non
1033 2403 1205 2456 percipi:
1238 2401 1338 2440 nihil
1363 2401 1534 2440 intereffe
1562 2411 1706 2446 autem,
1736 2414 1815 2439 non

416 2467 535 2506 modo
554 2468 580 2506 fi
609 2482 656 2507 ex
685 2468 794 2507 omni
814 2478 920 2521 parte
939 2467 1108 2521 ejusdem
1137 2469 1244 2506 modi
1266 2468 1352 2512 sint,
1384 2467 1446 2504 sed
1465 2467 1581 2504 etiam
1608 2466 1634 2504 11
1654 2465 1814 2504 discerni

414 2547 495 2574 non
515 2534 667 2587 poffint.
714 2535 869 2588 Qibus
896 2535 1039 2588 positis,
1073 2535 1186 2574 unius
1217 2533 1434 2587 argumenti
1464 2533 1707 2574 conclusione
1737 2540 1815 2586 tota

1425 2599 1460 2639 C
1491 2611 1514 2639 2
