2330 2983
805 238 1080 277 LIBER
1144 238 1502 277 PRIMUS.
1772 254 1849 292 409

456 338 512 377 est
529 358 539 384 ;
563 338 631 391 qui
651 350 775 389 neque
795 336 959 375 formam
981 336 1056 374 Dei
1075 335 1240 387 intelligi
1261 335 1361 388 poffe
1380 334 1541 379 censeat,
1563 348 1686 386 neque
1706 335 1744 373 in
1764 337 1849 375 Diis

462 404 608 442 sensum
629 403 698 441 effe
718 403 842 447 dicat;
874 402 1099 453 dubitetque
1119 402 1294 445 omnino,
1318 402 1423 439 Deus
1444 401 1629 445 animans,
1653 414 1770 439 necne
1791 402 1848 440 fit.

516 468 720 507 Cleanthes
754 477 896 512 autem,
931 467 999 518 qui
1032 467 1232 503 Zenonem
1252 467 1396 503 audivit
1417 479 1491 503 una
1520 480 1610 504 cum
1645 480 1703 510 eo,
1732 480 1850 519 quem

460 534 636 587 proxime
656 533 866 577 nominavi,
902 541 987 570 tum
1007 531 1134 583 ipsum
1155 530 1347 568 mundum
1370 532 1500 568 Deum
1520 532 1615 569 dicit
1634 532 1732 577 effe;
1764 542 1850 570 tum

461 600 578 637 totius
598 607 740 636 naturae
759 598 882 636 menti
900 607 1014 649 atque
1033 597 1163 634 animo
1184 597 1320 634 tribuit
1340 594 1415 633 hoc
1436 609 1576 634 nomen
1594 615 1604 641 ς
1637 606 1722 635 tum
1757 599 1850 635 ulti-

461 677 587 708 mum,
617 672 655 701 et
673 663 911 707 akiffimum,
933 671 1047 714 atque
1066 661 1237 714 undique
1255 659 1551 706 circumfusum,
1576 670 1614 698 et
1634 670 1852 699 extremum

458 729 591 767 omnia
610 729 831 781 cingentem
851 738 964 779 atque
997 727 1248 780 complexum
1269 726 1456 771 ardorem,
1486 726 1555 779 qui
1586 726 1702 765 aether
1722 727 1851 764 nomi-

461 804 586 838 netur,
607 794 858 832 certiffimum
880 794 1010 830 Deum
1024 793 1184 845 judicat.
1232 792 1418 845 Idemque
1438 792 1539 845 quasi
1559 792 1722 830 delirans
1740 792 1779 830 in
1806 792 1852 830 iis

463 860 586 904 libris,
603 872 698 912 quos
719 858 862 912 scripsit
880 868 1012 896 contra
1030 858 1282 911 voluptatem,
1305 867 1391 896 tum
1410 857 1523 910 fingit
1545 856 1713 896 formam
1728 871 1851 910 quan-

461 925 551 962 dam
570 933 608 962 et
627 924 791 977 speciem
816 925 1004 968 Deorum,
1036 932 1122 961 tum
1142 923 1383 962 divinitatem
1402 936 1559 961 omnem
1580 923 1716 961 tribuit
1735 923 1852 967 astris,

462 997 548 1026 tum
568 988 667 1027 nihil
688 989 830 1027 ratione
848 988 974 1026 censet
993 987 1064 1026 effe
1084 988 1266 1027 divinius.
1298 989 1355 1026 Ita
1370 987 1428 1033 fit,
1451 997 1494 1026 ut
1511 988 1617 1026 Deus
1633 987 1712 1032 ille,
1734 1000 1853 1039 quem

461 1064 591 1092 mente
611 1054 818 1099 noscimus,
849 1063 963 1106 atque
993 1055 1033 1092 in
1052 1055 1172 1092 animi
1202 1054 1372 1099 notione,
1398 1046 1585 1105 ⁴tanquam
1615 1053 1656 1090 in
1682 1053 1851 1105 vestigio,

461 1120 641 1159 volumus
662 1131 853 1173 reponere,
875 1119 1062 1171 nusquam
1081 1120 1229 1172 prorsus
1249 1127 1436 1172 appareat.

516 1186 608 1224 XV.
631 1187 686 1223 At
706 1184 881 1229 Persaeus,
902 1185 1070 1237 ejusdem
1092 1184 1260 1223 Zenonis
1280 1184 1441 1229 auditor,
1457 1197 1520 1222 eos
1539 1182 1634 1221 dicit
1651 1182 1722 1221 esse
1741 1181 1852 1221 habi-

461 1259 521 1290 tos
542 1251 662 1295 Deos,
694 1263 715 1288 a
732 1249 875 1302 quibus
899 1262 1038 1302 magna
1056 1249 1201 1287 utilitas
1220 1249 1267 1287 ad
1286 1250 1374 1287 vitae
1392 1249 1546 1287 cultum
1568 1248 1657 1287 effet
1673 1249 1849 1292 inventa;

462 1316 632 1370 ipsasque
650 1328 708 1353 res
728 1315 856 1360 utiles,
876 1324 915 1353 et
933 1315 1122 1359 salutares,
1144 1316 1319 1354 Deorum
1338 1313 1409 1352 effe
1434 1314 1630 1352 vocabulis
1651 1326 1853 1366 nuncupa-

463 1390 519 1419 tas
534 1396 544 1419 ι
566 1389 610 1418 ut
628 1393 675 1418 ne
693 1379 769 1418 hoc
789 1380 948 1432 quidem
968 1380 1124 1425 diceret,
1145 1380 1211 1418 illa
1229 1380 1382 1418 inventa
1400 1378 1473 1417 effe
1489 1379 1678 1423 Deorum,
1700 1378 1761 1416 sed
1777 1379 1854 1431 ipsa

465 1447 605 1484 divina.
637 1447 730 1497 Qo
749 1445 844 1498 quid
863 1445 1073 1491 absurdius,
1095 1459 1212 1498 quam
1232 1454 1297 1483 aut
1317 1458 1373 1483 res
1393 1445 1572 1489 sordidas,
1595 1454 1707 1497 atque
1723 1443 1852 1482 defor-

466 1525 562 1557 mes,
594 1512 769 1550 Deorum
787 1510 932 1549 honore
962 1511 1123 1556 afficere,
1157 1519 1222 1549 aut
1241 1509 1417 1549 homines
1442 1511 1525 1562 jam
1551 1519 1675 1548 morte
1693 1510 1852 1554 deletos,

462 1589 641 1629 reponere
659 1577 700 1613 in
721 1577 839 1620 Deos,
872 1588 1040 1627 quorum
1061 1575 1188 1613 omnis
1208 1575 1336 1613 cultus
1355 1575 1444 1613 effet
1463 1574 1614 1612 futurus
1636 1575 1675 1612 in
1696 1574 1802 1612 lustu
1819 1575 1834 1611 ?

517 1643 605 1693 Jam
635 1654 723 1678 vero
743 1639 992 1694 Chrysippus,
1024 1641 1093 1693 qui
1119 1640 1337 1679 Stoicorum
1363 1639 1601 1679 somniorum
1628 1638 1851 1678 vaferrimus

462 1706 625 1745 habetur
644 1707 840 1758 interpres,
871 1719 1051 1759 magnam
1072 1706 1224 1744 turbam
1250 1715 1456 1758 congregat
1489 1708 1712 1758 ignotorum
1744 1706 1851 1743 Deo-

462 1785 564 1817 rum,
598 1780 712 1824 atque
732 1772 784 1809 ita
803 1772 1041 1824 ignotorum,
1074 1780 1117 1809 ut
1135 1784 1199 1809 eos
1230 1784 1277 1808 ne
1297 1772 1512 1822 conjeemra
1531 1770 1691 1822 quidem
1725 1769 1849 1808 infor-

464 1850 566 1876 mare
595 1837 790 1889 poffimus,
825 1850 918 1875 cum
952 1849 1060 1874 mens
1094 1835 1216 1874 nostra
1242 1836 1393 1888 quidvis
1425 1836 1595 1874 videatur
1620 1835 1852 1887 cogitatione

463 1902 563 1956 posse
583 1903 801 1955 depingere.
839 1903 910 1940 Ait
928 1902 1048 1947 enim,
1067 1902 1148 1940 vim
1168 1902 1338 1940 divinam
1358 1902 1397 1940 in
1418 1901 1560 1940 ratione
1579 1900 1651 1938 esse
1677 1900 1850 1953 politam,

463 1977 504 2006 et
532 1967 572 2005 in
599 1967 778 2005 universae
798 1976 938 2005 naturae
971 1968 1101 2005 animo
1118 1976 1231 2019 atque
1250 1976 1406 2024 mente:
1437 1966 1638 2019 ipsumque
1657 1965 1852 2005 mundum

467 2033 598 2070 Deum
618 2032 712 2070 dicit
731 2031 817 2076 effe,
850 2041 888 2070 et
907 2033 988 2084 ejus
1018 2032 1138 2070 animi
1167 2031 1355 2071 fufionem
1384 2031 1624 2070 universam:
1655 2040 1741 2070 tum
1770 2033 1851 2084 ejus

464 2098 579 2151 ipsius
596 2097 871 2151 principatum,
887 2098 955 2150 qui
972 2098 1012 2136 in
1029 2106 1158 2136 mente
1172 2107 1211 2136 et
1226 2098 1369 2136 ratione
1384 2097 1559 2142 versetur,
1576 2110 1851 2136 communem-

464 2175 539 2215 que
565 2177 691 2201 rerum
723 2171 910 2208 naturam,
943 2163 1111 2201 universa
1140 2172 1254 2216 atque
1280 2164 1410 2202 omnia
1435 2163 1699 2201 continentem
1721 2177 1730 2201 t
1765 2171 1848 2201 tum

467 2227 621 2265 fatalem
641 2227 833 2272 umbram,
854 2235 892 2265 et
913 2227 1166 2266 neceffitatem
1187 2241 1314 2266 rerum
1334 2227 1550 2267 futurarum
1567 2243 1576 2266 z
1608 2228 1737 2281 ignem
1752 2241 1849 2279 prae-

468 2301 579 2336 terea,
609 2301 646 2329 et
679 2306 783 2337 eum,
814 2306 929 2345 quem
953 2302 1060 2331 antea
1091 2294 1186 2339 dixi,
1218 2294 1379 2333 aethera:
1412 2303 1499 2332 tum
1522 2307 1576 2338 ea,
1607 2306 1692 2345 quae
1720 2292 1850 2330 natura

469 2356 642 2400 fluerent,
661 2367 772 2410 atque
792 2369 999 2404 manarent,
1031 2368 1073 2398 ut
1097 2368 1134 2397 et
1162 2372 1316 2412 aquam,
1345 2369 1384 2398 et
1404 2369 1553 2403 terram,
1583 2368 1621 2396 et
1650 2369 1731 2395 aera
1746 2375 1758 2402 ,ς
1789 2356 1850 2395 so-

470 2422 561 2467 lem,
593 2423 737 2468 lunam,
765 2424 890 2470 fidera,
926 2425 1283 2479 universitatemque
1303 2440 1444 2470 rerum,
1471 2437 1547 2477 qua
1574 2423 1705 2462 omnia
1722 2423 1850 2461 conti-

471 2497 650 2526 nerentur
664 2506 676 2533 ς
707 2498 819 2542 atque
847 2489 1025 2530 homines
1046 2492 1161 2530 etiam
1181 2505 1259 2538 eos,
1293 2492 1361 2544 qui
1381 2490 1709 2528 immortalitatem
1737 2487 1852 2526 essent

470 2551 676 2591 consecuti.
719 2555 905 2609 Idemque
937 2556 1117 2610 disputat,
1148 2556 1286 2597 aethera
1304 2556 1373 2596 effe
1400 2569 1506 2600 eum,
1537 2569 1656 2608 quem
1676 2554 1852 2596 homines

551 2623 685 2663 TQM.
717 2625 769 2665 11.
1453 2627 1483 2665 F
1504 2624 1526 2663 f
1539 2624 1562 2665 f
