<?xml version="1.0" encoding="UTF-8"?>
<!DOCTYPE html PUBLIC "-//W3C//DTD XHTML 1.0 Transitional//EN"
    "http://www.w3.org/TR/xhtml1/DTD/xhtml1-transitional.dtd">
<html xmlns="http://www.w3.org/1999/xhtml" xml:lang="en" lang="en">
 <head>
  <title>
</title>
<meta http-equiv="Content-Type" content="text/html;charset=utf-8" />
  <meta name='ocr-system' content='tesseract 3.04.00' />
  <meta name='ocr-capabilities' content='ocr_page ocr_carea ocr_par ocr_line ocrx_word'/>
</head>
<body>
  <div class='ocr_page' id='page_1' title='image "./operacumindicibu02ciceuoft_0061.png"; bbox 0 0 2330 2983; ppageno 0'>
   <div class='ocr_carea' id='block_1_1' title="bbox 761 270 1761 325">
    <p class='ocr_par' dir='ltr' id='par_1_1' title="bbox 761 270 1761 325">
     <span class='ocr_line' id='line_1_1' title="bbox 761 270 1761 325; baseline -0.001 -15"><span class='ocrx_word' id='word_1_1' title='bbox 761 270 1363 310; x_wconf 83' lang='lat' dir='ltr'>LUCULLUS.</span> <span class='ocrx_word' id='word_1_2' title='bbox 1711 286 1761 325; x_wconf 78' lang='lat'>55</span> 
     </span>
    </p>
   </div>
   <div class='ocr_carea' id='block_1_2' title="bbox 364 367 1777 2458">
    <p class='ocr_par' dir='ltr' id='par_1_2' title="bbox 364 367 1766 735">
     <span class='ocr_line' id='line_1_2' title="bbox 365 367 1763 423; baseline -0.001 -14"><span class='ocrx_word' id='word_1_3' title='bbox 365 369 524 423; x_wconf 83' lang='lat' dir='ltr'>ejusque</span> <span class='ocrx_word' id='word_1_4' title='bbox 555 367 673 407; x_wconf 84' lang='lat' dir='ltr'>amici</span> <span class='ocrx_word' id='word_1_5' title='bbox 703 381 806 406; x_wconf 91' lang='lat' dir='ltr'>nunc</span> <span class='ocrx_word' id='word_1_6' title='bbox 838 369 1014 421; x_wconf 86' lang='lat' dir='ltr'>proxime</span> <span class='ocrx_word' id='word_1_7' title='bbox 1045 368 1224 407; x_wconf 90' lang='lat' dir='ltr'>videntur</span> <span class='ocrx_word' id='word_1_8' title='bbox 1242 368 1432 407; x_wconf 87' lang='lat' dir='ltr'><strong>accedere.</strong></span> <span class='ocrx_word' id='word_1_9' title='bbox 1492 368 1763 407; x_wconf 90' lang='lat' dir='ltr'>Introducebat</span> 
     </span>
     <span class='ocr_line' id='line_1_3' title="bbox 364 433 1762 486; baseline -0.001 -12"><span class='ocrx_word' id='word_1_10' title='bbox 364 437 480 474; x_wconf 89' lang='lat' dir='ltr'>etiam</span> <span class='ocrx_word' id='word_1_11' title='bbox 513 433 737 478; x_wconf 83' lang='lat' dir='ltr'>Carneades,</span> <span class='ocrx_word' id='word_1_12' title='bbox 769 447 846 483; x_wconf 82' lang='lat' dir='ltr'>non</span> <span class='ocrx_word' id='word_1_13' title='bbox 878 447 956 485; x_wconf 88' lang='lat' dir='ltr'>quo</span> <span class='ocrx_word' id='word_1_14' title='bbox 987 434 1176 486; x_wconf 89' lang='lat' dir='ltr'>probaret,</span> <span class='ocrx_word' id='word_1_15' title='bbox 1207 434 1269 471; x_wconf 90' lang='lat' dir='ltr'>sed</span> <span class='ocrx_word' id='word_1_16' title='bbox 1295 444 1338 472; x_wconf 89' lang='lat' dir='ltr'>ut</span> <span class='ocrx_word' id='word_1_17' title='bbox 1370 443 1580 486; x_wconf 85' lang='lat' dir='ltr'>opponeret</span> <span class='ocrx_word' id='word_1_18' title='bbox 1610 435 1762 478; x_wconf 77' lang='lat' dir='ltr'>Stoicis,</span> 
     </span>
     <span class='ocr_line' id='line_1_4' title="bbox 366 499 1764 552; baseline -0.001 -13"><span class='ocrx_word' id='word_1_19' title='bbox 366 501 566 540; x_wconf 87' lang='lat' dir='ltr'>summum</span> <span class='ocrx_word' id='word_1_20' title='bbox 582 500 731 538; x_wconf 90' lang='lat' dir='ltr'>bonum</span> <span class='ocrx_word' id='word_1_21' title='bbox 751 499 835 544; x_wconf 83' lang='lat' dir='ltr'>effe,</span> <span class='ocrx_word' id='word_1_22' title='bbox 849 499 927 537; x_wconf 88' lang='lat' dir='ltr'>frui</span> <span class='ocrx_word' id='word_1_23' title='bbox 947 500 994 538; x_wconf 89' lang='lat' dir='ltr'>iis</span> <span class='ocrx_word' id='word_1_24' title='bbox 1009 500 1136 544; x_wconf 89' lang='lat' dir='ltr'>rebus,</span> <span class='ocrx_word' id='word_1_25' title='bbox 1154 513 1247 551; x_wconf 81' lang='lat' dir='ltr'>quas</span> <span class='ocrx_word' id='word_1_26' title='bbox 1266 500 1408 552; x_wconf 87' lang='lat' dir='ltr'>primas</span> <span class='ocrx_word' id='word_1_27' title='bbox 1429 508 1560 537; x_wconf 84' lang='lat' dir='ltr'>natura</span> <span class='ocrx_word' id='word_1_28' title='bbox 1579 500 1764 538; x_wconf 89' lang='lat' dir='ltr'>concilia-</span> 
     </span>
     <span class='ocr_line' id='line_1_5' title="bbox 365 564 1764 616; baseline -0.001 -12"><span class='ocrx_word' id='word_1_29' title='bbox 365 566 486 604; x_wconf 83' lang='lat' dir='ltr'>viffet.</span> <span class='ocrx_word' id='word_1_30' title='bbox 518 565 740 604; x_wconf 88' lang='lat' dir='ltr'>Honestum</span> <span class='ocrx_word' id='word_1_31' title='bbox 770 575 916 610; x_wconf 87' lang='lat' dir='ltr'>autem,</span> <span class='ocrx_word' id='word_1_32' title='bbox 945 565 1049 616; x_wconf 90' lang='lat' dir='ltr'>quod</span> <span class='ocrx_word' id='word_1_33' title='bbox 1075 565 1235 603; x_wconf 89' lang='lat' dir='ltr'>ducatur</span> <span class='ocrx_word' id='word_1_34' title='bbox 1260 579 1281 602; x_wconf 90' lang='lat' dir='ltr'>a</span> <span class='ocrx_word' id='word_1_35' title='bbox 1305 564 1574 602; x_wconf 84' lang='lat' dir='ltr'>conciliatione</span> <span class='ocrx_word' id='word_1_36' title='bbox 1608 576 1764 610; x_wconf 84' lang='lat' dir='ltr'>naturae‚</span> 
     </span>
     <span class='ocr_line' id='line_1_6' title="bbox 367 629 1766 683; baseline -0.001 -14"><span class='ocrx_word' id='word_1_37' title='bbox 367 631 477 669; x_wconf 81' lang='lat' dir='ltr'>Zeno</span> <span class='ocrx_word' id='word_1_38' title='bbox 496 630 626 669; x_wconf 83' lang='lat' dir='ltr'>statuit</span> <span class='ocrx_word' id='word_1_39' title='bbox 646 630 766 668; x_wconf 89' lang='lat' dir='ltr'>finem</span> <span class='ocrx_word' id='word_1_40' title='bbox 785 629 856 667; x_wconf 83' lang='lat' dir='ltr'>effe</span> <span class='ocrx_word' id='word_1_41' title='bbox 876 631 1093 676; x_wconf 67' lang='lat' dir='ltr'>bonorum,</span> <span class='ocrx_word' id='word_1_42' title='bbox 1125 631 1194 683; x_wconf 90' lang='lat' dir='ltr'>qui</span> <span class='ocrx_word' id='word_1_43' title='bbox 1214 630 1390 668; x_wconf 88' lang='lat' dir='ltr'>inventor</span> <span class='ocrx_word' id='word_1_44' title='bbox 1409 638 1446 668; x_wconf 91' lang='lat' dir='ltr'>et</span> <span class='ocrx_word' id='word_1_45' title='bbox 1465 631 1642 683; x_wconf 88' lang='lat' dir='ltr'>princeps</span> <span class='ocrx_word' id='word_1_46' title='bbox 1664 631 1766 669; x_wconf 82' lang='lat' dir='ltr'>Stoi-</span> 
     </span>
     <span class='ocr_line' id='line_1_7' title="bbox 367 695 615 735; baseline -0.004 0"><span class='ocrx_word' id='word_1_47' title='bbox 367 710 502 735; x_wconf 89' lang='lat' dir='ltr'>corum</span> <span class='ocrx_word' id='word_1_48' title='bbox 522 695 615 734; x_wconf 84' lang='lat' dir='ltr'>fuit.</span> 
     </span>
    </p>

    <p class='ocr_par' dir='ltr' id='par_1_3' title="bbox 369 761 1775 1932">
     <span class='ocr_line' id='line_1_8' title="bbox 413 761 1770 815; baseline -0.001 -14"><span class='ocrx_word' id='word_1_49' title='bbox 413 763 565 801; x_wconf 86' lang='lat' dir='ltr'>XLIII.</span> <span class='ocrx_word' id='word_1_50' title='bbox 588 763 678 813; x_wconf 87' lang='lat' dir='ltr'>Jam</span> <span class='ocrx_word' id='word_1_51' title='bbox 691 761 789 800; x_wconf 90' lang='lat' dir='ltr'>illud</span> <span class='ocrx_word' id='word_1_52' title='bbox 803 762 1051 815; x_wconf 86' lang='lat' dir='ltr'>perspicuum</span> <span class='ocrx_word' id='word_1_53' title='bbox 1063 762 1128 807; x_wconf 89' lang='lat' dir='ltr'>est,</span> <span class='ocrx_word' id='word_1_54' title='bbox 1146 762 1329 801; x_wconf 86' lang='lat' dir='ltr'>omnibus</span> <span class='ocrx_word' id='word_1_55' title='bbox 1342 762 1388 800; x_wconf 88' lang='lat' dir='ltr'>iis</span> <span class='ocrx_word' id='word_1_56' title='bbox 1402 761 1545 800; x_wconf 85' lang='lat' dir='ltr'>finibus</span> <span class='ocrx_word' id='word_1_57' title='bbox 1559 762 1770 808; x_wconf 87' lang='lat' dir='ltr'>bonorum,</span> 
     </span>
     <span class='ocr_line' id='line_1_9' title="bbox 369 827 1767 880; baseline 0 -15"><span class='ocrx_word' id='word_1_58' title='bbox 369 840 466 879; x_wconf 88' lang='lat' dir='ltr'>quos</span> <span class='ocrx_word' id='word_1_59' title='bbox 485 827 658 880; x_wconf 83' lang='lat' dir='ltr'>exposui,</span> <span class='ocrx_word' id='word_1_60' title='bbox 679 827 872 865; x_wconf 84' lang='lat' dir='ltr'>malorum</span> <span class='ocrx_word' id='word_1_61' title='bbox 891 827 987 866; x_wconf 88' lang='lat' dir='ltr'>fines</span> <span class='ocrx_word' id='word_1_62' title='bbox 1007 827 1078 866; x_wconf 86' lang='lat' dir='ltr'>effe</span> <span class='ocrx_word' id='word_1_63' title='bbox 1098 828 1323 866; x_wconf 87' lang='lat' dir='ltr'>contrarios.</span> <span class='ocrx_word' id='word_1_64' title='bbox 1350 827 1414 865; x_wconf 92' lang='lat' dir='ltr'>Ad</span> <span class='ocrx_word' id='word_1_65' title='bbox 1429 841 1494 865; x_wconf 89' lang='lat' dir='ltr'>vos</span> <span class='ocrx_word' id='word_1_66' title='bbox 1511 841 1615 866; x_wconf 89' lang='lat' dir='ltr'>nunc</span> <span class='ocrx_word' id='word_1_67' title='bbox 1632 827 1767 873; x_wconf 90' lang='lat' dir='ltr'>refero,</span> 
     </span>
     <span class='ocr_line' id='line_1_10' title="bbox 369 893 1771 946; baseline 0 -15"><span class='ocrx_word' id='word_1_68' title='bbox 369 906 487 946; x_wconf 87' lang='lat' dir='ltr'>quem</span> <span class='ocrx_word' id='word_1_69' title='bbox 507 893 666 945; x_wconf 87' lang='lat' dir='ltr'>sequar?</span> <span class='ocrx_word' id='word_1_70' title='bbox 698 893 815 931; x_wconf 89' lang='lat' dir='ltr'>modo</span> <span class='ocrx_word' id='word_1_71' title='bbox 836 906 882 931; x_wconf 90' lang='lat' dir='ltr'>ne</span> <span class='ocrx_word' id='word_1_72' title='bbox 903 894 990 946; x_wconf 90' lang='lat' dir='ltr'>quis</span> <span class='ocrx_word' id='word_1_73' title='bbox 1009 893 1107 931; x_wconf 91' lang='lat' dir='ltr'>illud</span> <span class='ocrx_word' id='word_1_74' title='bbox 1129 903 1207 931; x_wconf 85' lang='lat' dir='ltr'>tam</span> <span class='ocrx_word' id='word_1_75' title='bbox 1226 893 1465 931; x_wconf 87' lang='lat' dir='ltr'>ineruditum</span> <span class='ocrx_word' id='word_1_76' title='bbox 1485 893 1771 946; x_wconf 81' lang='lat' dir='ltr'>absurdumque</span> 
     </span>
     <span class='ocr_line' id='line_1_11' title="bbox 369 957 1768 1012; baseline -0.001 -15"><span class='ocrx_word' id='word_1_77' title='bbox 369 957 604 1011; x_wconf 84' lang='lat' dir='ltr'>respondeat,</span> <span class='ocrx_word' id='word_1_78' title='bbox 626 958 870 1009; x_wconf 84' lang='lat' dir='ltr'>Qemlibet‚</span> <span class='ocrx_word' id='word_1_79' title='bbox 891 959 1010 997; x_wconf 90' lang='lat' dir='ltr'>modo</span> <span class='ocrx_word' id='word_1_80' title='bbox 1028 959 1212 1012; x_wconf 88' lang='lat' dir='ltr'>aliquem.</span> <span class='ocrx_word' id='word_1_81' title='bbox 1251 957 1368 997; x_wconf 90' lang='lat' dir='ltr'>Nihil</span> <span class='ocrx_word' id='word_1_82' title='bbox 1388 958 1511 1011; x_wconf 90' lang='lat' dir='ltr'>potest</span> <span class='ocrx_word' id='word_1_83' title='bbox 1531 958 1609 997; x_wconf 90' lang='lat' dir='ltr'>dici</span> <span class='ocrx_word' id='word_1_84' title='bbox 1628 960 1768 997; x_wconf 89' lang='lat' dir='ltr'>incon-</span> 
     </span>
     <span class='ocr_line' id='line_1_12' title="bbox 370 1023 1767 1076; baseline -0.001 -14"><span class='ocrx_word' id='word_1_85' title='bbox 370 1023 576 1062; x_wconf 87' lang='lat' dir='ltr'>fideratius.</span> <span class='ocrx_word' id='word_1_86' title='bbox 637 1024 767 1075; x_wconf 92' lang='lat' dir='ltr'>Cupio</span> <span class='ocrx_word' id='word_1_87' title='bbox 789 1023 895 1075; x_wconf 91' lang='lat' dir='ltr'>sequi</span> <span class='ocrx_word' id='word_1_88' title='bbox 917 1025 1078 1062; x_wconf 86' lang='lat' dir='ltr'>Stoicos.</span> <span class='ocrx_word' id='word_1_89' title='bbox 1124 1025 1287 1062; x_wconf 86' lang='lat' dir='ltr'>Licetne</span> <span class='ocrx_word' id='word_1_90' title='bbox 1320 1024 1494 1075; x_wconf 84' lang='lat' dir='ltr'>(omitto,</span> <span class='ocrx_word' id='word_1_91' title='bbox 1521 1037 1587 1076; x_wconf 89' lang='lat' dir='ltr'>per</span> <span class='ocrx_word' id='word_1_92' title='bbox 1619 1024 1767 1062; x_wconf 85' lang='lat' dir='ltr'>Aristo-</span> 
     </span>
     <span class='ocr_line' id='line_1_13' title="bbox 370 1088 1769 1143; baseline 0.001 -16"><span class='ocrx_word' id='word_1_93' title='bbox 370 1089 501 1135; x_wconf 89' lang='lat' dir='ltr'>telem,</span> <span class='ocrx_word' id='word_1_94' title='bbox 534 1102 622 1127; x_wconf 89' lang='lat' dir='ltr'>meo</span> <span class='ocrx_word' id='word_1_95' title='bbox 636 1089 788 1141; x_wconf 89' lang='lat' dir='ltr'>judicio</span> <span class='ocrx_word' id='word_1_96' title='bbox 806 1090 847 1126; x_wconf 91' lang='lat' dir='ltr'>in</span> <span class='ocrx_word' id='word_1_97' title='bbox 867 1088 1110 1142; x_wconf 89' lang='lat' dir='ltr'>philosophia</span> <span class='ocrx_word' id='word_1_98' title='bbox 1137 1103 1255 1143; x_wconf 87' lang='lat' dir='ltr'>prope</span> <span class='ocrx_word' id='word_1_99' title='bbox 1275 1089 1522 1142; x_wconf 82' lang='lat' dir='ltr'>singularem)</span> <span class='ocrx_word' id='word_1_100' title='bbox 1555 1103 1622 1142; x_wconf 90' lang='lat' dir='ltr'>per</span> <span class='ocrx_word' id='word_1_101' title='bbox 1641 1090 1769 1142; x_wconf 91' lang='lat' dir='ltr'>ipsum</span> 
     </span>
     <span class='ocr_line' id='line_1_14' title="bbox 371 1153 1770 1208; baseline 0.001 -15"><span class='ocrx_word' id='word_1_102' title='bbox 371 1153 645 1193; x_wconf 87' lang='lat' dir='ltr'>Antiochum?</span> <span class='ocrx_word' id='word_1_103' title='bbox 667 1155 736 1207; x_wconf 88' lang='lat' dir='ltr'>qui</span> <span class='ocrx_word' id='word_1_104' title='bbox 755 1155 1017 1208; x_wconf 82' lang='lat' dir='ltr'>appellabatur</span> <span class='ocrx_word' id='word_1_105' title='bbox 1036 1156 1292 1194; x_wconf 83' lang='lat' dir='ltr'>Academicus</span> <span class='ocrx_word' id='word_1_106' title='bbox 1310 1170 1320 1194; x_wconf 72' lang='grc' dir='ltr'>ε</span> <span class='ocrx_word' id='word_1_107' title='bbox 1342 1165 1419 1193; x_wconf 87' lang='lat' dir='ltr'>erat</span> <span class='ocrx_word' id='word_1_108' title='bbox 1439 1155 1610 1207; x_wconf 87' lang='lat' dir='ltr'>quidem,</span> <span class='ocrx_word' id='word_1_109' title='bbox 1633 1155 1659 1193; x_wconf 91' lang='lat' dir='ltr'><strong>fi</strong></span> <span class='ocrx_word' id='word_1_110' title='bbox 1680 1170 1770 1208; x_wconf 84' lang='lat' dir='ltr'>per·</span> 
     </span>
     <span class='ocr_line' id='line_1_15' title="bbox 371 1220 1770 1274; baseline 0.001 -16"><span class='ocrx_word' id='word_1_111' title='bbox 371 1234 492 1274; x_wconf 90' lang='lat' dir='ltr'>pauca</span> <span class='ocrx_word' id='word_1_112' title='bbox 524 1220 754 1265; x_wconf 76' lang='lat' dir='ltr'>mutavisset,</span> <span class='ocrx_word' id='word_1_113' title='bbox 783 1221 1088 1273; x_wconf 86' lang='lat' dir='ltr'>germaniffimus</span> <span class='ocrx_word' id='word_1_114' title='bbox 1119 1221 1284 1259; x_wconf 92' lang='lat' dir='ltr'>Stoicus.</span> <span class='ocrx_word' id='word_1_115' title='bbox 1343 1221 1430 1258; x_wconf 90' lang='lat' dir='ltr'>Erit</span> <span class='ocrx_word' id='word_1_116' title='bbox 1456 1221 1577 1273; x_wconf 86' lang='lat' dir='ltr'>igitur</span> <span class='ocrx_word' id='word_1_117' title='bbox 1603 1234 1660 1259; x_wconf 90' lang='lat' dir='ltr'>res</span> <span class='ocrx_word' id='word_1_118' title='bbox 1685 1222 1770 1273; x_wconf 90' lang='lat' dir='ltr'>jam</span> 
     </span>
     <span class='ocr_line' id='line_1_16' title="bbox 373 1286 1770 1339; baseline 0 -15"><span class='ocrx_word' id='word_1_119' title='bbox 373 1287 415 1324; x_wconf 87' lang='lat' dir='ltr'>in</span> <span class='ocrx_word' id='word_1_120' title='bbox 433 1286 678 1324; x_wconf 78' lang='lat' dir='ltr'>discrimine:</span> <span class='ocrx_word' id='word_1_121' title='bbox 710 1300 802 1324; x_wconf 89' lang='lat' dir='ltr'>nam</span> <span class='ocrx_word' id='word_1_122' title='bbox 831 1297 897 1325; x_wconf 88' lang='lat' dir='ltr'>aut</span> <span class='ocrx_word' id='word_1_123' title='bbox 915 1287 1064 1325; x_wconf 91' lang='lat' dir='ltr'>Stoicus</span> <span class='ocrx_word' id='word_1_124' title='bbox 1085 1287 1338 1326; x_wconf 88' lang='lat' dir='ltr'>constituatur</span> <span class='ocrx_word' id='word_1_125' title='bbox 1356 1286 1515 1339; x_wconf 89' lang='lat' dir='ltr'>sapiens,</span> <span class='ocrx_word' id='word_1_126' title='bbox 1542 1295 1607 1324; x_wconf 87' lang='lat' dir='ltr'>aut</span> <span class='ocrx_word' id='word_1_127' title='bbox 1635 1287 1770 1325; x_wconf 89' lang='lat' dir='ltr'>veteris</span> 
     </span>
     <span class='ocr_line' id='line_1_17' title="bbox 374 1352 1770 1405; baseline 0.001 -15"><span class='ocrx_word' id='word_1_128' title='bbox 374 1352 605 1390; x_wconf 82' lang='lat' dir='ltr'>Academiae.</span> <span class='ocrx_word' id='word_1_129' title='bbox 637 1353 860 1403; x_wconf 90' lang='lat' dir='ltr'>Utrumque</span> <span class='ocrx_word' id='word_1_130' title='bbox 876 1366 954 1390; x_wconf 91' lang='lat' dir='ltr'>non</span> <span class='ocrx_word' id='word_1_131' title='bbox 972 1353 1106 1405; x_wconf 91' lang='lat' dir='ltr'>potest.</span> <span class='ocrx_word' id='word_1_132' title='bbox 1138 1352 1206 1390; x_wconf 92' lang='lat' dir='ltr'>Est</span> <span class='ocrx_word' id='word_1_133' title='bbox 1224 1353 1328 1390; x_wconf 92' lang='lat' dir='ltr'>enim</span> <span class='ocrx_word' id='word_1_134' title='bbox 1345 1353 1444 1390; x_wconf 90' lang='lat' dir='ltr'>inter</span> <span class='ocrx_word' id='word_1_135' title='bbox 1462 1366 1524 1390; x_wconf 90' lang='lat' dir='ltr'>eos</span> <span class='ocrx_word' id='word_1_136' title='bbox 1541 1366 1619 1390; x_wconf 90' lang='lat' dir='ltr'>non</span> <span class='ocrx_word' id='word_1_137' title='bbox 1634 1353 1681 1390; x_wconf 91' lang='lat' dir='ltr'>de</span> <span class='ocrx_word' id='word_1_138' title='bbox 1694 1362 1770 1391; x_wconf 91' lang='lat' dir='ltr'>ter-</span> 
     </span>
     <span class='ocr_line' id='line_1_18' title="bbox 374 1417 1772 1469; baseline 0 -13"><span class='ocrx_word' id='word_1_139' title='bbox 374 1418 505 1461; x_wconf 84' lang='lat' dir='ltr'>minis,</span> <span class='ocrx_word' id='word_1_140' title='bbox 527 1417 589 1455; x_wconf 87' lang='lat' dir='ltr'>sed</span> <span class='ocrx_word' id='word_1_141' title='bbox 609 1417 656 1454; x_wconf 92' lang='lat' dir='ltr'>de</span> <span class='ocrx_word' id='word_1_142' title='bbox 676 1426 754 1455; x_wconf 91' lang='lat' dir='ltr'>tota</span> <span class='ocrx_word' id='word_1_143' title='bbox 773 1417 1004 1469; x_wconf 68' lang='lat' dir='ltr'>possessione,</span> <span class='ocrx_word' id='word_1_144' title='bbox 1034 1418 1245 1456; x_wconf 89' lang='lat' dir='ltr'>contentio.</span> <span class='ocrx_word' id='word_1_145' title='bbox 1294 1418 1401 1456; x_wconf 87' lang='lat' dir='ltr'>Nam</span> <span class='ocrx_word' id='word_1_146' title='bbox 1421 1418 1549 1455; x_wconf 90' lang='lat' dir='ltr'>omnis</span> <span class='ocrx_word' id='word_1_147' title='bbox 1571 1419 1665 1456; x_wconf 90' lang='lat' dir='ltr'>ratio</span> <span class='ocrx_word' id='word_1_148' title='bbox 1685 1419 1772 1456; x_wconf 84' lang='lat' dir='ltr'>vitae</span> 
     </span>
     <span class='ocr_line' id='line_1_19' title="bbox 375 1482 1770 1535; baseline 0.001 -15"><span class='ocrx_word' id='word_1_149' title='bbox 375 1482 598 1521; x_wconf 89' lang='lat' dir='ltr'>definitione</span> <span class='ocrx_word' id='word_1_150' title='bbox 617 1482 760 1520; x_wconf 90' lang='lat' dir='ltr'>summi</span> <span class='ocrx_word' id='word_1_151' title='bbox 782 1483 873 1521; x_wconf 92' lang='lat' dir='ltr'>boni</span> <span class='ocrx_word' id='word_1_152' title='bbox 892 1484 1111 1521; x_wconf 89' lang='lat' dir='ltr'>continetur</span> <span class='ocrx_word' id='word_1_153' title='bbox 1122 1501 1134 1528; x_wconf 82' lang='lat'>3</span> <span class='ocrx_word' id='word_1_154' title='bbox 1157 1483 1204 1521; x_wconf 87' lang='lat' dir='ltr'>de</span> <span class='ocrx_word' id='word_1_155' title='bbox 1223 1497 1299 1535; x_wconf 90' lang='lat' dir='ltr'>qua</span> <span class='ocrx_word' id='word_1_156' title='bbox 1318 1484 1386 1535; x_wconf 86' lang='lat' dir='ltr'>qui</span> <span class='ocrx_word' id='word_1_157' title='bbox 1405 1483 1595 1528; x_wconf 87' lang='lat' dir='ltr'>diffident,</span> <span class='ocrx_word' id='word_1_158' title='bbox 1617 1484 1663 1522; x_wconf 92' lang='lat' dir='ltr'>de</span> <span class='ocrx_word' id='word_1_159' title='bbox 1682 1498 1770 1522; x_wconf 89' lang='lat' dir='ltr'>om-</span> 
     </span>
     <span class='ocr_line' id='line_1_20' title="bbox 376 1547 1775 1602; baseline 0 -15"><span class='ocrx_word' id='word_1_160' title='bbox 376 1550 417 1587; x_wconf 90' lang='lat' dir='ltr'>ni</span> <span class='ocrx_word' id='word_1_161' title='bbox 437 1549 579 1587; x_wconf 85' lang='lat' dir='ltr'>ratione</span> <span class='ocrx_word' id='word_1_162' title='bbox 599 1548 686 1586; x_wconf 83' lang='lat' dir='ltr'>vitae</span> <span class='ocrx_word' id='word_1_163' title='bbox 705 1547 894 1586; x_wconf 87' lang='lat' dir='ltr'>diffident.</span> <span class='ocrx_word' id='word_1_164' title='bbox 941 1549 1036 1586; x_wconf 90' lang='lat' dir='ltr'>Non</span> <span class='ocrx_word' id='word_1_165' title='bbox 1055 1548 1177 1601; x_wconf 88' lang='lat' dir='ltr'>potest</span> <span class='ocrx_word' id='word_1_166' title='bbox 1195 1549 1315 1601; x_wconf 89' lang='lat' dir='ltr'>igitur</span> <span class='ocrx_word' id='word_1_167' title='bbox 1334 1558 1495 1601; x_wconf 90' lang='lat' dir='ltr'>uterque</span> <span class='ocrx_word' id='word_1_168' title='bbox 1514 1548 1584 1587; x_wconf 84' lang='lat' dir='ltr'>effe</span> <span class='ocrx_word' id='word_1_169' title='bbox 1610 1549 1775 1602; x_wconf 81' lang='lat' dir='ltr'>sapiens,</span> 
     </span>
     <span class='ocr_line' id='line_1_21' title="bbox 377 1613 1774 1668; baseline 0.001 -17"><span class='ocrx_word' id='word_1_170' title='bbox 377 1614 561 1667; x_wconf 88' lang='lat' dir='ltr'>quoniam</span> <span class='ocrx_word' id='word_1_171' title='bbox 582 1622 776 1666; x_wconf 87' lang='lat' dir='ltr'>tantopere</span> <span class='ocrx_word' id='word_1_172' title='bbox 795 1613 1030 1660; x_wconf 73' lang='lat' dir='ltr'>dissentiunt,</span> <span class='ocrx_word' id='word_1_173' title='bbox 1061 1615 1123 1653; x_wconf 90' lang='lat' dir='ltr'>sed</span> <span class='ocrx_word' id='word_1_174' title='bbox 1151 1614 1258 1653; x_wconf 87' lang='lat' dir='ltr'>alter.</span> <span class='ocrx_word' id='word_1_175' title='bbox 1299 1615 1337 1653; x_wconf 90' lang='lat' dir='ltr'>Si</span> <span class='ocrx_word' id='word_1_176' title='bbox 1364 1615 1619 1653; x_wconf 88' lang='lat' dir='ltr'>Polemoneus</span> <span class='ocrx_word' id='word_1_177' title='bbox 1635 1633 1648 1659; x_wconf 62' lang='grc' dir='ltr'><strong><em>ς</em></strong></span> <span class='ocrx_word' id='word_1_178' title='bbox 1678 1629 1774 1668; x_wconf 93' lang='lat' dir='ltr'>pec-</span> 
     </span>
     <span class='ocr_line' id='line_1_22' title="bbox 376 1679 1774 1734; baseline 0 -15"><span class='ocrx_word' id='word_1_179' title='bbox 376 1689 438 1720; x_wconf 89' lang='lat' dir='ltr'>cat</span> <span class='ocrx_word' id='word_1_180' title='bbox 457 1680 622 1725; x_wconf 88' lang='lat' dir='ltr'>Stoicus,</span> <span class='ocrx_word' id='word_1_181' title='bbox 652 1681 706 1718; x_wconf 91' lang='lat' dir='ltr'>rei</span> <span class='ocrx_word' id='word_1_182' title='bbox 725 1679 824 1719; x_wconf 83' lang='lat' dir='ltr'>falsae</span> <span class='ocrx_word' id='word_1_183' title='bbox 843 1680 1054 1720; x_wconf 74' lang='lat' dir='ltr'>assentiens.</span> <span class='ocrx_word' id='word_1_184' title='bbox 1096 1682 1177 1720; x_wconf 90' lang='lat' dir='ltr'>Vos</span> <span class='ocrx_word' id='word_1_185' title='bbox 1197 1681 1357 1734; x_wconf 90' lang='lat' dir='ltr'>quidem</span> <span class='ocrx_word' id='word_1_186' title='bbox 1388 1680 1487 1719; x_wconf 90' lang='lat' dir='ltr'>nihil</span> <span class='ocrx_word' id='word_1_187' title='bbox 1507 1681 1634 1720; x_wconf 91' lang='lat' dir='ltr'>dicitis</span> <span class='ocrx_word' id='word_1_188' title='bbox 1664 1695 1686 1719; x_wconf 89' lang='lat' dir='ltr'>a</span> <span class='ocrx_word' id='word_1_189' title='bbox 1715 1682 1774 1720; x_wconf 86' lang='lat' dir='ltr'>sa-</span> 
     </span>
     <span class='ocr_line' id='line_1_23' title="bbox 376 1746 1773 1800; baseline 0 -16"><span class='ocrx_word' id='word_1_190' title='bbox 376 1747 505 1800; x_wconf 88' lang='lat' dir='ltr'>piente</span> <span class='ocrx_word' id='word_1_191' title='bbox 524 1755 604 1784; x_wconf 89' lang='lat' dir='ltr'>tam</span> <span class='ocrx_word' id='word_1_192' title='bbox 623 1746 794 1784; x_wconf 86' lang='lat' dir='ltr'>alienum</span> <span class='ocrx_word' id='word_1_193' title='bbox 813 1746 899 1785; x_wconf 85' lang='lat' dir='ltr'>effe.</span> <span class='ocrx_word' id='word_1_194' title='bbox 931 1747 998 1785; x_wconf 89' lang='lat' dir='ltr'>Sin</span> <span class='ocrx_word' id='word_1_195' title='bbox 1016 1761 1101 1785; x_wconf 88' lang='lat' dir='ltr'>vera</span> <span class='ocrx_word' id='word_1_196' title='bbox 1121 1747 1207 1785; x_wconf 91' lang='lat' dir='ltr'>sunt</span> <span class='ocrx_word' id='word_1_197' title='bbox 1229 1747 1398 1785; x_wconf 86' lang='lat' dir='ltr'>Zenonis</span> <span class='ocrx_word' id='word_1_198' title='bbox 1410 1765 1423 1792; x_wconf 65' lang='grc' dir='ltr'>,ς</span> <span class='ocrx_word' id='word_1_199' title='bbox 1454 1746 1587 1785; x_wconf 87' lang='lat' dir='ltr'>eadem</span> <span class='ocrx_word' id='word_1_200' title='bbox 1606 1747 1647 1785; x_wconf 90' lang='lat' dir='ltr'>in</span> <span class='ocrx_word' id='word_1_201' title='bbox 1667 1756 1773 1785; x_wconf 92' lang='lat' dir='ltr'>vete-</span> 
     </span>
     <span class='ocr_line' id='line_1_24' title="bbox 377 1813 1774 1865; baseline 0.001 -15"><span class='ocrx_word' id='word_1_202' title='bbox 377 1826 434 1851; x_wconf 90' lang='lat' dir='ltr'>res</span> <span class='ocrx_word' id='word_1_203' title='bbox 455 1813 723 1857; x_wconf 88' lang='lat' dir='ltr'>Academicos,</span> <span class='ocrx_word' id='word_1_204' title='bbox 745 1813 1091 1865; x_wconf 86' lang='lat' dir='ltr'>Peripateticosque</span> <span class='ocrx_word' id='word_1_205' title='bbox 1111 1813 1284 1851; x_wconf 87' lang='lat' dir='ltr'>dicenda.</span> <span class='ocrx_word' id='word_1_206' title='bbox 1330 1813 1412 1851; x_wconf 80' lang='lat' dir='ltr'>Hic</span> <span class='ocrx_word' id='word_1_207' title='bbox 1433 1813 1551 1864; x_wconf 89' lang='lat' dir='ltr'>igitur</span> <span class='ocrx_word' id='word_1_208' title='bbox 1570 1814 1698 1851; x_wconf 88' lang='lat' dir='ltr'>neutri</span> <span class='ocrx_word' id='word_1_209' title='bbox 1716 1813 1774 1852; x_wconf 85' lang='lat' dir='ltr'>as-</span> 
     </span>
     <span class='ocr_line' id='line_1_25' title="bbox 377 1878 1283 1932; baseline 0.001 -16"><span class='ocrx_word' id='word_1_210' title='bbox 377 1878 555 1923; x_wconf 88' lang='lat' dir='ltr'>sentiens,</span> <span class='ocrx_word' id='word_1_211' title='bbox 575 1879 602 1916; x_wconf 88' lang='lat' dir='ltr'><strong>fi</strong></span> <span class='ocrx_word' id='word_1_212' title='bbox 619 1892 835 1930; x_wconf 87' lang='lat' dir='ltr'>nunquam,</span> <span class='ocrx_word' id='word_1_213' title='bbox 856 1888 940 1916; x_wconf 89' lang='lat' dir='ltr'>uter</span> <span class='ocrx_word' id='word_1_214' title='bbox 958 1879 1011 1916; x_wconf 91' lang='lat' dir='ltr'>est</span> <span class='ocrx_word' id='word_1_215' title='bbox 1031 1879 1283 1932; x_wconf 86' lang='lat' dir='ltr'>prudentior?</span> 
     </span>
    </p>

    <p class='ocr_par' dir='ltr' id='par_1_4' title="bbox 378 1944 1777 2458">
     <span class='ocr_line' id='line_1_26' title="bbox 423 1944 1777 1997; baseline 0.001 -15"><span class='ocrx_word' id='word_1_216' title='bbox 423 1944 547 1996; x_wconf 79' lang='lat' dir='ltr'>Qd,</span> <span class='ocrx_word' id='word_1_217' title='bbox 565 1958 661 1983; x_wconf 92' lang='lat' dir='ltr'>cum</span> <span class='ocrx_word' id='word_1_218' title='bbox 681 1944 758 1997; x_wconf 91' lang='lat' dir='ltr'>ipse</span> <span class='ocrx_word' id='word_1_219' title='bbox 774 1944 992 1983; x_wconf 82' lang='lat' dir='ltr'>Antiochus</span> <span class='ocrx_word' id='word_1_220' title='bbox 1007 1945 1175 1983; x_wconf 83' lang='lat' dir='ltr'>diffentit</span> <span class='ocrx_word' id='word_1_221' title='bbox 1197 1944 1427 1997; x_wconf 88' lang='lat' dir='ltr'>quibusdam</span> <span class='ocrx_word' id='word_1_222' title='bbox 1447 1946 1486 1983; x_wconf 91' lang='lat' dir='ltr'>in</span> <span class='ocrx_word' id='word_1_223' title='bbox 1503 1945 1613 1983; x_wconf 88' lang='lat' dir='ltr'>rebus</span> <span class='ocrx_word' id='word_1_224' title='bbox 1637 1945 1683 1983; x_wconf 89' lang='lat' dir='ltr'>ab</span> <span class='ocrx_word' id='word_1_225' title='bbox 1710 1945 1777 1991; x_wconf 85' lang='lat' dir='ltr'>iis,</span> 
     </span>
     <span class='ocr_line' id='line_1_27' title="bbox 378 2010 1775 2064; baseline 0 -15"><span class='ocrx_word' id='word_1_226' title='bbox 378 2023 476 2063; x_wconf 87' lang='lat' dir='ltr'>quos</span> <span class='ocrx_word' id='word_1_227' title='bbox 502 2019 619 2055; x_wconf 88' lang='lat' dir='ltr'>amat,</span> <span class='ocrx_word' id='word_1_228' title='bbox 650 2011 815 2048; x_wconf 88' lang='lat' dir='ltr'>Stoicis?</span> <span class='ocrx_word' id='word_1_229' title='bbox 846 2023 972 2048; x_wconf 89' lang='lat' dir='ltr'>nonne</span> <span class='ocrx_word' id='word_1_230' title='bbox 1003 2011 1147 2049; x_wconf 89' lang='lat' dir='ltr'>indicat</span> <span class='ocrx_word' id='word_1_231' title='bbox 1167 2024 1245 2049; x_wconf 88' lang='lat' dir='ltr'>non</span> <span class='ocrx_word' id='word_1_232' title='bbox 1264 2010 1366 2063; x_wconf 86' lang='lat' dir='ltr'>poffe</span> <span class='ocrx_word' id='word_1_233' title='bbox 1394 2011 1460 2048; x_wconf 91' lang='lat' dir='ltr'>illa</span> <span class='ocrx_word' id='word_1_234' title='bbox 1485 2011 1678 2064; x_wconf 83' lang='lat' dir='ltr'>probanda</span> <span class='ocrx_word' id='word_1_235' title='bbox 1703 2010 1775 2049; x_wconf 80' lang='lat' dir='ltr'>effe</span> 
     </span>
     <span class='ocr_line' id='line_1_28' title="bbox 379 2075 1775 2130; baseline 0 -16"><span class='ocrx_word' id='word_1_236' title='bbox 379 2076 568 2129; x_wconf 88' lang='lat' dir='ltr'>sapienti?</span> <span class='ocrx_word' id='word_1_237' title='bbox 600 2075 731 2114; x_wconf 87' lang='lat' dir='ltr'>Placet</span> <span class='ocrx_word' id='word_1_238' title='bbox 759 2076 910 2122; x_wconf 87' lang='lat' dir='ltr'>Stoicis,</span> <span class='ocrx_word' id='word_1_239' title='bbox 941 2077 1072 2114; x_wconf 91' lang='lat' dir='ltr'>omnia</span> <span class='ocrx_word' id='word_1_240' title='bbox 1091 2086 1244 2130; x_wconf 88' lang='lat' dir='ltr'>peccata</span> <span class='ocrx_word' id='word_1_241' title='bbox 1274 2076 1345 2114; x_wconf 82' lang='lat' dir='ltr'>effe</span> <span class='ocrx_word' id='word_1_242' title='bbox 1373 2077 1502 2129; x_wconf 85' lang='lat' dir='ltr'>paria:</span> <span class='ocrx_word' id='word_1_243' title='bbox 1535 2086 1572 2114; x_wconf 92' lang='lat' dir='ltr'>at</span> <span class='ocrx_word' id='word_1_244' title='bbox 1591 2076 1668 2114; x_wconf 93' lang='lat' dir='ltr'>hoc</span> <span class='ocrx_word' id='word_1_245' title='bbox 1688 2079 1775 2114; x_wconf 89' lang='lat' dir='ltr'>An-</span> 
     </span>
     <span class='ocr_line' id='line_1_29' title="bbox 379 2140 1774 2195; baseline -0.001 -14"><span class='ocrx_word' id='word_1_246' title='bbox 379 2140 511 2181; x_wconf 88' lang='lat' dir='ltr'>tiocho</span> <span class='ocrx_word' id='word_1_247' title='bbox 529 2141 857 2180; x_wconf 83' lang='lat' dir='ltr'>vehementiffime</span> <span class='ocrx_word' id='word_1_248' title='bbox 877 2143 1065 2195; x_wconf 81' lang='lat' dir='ltr'>displicet.</span> <span class='ocrx_word' id='word_1_249' title='bbox 1114 2144 1249 2181; x_wconf 90' lang='lat' dir='ltr'>Liceat</span> <span class='ocrx_word' id='word_1_250' title='bbox 1269 2142 1423 2180; x_wconf 87' lang='lat' dir='ltr'>tandem</span> <span class='ocrx_word' id='word_1_251' title='bbox 1443 2142 1543 2180; x_wconf 90' lang='lat' dir='ltr'>mihi</span> <span class='ocrx_word' id='word_1_252' title='bbox 1563 2143 1774 2180; x_wconf 86' lang='lat' dir='ltr'>confidera-</span> 
     </span>
     <span class='ocr_line' id='line_1_30' title="bbox 380 2207 1776 2260; baseline -0.001 -14"><span class='ocrx_word' id='word_1_253' title='bbox 380 2221 433 2253; x_wconf 83' lang='lat' dir='ltr'>re,</span> <span class='ocrx_word' id='word_1_254' title='bbox 463 2217 589 2245; x_wconf 85' lang='lat' dir='ltr'>utram</span> <span class='ocrx_word' id='word_1_255' title='bbox 608 2207 836 2245; x_wconf 85' lang='lat' dir='ltr'>sententiam</span> <span class='ocrx_word' id='word_1_256' title='bbox 856 2207 1001 2260; x_wconf 80' lang='lat' dir='ltr'>sequar.</span> <span class='ocrx_word' id='word_1_257' title='bbox 1050 2208 1230 2252; x_wconf 83' lang='lat' dir='ltr'>Praecide,</span> <span class='ocrx_word' id='word_1_258' title='bbox 1251 2209 1402 2260; x_wconf 90' lang='lat' dir='ltr'>inquit:</span> <span class='ocrx_word' id='word_1_259' title='bbox 1435 2207 1552 2245; x_wconf 89' lang='lat' dir='ltr'>statue</span> <span class='ocrx_word' id='word_1_260' title='bbox 1571 2207 1776 2259; x_wconf 88' lang='lat' dir='ltr'>aliquando</span> 
     </span>
     <span class='ocr_line' id='line_1_31' title="bbox 380 2272 1774 2326; baseline -0.001 -15"><span class='ocrx_word' id='word_1_261' title='bbox 380 2273 586 2326; x_wconf 84' lang='lat' dir='ltr'>quidlibet.</span> <span class='ocrx_word' id='word_1_262' title='bbox 609 2273 740 2325; x_wconf 83' lang='lat' dir='ltr'>Qid?</span> <span class='ocrx_word' id='word_1_263' title='bbox 762 2287 847 2325; x_wconf 81' lang='lat' dir='ltr'>quae</span> <span class='ocrx_word' id='word_1_264' title='bbox 863 2274 1043 2312; x_wconf 88' lang='lat' dir='ltr'>dicuntur</span> <span class='ocrx_word' id='word_1_265' title='bbox 1055 2274 1229 2326; x_wconf 90' lang='lat' dir='ltr'>quidem,</span> <span class='ocrx_word' id='word_1_266' title='bbox 1249 2282 1288 2311; x_wconf 90' lang='lat' dir='ltr'>et</span> <span class='ocrx_word' id='word_1_267' title='bbox 1302 2282 1410 2311; x_wconf 90' lang='lat' dir='ltr'>acuta</span> <span class='ocrx_word' id='word_1_268' title='bbox 1426 2272 1526 2311; x_wconf 84' lang='lat' dir='ltr'>mihi</span> <span class='ocrx_word' id='word_1_269' title='bbox 1541 2273 1719 2311; x_wconf 90' lang='lat' dir='ltr'>videntur</span> <span class='ocrx_word' id='word_1_270' title='bbox 1733 2273 1774 2310; x_wconf 94' lang='lat' dir='ltr'>in</span> 
     </span>
     <span class='ocr_line' id='line_1_32' title="bbox 382 2337 1774 2392; baseline -0.001 -16"><span class='ocrx_word' id='word_1_271' title='bbox 382 2348 585 2390; x_wconf 82' lang='lat' dir='ltr'>utramque</span> <span class='ocrx_word' id='word_1_272' title='bbox 614 2348 776 2391; x_wconf 89' lang='lat' dir='ltr'>partem,</span> <span class='ocrx_word' id='word_1_273' title='bbox 807 2348 845 2377; x_wconf 89' lang='lat' dir='ltr'>et</span> <span class='ocrx_word' id='word_1_274' title='bbox 864 2340 989 2392; x_wconf 77' lang='lat' dir='ltr'>paria;</span> <span class='ocrx_word' id='word_1_275' title='bbox 1020 2353 1147 2377; x_wconf 91' lang='lat' dir='ltr'>nonne</span> <span class='ocrx_word' id='word_1_276' title='bbox 1176 2352 1343 2384; x_wconf 89' lang='lat' dir='ltr'>caveam,</span> <span class='ocrx_word' id='word_1_277' title='bbox 1379 2353 1426 2376; x_wconf 91' lang='lat' dir='ltr'>ne</span> <span class='ocrx_word' id='word_1_278' title='bbox 1455 2339 1575 2377; x_wconf 88' lang='lat' dir='ltr'>scelus</span> <span class='ocrx_word' id='word_1_279' title='bbox 1606 2337 1774 2376; x_wconf 82' lang='lat' dir='ltr'>faciam?</span> 
     </span>
     <span class='ocr_line' id='line_1_33' title="bbox 383 2403 1776 2458; baseline -0.001 -16"><span class='ocrx_word' id='word_1_280' title='bbox 383 2403 512 2442; x_wconf 87' lang='lat' dir='ltr'>Scelus</span> <span class='ocrx_word' id='word_1_281' title='bbox 531 2405 636 2442; x_wconf 91' lang='lat' dir='ltr'>enim</span> <span class='ocrx_word' id='word_1_282' title='bbox 657 2404 807 2442; x_wconf 90' lang='lat' dir='ltr'>dicebas</span> <span class='ocrx_word' id='word_1_283' title='bbox 824 2404 907 2450; x_wconf 79' lang='lat' dir='ltr'>effe,</span> <span class='ocrx_word' id='word_1_284' title='bbox 931 2405 1109 2449; x_wconf 90' lang='lat' dir='ltr'>Luculle,</span> <span class='ocrx_word' id='word_1_285' title='bbox 1128 2405 1268 2458; x_wconf 88' lang='lat' dir='ltr'>dogma</span> <span class='ocrx_word' id='word_1_286' title='bbox 1285 2404 1454 2458; x_wconf 88' lang='lat' dir='ltr'>prodere.</span> <span class='ocrx_word' id='word_1_287' title='bbox 1487 2404 1679 2442; x_wconf 90' lang='lat' dir='ltr'>Contineo</span> <span class='ocrx_word' id='word_1_288' title='bbox 1698 2403 1776 2456; x_wconf 83' lang='lat' dir='ltr'>igi-</span> 
     </span>
    </p>
   </div>
   <div class='ocr_carea' id='block_1_3' title="bbox 381 2469 1779 2575">
    <p class='ocr_par' dir='ltr' id='par_1_5' title="bbox 381 2469 1779 2575">
     <span class='ocr_line' id='line_1_34' title="bbox 383 2469 1779 2523; baseline 0.001 -17"><span class='ocrx_word' id='word_1_289' title='bbox 383 2479 446 2507; x_wconf 89' lang='lat' dir='ltr'>tur</span> <span class='ocrx_word' id='word_1_290' title='bbox 479 2483 557 2514; x_wconf 92' lang='lat' dir='ltr'>me,</span> <span class='ocrx_word' id='word_1_291' title='bbox 589 2483 637 2508; x_wconf 90' lang='lat' dir='ltr'>ne</span> <span class='ocrx_word' id='word_1_292' title='bbox 665 2471 864 2523; x_wconf 86' lang='lat' dir='ltr'>incognito</span> <span class='ocrx_word' id='word_1_293' title='bbox 889 2471 1081 2510; x_wconf 66' lang='lat' dir='ltr'>assentiar:</span> <span class='ocrx_word' id='word_1_294' title='bbox 1122 2471 1226 2523; x_wconf 89' lang='lat' dir='ltr'>quod</span> <span class='ocrx_word' id='word_1_295' title='bbox 1261 2470 1362 2510; x_wconf 89' lang='lat' dir='ltr'>mihi</span> <span class='ocrx_word' id='word_1_296' title='bbox 1394 2481 1522 2508; x_wconf 91' lang='lat' dir='ltr'>tecum</span> <span class='ocrx_word' id='word_1_297' title='bbox 1553 2469 1607 2508; x_wconf 90' lang='lat' dir='ltr'>est</span> <span class='ocrx_word' id='word_1_298' title='bbox 1636 2469 1779 2523; x_wconf 86' lang='lat' dir='ltr'>dogma</span> 
     </span>
     <span class='ocr_line' id='line_1_35' title="bbox 381 2549 606 2575; baseline 0 -1"><span class='ocrx_word' id='word_1_299' title='bbox 381 2549 606 2575; x_wconf 84' lang='lat' dir='ltr'>commune.</span> 
     </span>
    </p>
   </div>
  </div>
 </body>
</html>
