2330 2983
600 222 672 248 120
1019 209 1122 246 DE
1180 207 1562 247 FINIBUS

594 325 669 363 qua
688 320 751 348 aut
772 309 1005 353 afficiuntur,
1036 318 1101 346 aut
1127 309 1271 361 semper
1290 309 1375 347 sunt
1395 309 1435 347 in
1453 319 1575 354 metu,
1606 322 1653 347 ne
1682 309 1897 348 afficiantur
1914 310 1986 349 ali-

594 376 760 428 quando.
793 375 886 413 Ncn
905 383 1055 426 oportet
1072 374 1270 419 timidum,
1287 384 1352 412 aut
1371 374 1572 413 imbecillo
1591 375 1734 420 animo,
1755 374 1851 427 fingi
1866 393 1879 420 ς
1910 389 1987 414 non

595 442 741 479 bonum
762 440 876 479 illum
896 441 1035 484 virum,
1061 441 1144 492 qui,
1167 439 1356 492 quidquid
1376 439 1522 484 fecerit,
1552 440 1630 492 ipse
1651 440 1685 478 se
1704 441 1863 485 cruciet,
1897 454 1986 479 om-

595 508 732 559 niaque
761 505 968 544 formidet:
1001 505 1062 543 sed
1095 506 1226 543 omnia
1259 505 1395 543 callide
1429 504 1654 544 referentem
1688 506 1734 544 ad
1764 506 1986 550 utilitatem,

594 583 768 617 acutum,
799 571 1006 615 versutum,
1038 581 1301 616 veteratorem,
1333 570 1446 608 facile
1464 581 1506 608 ut
1525 572 1732 624 excogitet,
1764 585 1844 624 quo
1872 571 1989 610 modo

593 632 759 683 occulte,
782 637 856 675 fine
877 637 980 681 teste,
1002 637 1077 674 fine
1098 637 1178 674 ullo
1198 636 1364 681 conscio,
1385 635 1505 674 fallat.
1538 638 1601 674 An
1624 647 1664 674 tu
1685 650 1747 675 me
1765 637 1812 675 de
1833 638 1881 676 L.
1899 638 1987 675 Tu-

596 704 689 743 bulo
717 712 826 756 putas
846 701 1001 740 dicere?
1031 702 1113 754 qui,
1149 715 1241 739 cum
1272 703 1413 740 Praetor
1443 701 1692 753 quaestIOnem
1712 702 1810 740 inter
1841 702 1989 740 ficarios

594 768 828 812 exercuisset,
849 769 902 805 ita
920 777 1045 820 aperte
1064 767 1167 819 cepit
1187 767 1365 819 pecunias
1385 767 1436 804 ob
1457 779 1535 804 rem
1547 766 1811 818 judicandam,
1829 776 1872 804 ut
1890 781 1990 805 anno

596 835 774 887 proximo
799 834 842 871 P.
866 831 1042 875 Scaevola,
1065 832 1242 869 tribunus
1264 830 1400 884 plebis,
1422 830 1536 869 ferret
1556 831 1602 868 ad
1623 830 1790 883 plebem,
1815 832 1991 870 Vellentne

592 900 632 939 de
649 914 689 938 ea
709 914 748 937 re
766 898 892 952 quaeri.
930 897 1022 948 Qo
1038 895 1239 950 plebiscito
1258 897 1407 934 decreta
1426 909 1446 933 a
1466 895 1595 934 senatu
1615 895 1667 934 est
1691 895 1851 934 Consuli
1868 896 1990 949 quaes-

595 967 650 1005 tio
671 967 746 1004 Cn.
769 963 957 1016 Caepioni.
1004 961 1202 1000 Profectus
1222 963 1261 1000 in
1282 962 1444 1001 exilium
1464 961 1647 1001 Tubulus
1668 961 1808 1008 statim,
1839 975 1909 1002 nec
1928 976 1988 1001 re·

596 1031 776 1084 spondere
796 1029 917 1069 ausus.
949 1029 1041 1066 Erat
1059 1027 1165 1066 enim
1186 1041 1242 1066 res
1263 1038 1401 1081 aperta.

640 1096 773 1135 XVII.
797 1095 891 1133 Non
912 1094 1031 1146 igitur
1050 1092 1096 1130 de
1116 1093 1308 1146 improbo,
1323 1093 1385 1131 sed
1403 1093 1540 1131 callide
1559 1093 1754 1146 improbo,
1769 1095 1989 1146 quaerimus‚

598 1163 740 1216 (qualis
761 1161 1046 1213 QPompeius
1067 1159 1107 1197 in
1127 1158 1268 1198 foedere
1288 1160 1542 1212 ‘Numantino
1571 1159 1773 1198 infitiando
1798 1159 1891 1212 fuit)
1920 1175 1989 1199 nec

594 1238 682 1262 vero
712 1223 842 1261 omnia
872 1221 1046 1265 timente,
1077 1219 1139 1258 sed
1160 1218 1331 1273 primum
1363 1221 1431 1273 qui
1461 1221 1581 1258 animi
1612 1221 1886 1259 conscientiam
1912 1235 1989 1259 non

594 1298 698 1327 curet
714 1307 726 1333 5
757 1301 875 1340 quam
896 1286 1039 1324 scilicet
1058 1286 1314 1338 comprimere
1336 1285 1432 1324 nihil
1454 1285 1507 1323 est
1527 1287 1685 1339 negotii.
1728 1287 1764 1324 Is
1784 1286 1904 1331 enim,
1921 1287 1990 1339 qui

593 1354 770 1394 occultus
790 1362 828 1391 et
860 1353 979 1390 tectus
1001 1351 1157 1396 dicitur,
1189 1360 1342 1389 tantum
1362 1351 1475 1396 abest,
1506 1361 1550 1389 ut
1575 1351 1610 1389 se
1630 1351 1789 1397 indicet,
1821 1351 1992 1404 perficiet

594 1421 724 1465 etiam,
756 1428 799 1457 ut
819 1418 944 1456 dolere
964 1417 1115 1456 alterius
1134 1417 1311 1470 improbe
1339 1415 1438 1455 fafto
1458 1417 1650 1456 videatur:
1683 1417 1777 1470 quid
1808 1417 1861 1456 est
1887 1418 1992 1457 enim

595 1486 713 1531 aliud,
745 1484 816 1523 effe
836 1483 1057 1522 versutum?
1090 1483 1261 1521 Memini
1282 1496 1344 1520 me
1364 1482 1480 1521 adesse
1500 1484 1544 1521 P.
1568 1483 1727 1522 Sextilio
1747 1481 1868 1529 Rufo,
1899 1497 1991 1522 cum

596 1553 627 1590 is
649 1552 693 1590 ad
712 1551 856 1589 amicos
878 1563 958 1587 rem
978 1549 1030 1586 ita
1049 1547 1225 1593 deferret,
1258 1547 1293 1586 se
1321 1547 1392 1586 effe
1412 1547 1594 1587 heredem
1625 1549 1824 1601 QFadio
1845 1549 1988 1595 Gallo;

595 1619 704 1670 cujus
725 1617 764 1655 in
786 1615 1009 1654 testamento
1043 1614 1229 1668 scriptum
1249 1613 1352 1659 estet,
1380 1613 1415 1654 se
1445 1615 1492 1653 ab
1517 1628 1562 1653 eo
1582 1625 1773 1668 rogatum,
1802 1625 1844 1653 ut
1863 1616 1990 1654 omnis

596 1682 792 1723 haereditas
813 1682 858 1720 ad
878 1681 997 1720 filiam
1019 1681 1244 1735 perveniret.
1284 1681 1319 1720 Is
1341 1680 1521 1720 Sextilius
1541 1679 1686 1719 factum
1706 1681 1881 1734 negabat.
1914 1683 1991 1721 Po-

598 1759 692 1787 terat
722 1758 851 1786 autem
871 1748 1057 1801 impune:
1089 1747 1175 1799 quis
1203 1746 1309 1785 enim
1342 1747 1608 1801 redargueret?
1641 1747 1772 1786 Nemo
1803 1747 1989 1787 nostrfim.

598 1815 802 1867 Negabat3
833 1822 987 1865 eratque
1018 1811 1271 1857 verifimilius‚
1306 1811 1412 1850 hunc
1445 1812 1614 1857 mentiri,
1646 1813 1755 1864 cujus
1789 1812 1991 1859 interesset,

597 1893 712 1933 quam
735 1879 864 1923 illum,
892 1878 959 1930 qui
989 1877 1028 1915 id
1057 1877 1092 1915 se
1124 1876 1263 1931 rogaffe
1284 1876 1491 1931 scripfifi'et,
1519 1877 1624 1930 quod
1644 1876 1826 1916 debuiffet
1847 1891 1991 1931 rogare.

598 1945 774 1984 Addebat
793 1944 923 1987 etiam,
959 1942 992 1980 se
1024 1943 1062 1980 in
1084 1943 1209 1997 legem
1233 1943 1446 1981 Voconiam
1474 1943 1647 1997 juratum
1668 1953 1800 1981 eontra
1829 1957 1913 1983 eam
1932 1943 1992 1983 fa-

597 2025 680 2050 cere
702 2025 777 2049 non
799 2009 947 2054 audere,
977 2009 1043 2047 nifi
1065 2009 1172 2047 aliter
1191 2009 1324 2048 amicis
1345 2008 1547 2048 videretur.
1571 2008 1784 2048 Ades-amus
1814 2023 1881 2048 nos
1903 2011 1992 2062 qui-

597 2078 685 2116 dem
707 2076 973 2120 adolescentes,
1006 2074 1065 2112 sed
1085 2084 1122 2113 et
1147 2074 1261 2112 multi
1292 2074 1512 2128 amplissimi
1548 2074 1647 2119 viri;
1679 2089 1847 2128 quorum
1878 2089 1994 2115 nemo

598 2142 744 2181 censuit
765 2141 850 2195 plus
873 2141 998 2181 Fadiae
1028 2140 1214 2185 dandum,
1246 2154 1361 2193 quam
1384 2139 1500 2194 poli‘et
1536 2139 1581 2177 ad
1601 2154 1684 2179 eam
1720 2140 1801 2194 lege
1822 2141 1994 2180 Voconia

598 2209 806 2263 pervenire.
852 2208 1001 2247 Tenuit
1034 2221 1280 2260 permagnam
1303 2206 1481 2246 Sextilius
1502 2205 1787 2246 haereditatem:
1821 2207 1935 2253 unde,
1967 2209 1992 2247 fi

598 2275 746 2314 secutus
777 2273 863 2313 essct
883 2287 1016 2313 eorum
1045 2273 1284 2320 sententiam,
1307 2274 1374 2327 qui
1402 2272 1555 2312 honesta
1574 2283 1611 2311 et
1632 2275 1729 2312 reeta
1747 2275 1992 2313 emolumen-

600 2342 646 2380 tis
678 2341 861 2380 omnibus
892 2350 929 2378 et
955 2340 1172 2379 commodis
1206 2349 1494 2393 anteponerent,
1523 2353 1569 2377 ne
1596 2354 1805 2379 nummum
1833 2341 1991 2394 quidem

599 2422 721 2446 unum
753 2406 945 2461 attigisset.
983 2407 1094 2446 Num
1114 2407 1229 2460 igitur
1250 2420 1338 2444 enm
1361 2405 1484 2459 postea
1503 2406 1630 2445 censes
1650 2407 1762 2446 anxio
1778 2408 1909 2447 animo
1928 2419 1992 2447 aut

599 2471 916 2526 sollicitqsuiffe?
950 2470 1063 2511 Nihil
1087 2473 1215 2511 minus
1235 2486 1242 2510 :
1275 2471 1498 2524 contraque,
1530 2471 1594 2510 illa
1620 2470 1835 2511 haereditate
1858 2472 1989 2517 dives;

626 2538 632 2554 ¹
682 2553 838 2591 umque
867 2553 946 2577 reni
969 2538 1089 2577 laetus.
1150 2538 1288 2591 Magni
1322 2537 1426 2577 enim
1447 2537 1653 2577 aestimabat
1673 2538 1889 2592 pecuniam,
1916 2552 1992 2579 non
