2330 2983
614 318 889 358 LIBER
947 317 1444 355 SECUNDUS.
1653 321 1731 371 465

346 423 375 440 “
395 424 673 467 ventorumque
692 415 773 453 vim
793 413 1066 466 cognovissent,
1099 413 1396 467 aspexissentque
1417 413 1547 457 solem,
1579 412 1733 465 ejusque

345 489 374 507 “
395 491 479 521 tum
499 480 822 533 magnitudinem,
843 478 1266 531 pulchritudinemque,
1290 488 1375 516 tum
1394 479 1511 517 etiam
1531 479 1734 517 efficienti-

345 555 375 572 “
394 561 456 585 am
475 537 747 598 cognovissent,
769 545 873 597 quod
891 544 921 582 is
942 545 1046 582 diem
1065 544 1245 587 efficeret,
1264 552 1346 581 toto
1365 544 1458 582 caelo
1478 544 1564 582 luce
1578 543 1712 582 diffusa
1721 564 1732 590 ;

346 619 374 636 “
393 626 485 650 cum
505 621 634 650 autem
653 620 767 649 terras
787 623 865 649 nox
885 609 1081 662 opacasset,
1114 618 1199 647 tum
1220 609 1359 647 caelum
1391 618 1519 647 totum
1539 620 1737 647 cernerent

345 685 374 702 “
393 678 495 716 astris
511 677 734 716 diffinitum
748 686 788 714 et
802 685 995 721 ornatum,
1015 675 1191 727 lunaeque
1206 675 1402 714 luminum
1415 676 1635 713 varietatem
1652 684 1738 714 tum

344 751 373 768 “
393 744 607 789 crescentis,
637 752 724 782 tum
744 742 979 787 senescentis,
1009 755 1220 794 eorumque
1244 742 1422 781 omnium
1443 751 1547 780 ortus
1567 751 1604 779 et
1623 755 1736 779 occa·

345 816 373 832 “
395 809 470 853 sus,
502 819 615 861 atque
644 809 686 846 in
715 808 826 846 omni
856 808 1063 845 aeternitate
1093 816 1190 845 ratos
1210 807 1549 859 immutabilesque
1577 806 1735 850 cursus,

345 881 374 898 “
396 873 476 914 haec
495 888 587 913 cum
607 873 792 917 viderent,
823 871 994 926 profed'co
1013 882 1051 911 et
1075 872 1145 911 effe
1175 873 1295 919 Deos,
1329 881 1368 912 et
1385 871 1467 912 haec
1494 881 1597 911 tanta
1627 886 1738 925 opera

347 946 373 962 “
396 940 570 978 Deorum
589 938 660 977 effe
679 939 988 976 arbitrarentur.''

399 1004 633 1043 XXXVIII.
664 1005 795 1055 Atque
813 1002 895 1042 haec
915 1003 1075 1055 quidem
1095 1002 1174 1042 ille.
1211 1003 1297 1042 Nos
1317 1012 1447 1041 autem
1467 1003 1639 1041 tenebras
1670 1016 1738 1040 co-

341 1069 510 1121 gitemus
531 1078 666 1114 tantas,
697 1079 849 1121 quantae
868 1069 1066 1121 quondam
1093 1069 1296 1121 eruptione
1321 1069 1563 1107 AEtnaeorum
1587 1068 1741 1120 ignium

344 1134 528 1172 finitimas
564 1133 735 1187 regiones
766 1134 1013 1172 obscuravisse
1044 1134 1240 1178 dicuntur,
1262 1142 1307 1171 ut
1338 1146 1403 1185 per
1434 1133 1600 1170 biduum
1627 1145 1741 1170 nemo

344 1197 548 1238 hominem
568 1198 688 1238 homo
708 1199 923 1252 agnosceret
941 1215 950 1238 :
982 1212 1074 1237 cum
1094 1207 1225 1236 autem
1246 1198 1358 1236 tertio
1377 1198 1439 1236 die
1458 1197 1513 1236 sol
1543 1197 1739 1241 illuxisset,

343 1274 432 1304 tum
452 1275 495 1304 ut
514 1265 685 1304 revixifi‘e
703 1265 772 1304 fibi
792 1266 1024 1304 viderentur.
1047 1264 1166 1316 Qod
1186 1264 1212 1301 sl
1232 1262 1306 1302 hoc
1323 1263 1429 1301 idem
1447 1277 1494 1301 ex
1514 1263 1660 1300 aeternis
1682 1272 1741 1300 te-

345 1331 474 1370 nebris
494 1331 746 1383 contingeret,
783 1339 826 1368 ut
853 1330 979 1368 subito
998 1329 1129 1368 lucem
1149 1328 1400 1381 aspiceremus
1416 1346 1428 1373 ς
1459 1341 1637 1380 quaenam
1657 1327 1741 1380 spe-

346 1397 424 1434 cies
444 1397 527 1435 caeli
547 1396 764 1434 videretur?
796 1396 868 1435 Sed
897 1396 1107 1434 assiduitate
1137 1395 1373 1448 quotidiana,
1400 1402 1437 1432 et
1467 1394 1742 1432 consuetudine

347 1463 566 1507 oculorum,
587 1462 794 1501 assuescunt
813 1462 934 1501 animi
949 1481 962 1508 3
984 1475 1108 1515 neque
1127 1462 1376 1505 admirantur,
1398 1474 1523 1512 neque
1543 1460 1744 1512 requirunt

349 1528 512 1567 rationes
528 1541 657 1566 earum
673 1541 813 1573 rerum,
831 1541 924 1580 quas
945 1528 1091 1581 semper
1106 1527 1236 1566 vident
1247 1545 1261 1571 ς
1292 1525 1452 1579 proinde
1472 1525 1574 1577 quas1
1595 1525 1741 1562 novitas

347 1607 417 1632 nos
438 1595 573 1646 magis,
595 1607 712 1645 quam
732 1594 961 1643 magnitudo
975 1605 1117 1635 rerum,
1134 1592 1270 1628 debeat
1289 1590 1335 1627 ad
1349 1590 1600 1642 exquirendas
1617 1589 1742 1628 causas

347 1659 526 1698 excitare.

403 1725 504 1775 Qis
523 1724 630 1762 enim
648 1721 755 1761 hunc
774 1721 974 1761 hominem
995 1721 1148 1766 dixerit,
1170 1721 1252 1773 qui,
1281 1734 1374 1759 cum
1401 1729 1482 1759 tam
1510 1729 1633 1759 certos
1653 1721 1744 1760 coeli

346 1800 492 1835 motus,
522 1799 602 1828 tam
623 1799 720 1828 ratos
740 1789 925 1827 astrorum
945 1787 1112 1831 ordines,
1134 1795 1291 1838 tamque
1310 1787 1442 1825 omnia
1466 1787 1565 1825 inter
1590 1786 1626 1824 se
1645 1801 1743 1825 con-

349 1869 445 1894 nexa
477 1865 516 1892 et
546 1864 632 1907 apta
650 1854 801 1898 viderit,
833 1862 944 1905 neget
964 1853 1004 1890 in
1024 1851 1084 1890 his
1113 1851 1232 1889 ullam
1262 1851 1374 1889 ineffe
1395 1852 1595 1897 rationem,
1626 1866 1745 1905 eaque

348 1921 435 1958 casu
455 1919 536 1957 fieri
556 1919 670 1964 dicat,
700 1932 784 1971 quae
804 1927 949 1970 quanto
974 1916 1131 1956 confilio
1149 1926 1341 1968 gerantur,
1373 1917 1482 1955 nullo
1507 1917 1665 1955 confilio
1685 1917 1742 1955 as-

350 1985 455 2038 sequi
474 1984 700 2037 possumus?
731 1986 810 2029 An,
827 1982 918 2022 cum
937 1982 1223 2021 machinatione
1244 1982 1410 2034 quadam
1430 1983 1576 2021 moveri
1596 1983 1743 2036 aliquid

349 2050 539 2095 videmus,
572 2058 615 2088 ut
634 2048 832 2102 sphaeram,
864 2058 908 2087 ut
925 2047 1051 2095 horas,
1073 2058 1116 2087 ut
1145 2048 1217 2086 alia
1248 2049 1453 2101 permulta,
1483 2063 1561 2087 non
1588 2049 1743 2087 dubita-

350 2130 452 2162 mus,
483 2117 580 2169 quin
609 2116 676 2154 illa
704 2130 816 2169 opera
834 2116 907 2154 fint
938 2116 1094 2154 rationis
1113 2130 1121 2154 z
1153 2128 1246 2154 curn
1277 2125 1405 2154 autem
1436 2116 1629 2168 impetum
1660 2115 1744 2154 caeli

349 2182 566 2221 admirabili
585 2195 678 2220 cum
696 2182 887 2220 celeritate
906 2183 1053 2220 moveri
1082 2182 1256 2234 vertique
1281 2182 1492 2227 videamus,
1520 2181 1743 2220 constantis-

350 2248 444 2286 slme
462 2247 734 2286 conficientem
755 2247 1028 2286 viciffitudines
1048 2247 1326 2293 anniversarias,
1348 2262 1440 2286 cum
1457 2248 1607 2286 summa
1627 2247 1744 2286 salute

351 2322 390 2351 et
408 2313 686 2351 conservatione
705 2326 832 2351 rerum
852 2313 1029 2351 omnium
1046 2331 1058 2359 ς
1089 2313 1326 2359 dubitamus,
1349 2314 1445 2367 quin
1464 2327 1506 2351 ea
1525 2327 1602 2351 non
1618 2312 1743 2350 solum

352 2379 498 2416 ratione
516 2377 623 2423 fiant,
654 2378 715 2416 sed
747 2379 864 2417 etiam
897 2379 1101 2418 excellenti
1135 2379 1301 2431 quadam
1331 2380 1535 2431 divinaque
1566 2378 1710 2416 ratione
1728 2378 1742 2415 ?

353 2444 465 2482 Licet
479 2444 584 2481 enim
595 2444 692 2495 jam,
706 2454 850 2483 remota
864 2444 1056 2484 subtiliate
1073 2445 1303 2498 disputandi,
1317 2445 1439 2483 oculis
1456 2443 1745 2496 quodammodo

352 2510 604 2562 contemplari
624 2509 953 2562 pulchritudinem
968 2525 1095 2550 rerum
1115 2525 1260 2556 earum,
1279 2524 1371 2563 quas
1392 2509 1521 2548 divina
1537 2509 1744 2562 providen-

353 2576 408 2614 tia
427 2575 592 2614 dicimus
613 2576 848 2615 constitutas.

405 2641 599 2681 XXXIX.
631 2644 691 2681 Ac
708 2643 899 2697 principio
919 2652 1015 2684 terra
1030 2643 1199 2684 universa
1219 2652 1405 2688 cernatur,
1423 2642 1545 2682 locata
1563 2642 1604 2682 in
1620 2641 1746 2680 media

489 2708 618 2748 ΤοΜ.
650 2709 703 2749 ΙΙ.
1316 2709 1357 2748 Ν
1380 2721 1405 2747 n
1425 2721 1451 2747 n
