2330 2983
524 261 628 288 ,200
972 243 1077 285 DE
1134 244 1517 285 FINIBUS

548 357 592 386 ut
609 348 649 386 in
671 345 854 385 omnibus
873 344 1000 391 rebus,
1031 345 1223 398 quidquid
1242 359 1288 384 ex
1308 354 1467 398 utraque
1497 351 1601 398 parte
1632 342 1709 382 dici
1728 341 1854 396 poffit‚
1875 355 1945 382 ex·

548 421 754 465 promeret.

605 480 710 516 Cum
740 486 869 516 autem
890 477 998 516 tertia
1033 490 1116 530 pars
1151 477 1246 515 bene
1279 476 1430 515 vivendi
1459 485 1645 529 praecepta
1676 483 1872 528 quaereret,
1902 486 1945 512 ea

548 557 704 597 quoque
733 543 786 581 est
814 543 860 582 ab
886 543 1020 582 iisdem
1041 557 1118 582 non
1139 543 1261 581 solum
1291 544 1336 581 ad
1370 543 1524 596 privatae
1543 543 1629 579 vitae
1656 542 1854 585 rationem,
1886 539 1947 577 sed

549 611 667 649 etiam
691 609 737 648 ad
757 609 1131 662 rerumpublicarum
1151 610 1374 654 rectionem,
1396 609 1523 647 relata.
1557 608 1751 646 Omnium
1782 605 1859 644 fere
1888 606 1947 644 ci-

549 677 714 714 vitatum
745 689 822 714 non
843 675 1002 714 Graeciae
1034 675 1173 720 solum,
1204 675 1266 713 sed
1291 676 1408 713 etiam
1429 674 1627 718 Barbariae,
1658 673 1704 711 ab
1730 671 1946 716 Aristotele,

550 755 690 786 mores,
720 741 904 785 instituta,
936 741 1152 793 disciplinas
1168 759 1179 785 ς
1212 754 1233 777 a
1252 739 1518 793 Theophrasto
1543 739 1646 790 leges
1666 739 1781 776 etiam
1801 751 1948 790 cogno-

549 808 692 845 vimus.
734 808 916 858 Cumque
936 815 1096 858 uterque
1126 819 1261 843 eorum
1282 805 1477 849 docuifl'et,
1509 804 1663 855 qualem
1694 803 1735 840 in
1756 802 1952 854 republica

552 872 769 925 principem
805 871 876 909 effe
905 872 1124 909 conveniret
1137 889 1149 915 3
1191 870 1368 923 pluribus
1410 879 1586 923 praeterea
1615 882 1708 906 cum
1742 866 1950 920 scripfiflet,

552 938 621 990 qui
640 937 728 976 effet
748 938 920 990 optimus
941 937 1162 990 reipublicae
1182 936 1321 981 status;
1352 935 1428 974 hoc
1458 936 1624 988 amplius
1645 931 1951 987 Theophrastus,

555 1018 640 1055 quae
660 1003 776 1042 effent
806 1004 845 1042 in
866 1003 1062 1056 republica
1081 1003 1350 1041 inclinationes
1372 1016 1499 1040 rerum
1520 1011 1557 1039 et
1578 1010 1775 1039 momenta
1795 1010 1951 1052 tempo-

552 1084 654 1115 rum,
685 1070 826 1122 quibus
857 1069 945 1107 effet
971 1069 1250 1108 moderandum
1280 1078 1477 1120 utcunque
1509 1081 1564 1105 res
1586 1067 1803 1120 postularet.
1852 1066 1952 1104 Vitae

553 1145 683 1174 autern
705 1135 883 1188 degendae
903 1136 998 1173 ratio
1018 1135 1188 1174 maxime
1203 1135 1361 1187 quidem
1379 1135 1456 1172 illis
1477 1134 1622 1186 placuit
1640 1133 1781 1185 quieta,
1801 1133 1838 1170 in
1855 1145 1952 1170 con-

554 1202 805 1255 templatione
822 1210 861 1239 et
887 1201 1108 1253 cognitione
1131 1201 1250 1253 posita
1269 1214 1395 1239 rerum
1413 1218 1424 1244 ;
1456 1213 1556 1252 quae,
1578 1200 1667 1250 quia
1687 1199 1846 1236 deorum
1877 1207 1955 1236 erat

551 1267 640 1305 vitae
659 1267 868 1311 fimillima,
900 1266 1066 1318 sapiente
1085 1265 1159 1304 visa
1185 1266 1237 1304 est
1256 1266 1486 1318 digniffima.
1537 1266 1668 1316 Atque
1694 1263 1754 1302 his
1775 1264 1821 1302 de
1842 1264 1954 1302 rebus

552 1341 590 1369 et
610 1331 805 1384 splendida
824 1331 876 1369 est
895 1344 1030 1370 eorum
1049 1340 1086 1368 et
1106 1330 1261 1368 illustris
1278 1331 1411 1368 oratio.

614 1398 665 1436 V.
695 1398 757 1436 De
776 1397 930 1436 summo
950 1397 1068 1441 bon0‚
1101 1397 1191 1449 quia
1211 1397 1288 1434 duo
1317 1409 1454 1448 genera
1483 1395 1674 1433 librorum
1694 1395 1795 1439 sunt,
1831 1407 1956 1433 unum

552 1464 788 1517 populariter
807 1463 1008 1516 scriptum,
1039 1461 1144 1514 quod
1163 1457 1336 1513 ἐξωπξικὶιν
1354 1461 1596 1515 appellabant
1612 1479 1624 1506 3
1655 1460 1818 1499 alterum
1838 1460 1955 1499 lima-

550 1531 642 1574 tius,
664 1528 768 1581 quod
789 1528 827 1566 in
842 1527 1128 1566 commentariis
1150 1527 1388 1578 reliquerunt
1406 1545 1417 1571 ς
1450 1540 1527 1564 non
1548 1526 1695 1579 semper
1715 1526 1819 1564 idem
1846 1526 1953 1577 dice-

555 1608 632 1633 rere
651 1594 850 1633 videntur:
874 1607 944 1631 nec
964 1594 1004 1631 in
1026 1592 1175 1644 summa
1195 1601 1322 1630 tamen
1340 1591 1417 1644 ipsa
1431 1601 1496 1629 aut
1510 1592 1665 1629 varietas
1681 1591 1734 1630 est
1747 1591 1838 1636 ulla,
1855 1591 1957 1644 apud

554 1660 626 1699 hos
647 1660 823 1713 quidem,
848 1672 944 1711 quos
975 1658 1186 1702 nominavi,
1217 1667 1282 1695 aut
1311 1659 1411 1696 inter
1430 1657 1528 1710 ipsos
1549 1657 1733 1695 dissensio.
1772 1657 1843 1696 Sed
1863 1671 1956 1696 cum

555 1727 664 1766 beata
697 1725 772 1763 vita
801 1734 1004 1777 quaeratur,
1035 1724 1152 1775 idque
1173 1723 1217 1761 fit
1247 1737 1384 1768 unum,
1416 1723 1520 1775 quod
1551 1721 1794 1775 philosophia
1813 1722 1956 1775 specta-

557 1807 596 1831 re
626 1801 664 1830 et
694 1791 801 1843 sequi
827 1791 989 1835 debeat5
1022 1789 1116 1827 sitne
1135 1802 1177 1826 ea
1210 1799 1288 1827 tota
1317 1789 1382 1827 fita
1408 1790 1448 1827 in
1482 1788 1662 1841 potestate
1683 1788 1874 1841 sapientis,
1909 1802 1958 1827 an

556 1857 667 1912 possit
688 1866 752 1895 aut
772 1855 1001 1901 labefactari,
1023 1865 1087 1893 aut
1106 1855 1201 1908 eripi
1223 1855 1334 1893 rebus
1354 1854 1525 1899 adverfis,
1557 1854 1596 1892 in
1614 1867 1659 1893 eo
1676 1867 1959 1906 nonnunquam

557 1923 691 1963 variari
712 1923 810 1961 inter
828 1935 890 1960 eos
910 1932 947 1960 et
967 1921 1133 1960 dubitari
1152 1921 1314 1960 videtur.
1353 1920 1470 1972 Qod
1492 1921 1661 1959 maxime
1680 1919 1801 1958 efficit
1820 1918 1958 1958 Theo-

557 1989 699 2043 phrasti
733 1988 780 2026 de
814 1988 922 2026 beata
952 1987 1029 2025 vita
1055 1987 1166 2032 liber,
1197 1987 1236 2025 in
1269 2000 1347 2039 quo
1368 1987 1539 2025 multum
1561 1986 1773 2025 admodum
1794 1985 1959 2025 fortunae

558 2055 696 2094 datur:
729 2054 834 2107 quod
854 2053 879 2092 s1
911 2053 962 2091 ita
992 2052 1028 2091 se
1058 2051 1207 2106 habeat,
1240 2066 1316 2090 non
1338 2051 1447 2105 possit
1469 2052 1619 2090 beatam
1639 2051 1808 2104 praestare
1838 2051 1959 2090 vitam

559 2121 751 2174 sapientia.
784 2121 881 2159 Haec
902 2118 1002 2158 mihi
1024 2119 1172 2157 videtur
1192 2118 1402 2162 delicatior,
1432 2127 1473 2156 ut
1494 2119 1546 2156 ita
1565 2117 1707 2161 dicam,
1726 2116 1959 2170 molliorque

560 2187 668 2232 ratio,
698 2185 816 2239 quam
847 2185 998 2224 virtutis
1029 2185 1084 2223 vis
1105 2184 1339 2238 gravitasque
1367 2183 1542 2236 postulat.
1603 2184 1732 2235 Qare
1763 2193 1959 2222 teneamus

560 2252 820 2297 Aristotelem,
850 2261 887 2291 et
907 2253 986 2303 ejus
1008 2250 1134 2290 filium
1157 2249 1446 2290 Nicomachum
1464 2268 1476 2295 ς
1508 2250 1617 2301 cujus
1637 2259 1808 2288 accurate
1829 2249 1960 2303 scripti

559 2319 605 2359 de
625 2318 799 2358 moribus
819 2317 908 2356 libri
942 2317 1124 2357 dicuntur
1154 2316 1211 2354 illi
1243 2316 1401 2369 quidem
1422 2314 1491 2354 effe
1512 2315 1754 2357 Aristotelisz
1787 2314 1847 2354 sed
1883 2328 1961 2354 non

560 2384 684 2430 video,
715 2397 785 2422 cur
816 2396 893 2422 non
925 2382 1090 2436 potuerit
1121 2382 1217 2435 patri
1239 2381 1370 2420 fimilis
1392 2380 1462 2420 esse
1484 2380 1601 2420 filius.
1647 2378 1960 2434 Theophrastum

560 2459 690 2489 tamen
711 2448 960 2489 adhibeamus
981 2448 1027 2488 ad
1045 2448 1239 2502 pleraque,
1267 2446 1482 2487 dummodo
1503 2446 1589 2500 plus
1608 2447 1646 2486 in
1668 2447 1809 2486 virtute
1831 2456 1959 2486 tenea—

562 2528 664 2560 mus,
686 2529 803 2567 quam
824 2514 890 2554 ille
911 2514 1048 2559 tenuit,
1070 2513 1263 2553 firmitatis
1284 2522 1320 2551 et
1343 2512 1501 2551 roboris.

621 2581 748 2622 Simus
770 2582 889 2636 igitur
907 2581 1082 2622 contenti
1107 2578 1182 2620 his.
1221 2579 1405 2633 Namque
1426 2577 1566 2619 horum
1598 2578 1749 2634 posteri,
1784 2576 1961 2618 meliores
