2330 2983
575 191 648 229 116
996 191 1099 228 DE
1157 189 1539 229 FINIBUS

570 287 656 326 Nos
677 287 826 324 beatam
848 286 965 324 vitam
987 300 1062 324 non
1083 287 1300 338 depulfione
1320 286 1428 331 mali,
1458 286 1521 325 sed
1549 285 1751 339 adeptione
1771 286 1878 332 boni,
1893 288 1963 340 ju-

570 352 767 389 dicemus:
801 364 869 388 nec
889 363 972 388 eam
993 350 1178 396 cessando,
1210 351 1282 389 five
1300 351 1546 404 gaudentem,
1579 360 1622 389 ut
1641 351 1872 404 Aristippus,
1891 352 1964 390 five

572 431 648 454 non
669 417 878 460 dolentem,
909 425 951 454 ut
972 415 1036 454 hic
1054 435 1065 461 3
1097 416 1158 454 sed
1177 417 1324 469 agendo
1343 417 1503 469 aliquid,
1524 417 1838 456 confiderandove
1857 430 1964 470 quae-

573 495 713 520 ramus.

628 549 726 599 Qae
761 547 912 600 possunt
945 549 1075 587 eadem
1109 561 1242 587 contra
1263 549 1522 588 Carneadeum
1550 549 1647 588 illud
1673 549 1871 588 summum
1892 549 1964 587 bo-

575 627 670 651 num
691 614 792 658 dici;
815 614 919 666 quod
940 615 970 652 is
992 628 1068 652 non
1089 624 1182 659 tam,
1205 624 1247 652 ut
1259 615 1447 667 probaret,
1466 615 1641 667 protulit,
1662 628 1780 667 quam
1799 624 1844 652 ut
1863 615 1966 653 Stoi-

573 680 643 724 cis,
665 679 897 731 quibuscum
919 668 1067 718 be'llum
1096 681 1262 732 gerebat,
1296 691 1519 733 opponeret.
1579 681 1625 718 Id
1651 690 1779 719 autem
1798 680 1972 732 ejusmo--

574 745 613 783 di
635 746 700 790 est,
732 754 773 782 ut
793 745 967 783 additum
988 745 1032 783 ad
1053 746 1235 783 virtutem
1255 747 1518 784 auctoritatem
1538 746 1708 784 videatur
1725 745 1967 789 habiturum,

575 820 613 848 et
632 810 876 862 expleturum
896 810 1091 847 cumulate
1112 811 1229 848 vitam
1250 811 1399 850 beatam
1416 829 1428 855 ;
1450 811 1496 848 de
1514 824 1594 862 quo
1613 811 1740 849 omnis
1760 809 1841 848 haec
1861 824 1968 863 quae-

575 876 644 913 stio
664 875 729 913 est.
762 876 867 913 Nam
887 875 955 928 qui
972 876 1017 913 ad
1037 876 1220 913 virtutem
1246 876 1460 929 adjungunt
1484 877 1542 914 vel
1562 876 1816 930 voluptatem,
1851 889 1970 929 quam

575 955 691 980 unam
712 942 831 978 virtus
852 941 1008 979 minimi
1028 939 1119 979 facit
1136 960 1147 986 ς
1178 941 1238 979 vel
1258 943 1488 980 vacuitatem
1509 942 1664 987 doloris,
1685 956 1785 995 quae,
1806 943 1922 980 etiam
1942 941 1969 979 fi

576 1007 679 1044 malo
699 1015 816 1057 caret,¹
837 1015 964 1043 tamen
986 1020 1062 1044 non
1083 1006 1135 1044 est
1155 1006 1353 1044 summum
1374 1007 1521 1045 bonum
1540 1025 1551 1051 ;
1584 1007 1788 1046 acceffione
1808 1016 1971 1045 utuntur

577 1086 653 1109 non
674 1073 725 1109 ita
746 1071 946 1123 probabili,
983 1085 1052 1110 nec
1073 1081 1216 1117 tamen,
1243 1086 1312 1110 cur
1331 1072 1369 1110 id
1392 1082 1469 1110 tam
1501 1086 1609 1125 parce
1630 1083 1787 1125 tamque
1807 1072 1970 1110 restricte

577 1137 731 1181 faciant,
759 1137 950 1189 intelligo,
1000 1138 1115 1189 Qafi
1133 1138 1237 1176 enim
1257 1138 1464 1178 emendum
1484 1139 1537 1176 eis
1558 1139 1615 1183 fit,
1643 1139 1747 1191 quod
1767 1139 1904 1176 addant
1924 1138 1971 1176 ad

577 1204 773 1247 virtutem,
808 1201 977 1255 primum
1000 1203 1192 1241 viliffimas
1214 1217 1268 1241 res
1289 1204 1460 1249 addunt;
1490 1205 1626 1242 deinde
1645 1204 1806 1258 singulas
1826 1205 1970 1257 potius,

577 1281 692 1320 quam
712 1268 843 1306 omnia
869 1281 952 1319 quae
971 1268 1097 1320 prima
1122 1277 1254 1306 natura
1274 1269 1561 1322 approbaviffet,
1591 1283 1633 1306 ea
1662 1282 1755 1307 cum
1777 1270 1971 1322 voluptate

577 1335 864 1386 conjungerent.
913 1334 1012 1384 Qae
1030 1347 1123 1371 cum
1146 1334 1313 1372 Aristoni
1333 1343 1371 1371 et
1391 1333 1580 1386 Pyrrhoni
1601 1335 1762 1373 omnino
1781 1335 1857 1372 visa
1886 1334 1972 1372 sunt

578 1413 646 1452 pro
678 1398 815 1443 nihilo,
851 1408 893 1437 ut
913 1399 1010 1436 inter
1030 1400 1177 1452 optime
1211 1400 1331 1438 valere
1365 1409 1402 1438 et
1429 1400 1642 1452 graviffime
1674 1410 1851 1453 aegrotare
1872 1399 1971 1438 nihil

576 1465 724 1519 prorsus
745 1465 915 1502 dicerent
949 1464 1135 1509 interesse,
1165 1467 1263 1503 recte
1287 1467 1369 1517 jam
1391 1466 1539 1519 pridem
1571 1476 1702 1504 contra
1721 1480 1784 1504 eos
1810 1466 1972 1504 defitum

577 1531 629 1569 est
651 1530 847 1582 disputari.
880 1529 990 1567 Dum
1010 1530 1115 1567 enim
1137 1530 1175 1567 in
1199 1543 1272 1567 una
1293 1531 1433 1568 virtute
1454 1531 1502 1569 sic
1518 1531 1648 1569 omnia
1664 1531 1734 1569 effe
1755 1532 1972 1576 voluerunt,

577 1605 620 1634 ut
640 1609 723 1634 eam
744 1608 871 1633 rerum
900 1594 1101 1633 selectione
1116 1595 1364 1648 expoliarent,
1397 1609 1466 1634 nec
1492 1597 1525 1633 ei
1546 1597 1759 1649 quidquam
1787 1606 1851 1634 aut
1872 1597 1974 1634 unde

577 1663 750 1706 oriretur,
787 1662 930 1705 darent,
963 1670 1026 1699 aut
1054 1661 1119 1699 ubi
1141 1663 1351 1707 niteretur;
1383 1663 1565 1701 virtutem
1588 1663 1720 1715 ipsam,
1749 1676 1866 1714 quam
1887 1676 1971 1700 am-

580 1728 842 1781 plexabantur,
864 1726 1107 1765 sustulerunt.

626 1793 799 1832 Herillus
821 1802 964 1837 autem,
986 1793 1031 1831 ad
1052 1793 1249 1832 scientiam
1270 1795 1401 1833 omnia
1422 1809 1613 1841 revocana,
1636 1810 1758 1834 unum
1779 1795 1974 1848 quoddam

579 1862 726 1897 bonum
748 1859 871 1903 vidit;
905 1859 964 1897 sed
986 1873 1054 1897 nec
1074 1861 1286 1912 optimum,
1323 1875 1391 1899 nec
1412 1875 1489 1914 quo
1510 1862 1586 1899 vita
1613 1862 1816 1914 gubernari
1849 1861 1971 1913 possit.

582 1927 712 1977 Itaque
740 1924 804 1963 hic
827 1924 904 1977 ipse
918 1926 1000 1976 jam
1022 1926 1171 1978 pridem
1192 1927 1243 1964 est
1265 1929 1435 1979 rejectus,
1480 1927 1566 1966 Post
1586 1928 1691 1965 enim
1713 1927 1975 1980 Chrysippum

583 2006 656 2029 non
679 1991 761 2028 sane
780 1990 832 2028 est
852 1990 1101 2043 disputatum.

640 2057 751 2095 XIV.
785 2056 945 2094 Restatis
967 2057 1084 2109 igitur
1105 2071 1183 2096 vos.
1225 2058 1329 2096 Nam
1351 2073 1442 2097 cum
1465 2059 1707 2097 Academicis
1729 2059 1869 2097 incerta
1890 2060 1975 2098 luc-

582 2124 673 2161 tatio
693 2123 767 2167 est;
791 2123 856 2174 qui
879 2121 976 2160 nihil
997 2124 1202 2168 affirmant,
1224 2135 1276 2169 et,
1298 2125 1398 2176 quali
1420 2125 1609 2177 desperata
1626 2126 1846 2178 cognitione
1866 2127 1974 2170 certi,

583 2190 619 2227 id
642 2189 742 2241 sequi
765 2189 913 2233 volunt,
943 2190 1200 2243 quodcunque
1222 2191 1423 2229 verilimile
1449 2191 1631 2229 videatur.
1679 2194 1783 2230 Cum
1807 2193 1977 2244 Epicuro

582 2265 708 2293 autem
731 2254 804 2292 hoc
836 2254 887 2292 est
919 2255 1004 2307 plus
1037 2256 1194 2308 negotii,
1227 2257 1332 2308 quod
1366 2272 1386 2294 c
1417 2257 1563 2309 duplici
1598 2271 1734 2310 genere
1770 2258 1976 2310 voluptatis

582 2321 809 2373 conjunctus
828 2319 906 2364 est,
939 2321 1119 2373 quodque
1149 2332 1185 2359 ct
1207 2322 1296 2375 ipsc,
1332 2332 1368 2360 ct
1396 2323 1509 2361 amici
1532 2324 1626 2375 ejus,
1660 2333 1696 2361 ct
1719 2323 1831 2361 multi
1853 2324 1978 2376 postea

583 2386 795 2425 defensores
826 2387 906 2438 ejus
928 2387 1117 2443 sentcntiae
1149 2387 1330 2426 fuerunt:
1363 2399 1399 2426 ct
1436 2389 1560 2427 nescio
1581 2390 1778 2441 quomodo
1811 2390 1874 2441 (is,
1909 2391 1977 2442 qui

584 2453 844 2490 auctoritatem
866 2444 1070 2490 minimam
1091 2452 1218 2498 habet,
1243 2454 1450 2492 maximam
1473 2456 1570 2504 vim)
1596 2455 1758 2508 populus
1789 2470 1879 2493 cum
1902 2456 1977 2493 illis

587 2517 689 2555 facit.
750 2520 858 2569 (Quos
882 2518 946 2556 nili
981 2519 1190 2571 arguimus,
1223 2520 1350 2558 omnis
1378 2521 1511 2565 virtus,
1542 2535 1657 2559 omne
1688 2521 1816 2565 dcem,
1851 2521 1977 2559 omnis
