2330 2983
650 279 1412 356 LIBER⁸'QU1NTU3.
1653 319 1723 358 371

339 405 367 421 “
387 407 452 435 aut
471 399 673 443 contrario,
694 400 856 451 pendere
875 413 921 437 ex
951 400 1102 439 alte-rius
1119 402 1276 446 eventis,
1311 409 1349 440 et
1368 414 1487 439 errare
1506 410 1698 454 coguntur
1714 421 1725 447 ς

340 470 368 487 “
387 463 479 501 huic
499 464 646 515 optime
662 464 815 502 vivendi
835 466 930 502 ratio
957 474 1174 516 comparata
1192 467 1257 504 est.
1289 467 1371 504 Hic
1391 467 1443 504 est
1462 467 1527 504 ille
1552 468 1728 506 modera-

341 534 368 551 “
389 537 464 572 tus,
485 526 550 565 hic
569 526 694 573 fortis,
727 528 792 567 hic
812 529 970 581 sapiens,
1000 528 1079 574 hic,
1111 538 1149 567 et
1167 530 1420 575 nascentibus,
1441 540 1479 568 et
1505 533 1728 570 cadentibus

340 599 367 615 “
386 590 477 630 cum
496 592 652 644 reliquis
672 593 903 637 commodis,
935 602 1021 632 tum
1041 594 1210 632 maxime
1238 594 1381 645 liberis,
1411 595 1559 646 parebit
1577 605 1614 633 et
1634 597 1726 634 obe-

339 662 366 679 “
387 655 466 694 diet
495 665 683 709 praecepto
702 657 761 695 illi
781 658 896 695 veteri
908 658 946 702 ;'¹
977 659 1101 711 Neque
1133 659 1237 696 enim
1257 658 1444 697 laetabitur
1470 673 1638 712 unquam,
1669 674 1729 699 nec

332 721 491 760 moerebit
510 721 624 767 nimis,
646 723 738 774 quod
738 724 881 775 stmper
899 723 935 760 in
941 725 985 775 st
1002 723 1070 776 ipsb
1089 737 1218 762 omnem
1223 725 1325 776 spem
1345 732 1487 776 reponet
1491 725 1570 777 fici.

392 786 507 824 XIII.
540 787 601 825 Ex
620 786 695 825 hoc
714 788 832 839 igitur
853 787 1021 826 Platonis
1041 788 1144 840 quafi
1163 789 1332 840 quodam
1352 788 1477 827 saneto
1495 789 1730 843 augustoque

338 849 445 889 fonte
465 851 588 889 nostra
619 852 745 891 omnis
778 853 948 891 manabit
979 854 1113 892 oratio.
1163 846 1278 892 Unde
1297 854 1415 907 igitur
1445 855 1581 893 rectius
1611 856 1728 893 ordiri

337 915 547 967 possumus,
571 930 688 969 quam
708 930 729 955 a
745 919 949 956 communi
967 927 1122 970 parente
1141 919 1300 957 natura?
1330 919 1430 970 Qiae
1449 919 1640 972 quidquid
1659 933 1728 973 ge-

339 981 438 1025 nuit,
460 995 537 1020 non
558 982 676 1020 modo
694 982 850 1027 animal,
882 982 943 1020 sed
973 984 1088 1021 etiam
1107 984 1211 1036 quod
1231 984 1283 1022 ita
1311 993 1442 1022 ortum
1471 984 1560 1023 effet
1578 997 1599 1022 e
1619 994 1728 1031 terra,

339 1054 382 1083 ut
401 1045 579 1098 stirpibus
599 1046 672 1085 suis
693 1047 890 1092 niteretur,
912 1047 952 1085 in
973 1047 1039 1086 suo
1058 1049 1240 1101 quodque
1264 1061 1400 1101 genere
1419 1048 1632 1101 perfeetum
1659 1050 1731 1089 effe

337 1109 474 1149 voluit.
506 1111 641 1163 Itaque
657 1120 696 1150 et
724 1112 887 1156 arbores,
914 1120 953 1149 et
984 1112 1093 1157 vites,
1123 1121 1163 1151 et
1195 1126 1249 1157 ea,
1279 1126 1365 1164 quae
1390 1113 1477 1151 sunt
1505 1112 1729 1160 humiliora,

337 1189 461 1229 neque
481 1176 516 1215 se
536 1177 668 1215 tollere
696 1190 717 1214 a
742 1186 838 1215 terra
862 1177 975 1215 altius
1001 1176 1178 1230 poss‘unt3
1210 1177 1282 1216 alia
1307 1177 1456 1231 semper
1487 1179 1624 1225 virent,
1659 1180 1731 1218 alia

337 1240 467 1280 hieme
486 1242 638 1287 nudata,
670 1255 786 1281 verno
813 1251 986 1295 tempore
1011 1242 1197 1295 tepefacta
1225 1242 1496 1288 frondescunt3
1527 1257 1650 1296 neque
1679 1245 1731 1283 est

339 1307 480 1353 ullum,
497 1308 602 1360 quod
619 1321 696 1346 non
711 1309 764 1346 ita
774 1308 900 1360 vigeat
915 1307 1091 1346 interiore
1106 1307 1274 1361 quodam
1288 1317 1414 1354 motu,
1431 1317 1469 1347 et
1484 1309 1557 1347 suis
1572 1310 1613 1347 in
1629 1324 1730 1362 quo-

340 1386 416 1424 que
436 1372 642 1411 seminibus
662 1373 828 1417 inclusis,
860 1381 904 1410 ut
922 1381 987 1411 aut
1006 1372 1130 1418 flores,
1151 1381 1215 1411 aut
1234 1371 1363 1426 fruges
1386 1373 1536 1418 fundat,
1557 1383 1621 1413 aut
1637 1375 1729 1414 bac-

339 1450 400 1476 cas
416 1456 428 1483 ;
460 1437 666 1490 omniaque
685 1438 726 1476 in
745 1438 941 1483 omnibus,
963 1446 1153 1490 quantum
1172 1438 1212 1476 in
1233 1439 1320 1490 ipsis
1339 1438 1398 1485 fit,
1419 1439 1525 1478 nulla
1543 1439 1582 1478 vi
1601 1440 1729 1494 impe-

340 1503 481 1548 diente,
502 1502 668 1556 perfefta
688 1503 772 1542 fint.

394 1569 562 1607 Facilius
583 1581 670 1606 vero
686 1568 803 1606 etiam
822 1568 863 1606 in
883 1567 1025 1612 bestiis,
1046 1567 1151 1620 quod
1170 1567 1231 1606 his
1251 1567 1376 1606 sensus
1396 1581 1417 1606 a
1435 1577 1567 1608 natura
1585 1569 1637 1608 est
1660 1570 1728 1609 da-

338 1643 415 1678 tus,
436 1633 492 1671 vis
513 1633 627 1686 ipfius
643 1641 784 1671 naturoe
798 1632 958 1686 perspici
977 1633 1110 1686 potest.
1135 1633 1320 1686 Namque
1338 1634 1428 1672 alias
1448 1634 1580 1673 bestias
1598 1644 1728 1675 nantes

337 1712 524 1751 aquarum
558 1698 701 1737 incolas
731 1698 802 1737 effe
833 1698 983 1744 voluit3
1011 1699 1116 1744 alias,
1142 1699 1327 1744 volucres,
1360 1699 1453 1738 caelo
1477 1699 1555 1737 frui
1575 1701 1697 1739 libero
1713 1720 1726 1746 ς

337 1764 525 1817 serpentes
542 1764 738 1817 quasdam,
756 1763 936 1816 quasdam
955 1763 1025 1802 effe
1041 1763 1252 1815 gradientes
1267 1781 1280 1808 ;
1311 1776 1442 1802 earum
1457 1764 1623 1817 ipsarum
1638 1779 1726 1818 par-

337 1829 411 1868 tim
427 1829 621 1880 solivagas,
651 1829 792 1881 partim
811 1837 1056 1880 congregatas
1071 1847 1083 1873 3
1115 1829 1302 1867 immanes
1323 1828 1426 1874 alias,
1457 1829 1638 1881 quasdam
1658 1844 1726 1869 au-

339 1903 420 1933 tem
441 1895 586 1931 cicures
602 1911 614 1938 ς
647 1893 849 1931 nonnullas
879 1893 1024 1931 abditas
1046 1902 1216 1946 terraque
1247 1895 1376 1932 testas.
1435 1896 1567 1947 Atque
1595 1908 1728 1935 earum

338 1971 502 2011 quaeque
534 1957 645 1996 suum
676 1967 807 1996 tenens
827 1971 984 2002 munus,
1016 1971 1108 1996 cum
1140 1959 1181 1995 in
1201 1957 1355 2010 disparis
1374 1958 1578 1998 animantis
1607 1960 1728 1999 vitam

338 2023 490 2063 tranfire
510 2036 587 2061 non
607 2022 732 2075 poffit‚
754 2031 883 2061 manet
898 2022 938 2060 in
950 2023 1034 2075 lege
1053 2032 1208 2061 naturae.
1240 2023 1294 2061 Et
1313 2031 1356 2061 ut
1375 2023 1501 2063 bestiis
1520 2024 1625 2063 aliud
1644 2025 1727 2065 aliis

339 2088 523 2142 praecipui
554 2102 574 2126 a
593 2097 726 2126 natura
754 2087 887 2126 datum
921 2088 988 2133 est,
1018 2088 1123 2140 quod
1149 2088 1260 2126 suum
1287 2102 1449 2141 quaeque
1477 2090 1626 2136 retinet,
1657 2105 1728 2130 nec

339 2153 499 2192 discedit
517 2153 564 2191 ab
583 2166 628 2191 eo
640 2170 652 2197 ς
675 2152 724 2190 fic
743 2151 895 2190 homini
913 2152 1040 2190 multo
1056 2152 1240 2204 quiddam
1255 2153 1503 2205 praestantius.
1535 2155 1614 2193 Etfi
1630 2169 1727 2208 prae-

341 2217 474 2256 stantia
506 2217 645 2255 debent
674 2230 716 2254 ea
751 2217 842 2261 dici,
884 2229 968 2268 quae
1000 2215 1144 2255 habent
1173 2217 1342 2269 aliquam
1371 2220 1697 2271 comparationem
1715 2236 1724 2259 ε

342 2281 536 2320 humanus
562 2289 691 2318 autem
720 2280 885 2325 animus,
913 2280 1113 2334 decerptus
1144 2295 1191 2320 ex
1218 2291 1346 2320 mente
1365 2283 1506 2328 divina,
1533 2297 1626 2322 cum
1653 2284 1728 2323 alio

342 2346 465 2391 nullo,
483 2346 550 2384 nifi
571 2359 662 2384 curn
682 2345 762 2398 ipso
777 2347 877 2391 Deo,
898 2346 924 2384 fi
943 2344 1018 2384 hoc
1034 2346 1088 2385 fas
1108 2346 1160 2384 est
1180 2347 1299 2392 distu,
1320 2347 1530 2400 comparari
1549 2349 1684 2400 potest.

397 2411 479 2450 Hic
499 2411 629 2463 igitur,
661 2410 687 2448 fi
706 2410 759 2449 est
777 2411 968 2456 excultus,
990 2421 1027 2450 et
1043 2412 1070 2450 fi
1096 2413 1127 2464 ej
1136 2425 1177 2450 us
1193 2413 1289 2450 acies
1310 2413 1360 2450 ita
1379 2421 1506 2450 curata
1525 2411 1591 2456 est,
1623 2422 1666 2450 ut
1680 2427 1728 2452 ne

343 2486 505 2516 caecetur
524 2476 726 2522 erroribus,
748 2476 791 2515 fit
810 2476 974 2529 perfecta
989 2491 1113 2522 mens,
1133 2478 1174 2516 id
1189 2477 1254 2522 est,
1286 2477 1453 2515 absoluta
1473 2477 1567 2515 ratio
1581 2495 1594 2522 5
1622 2479 1728 2530 quod

344 2542 398 2580 est
413 2542 516 2579 idem
534 2542 666 2579 virtus.
698 2542 764 2586 Et,
796 2542 821 2580 s1
849 2555 964 2580 omne
981 2542 1135 2580 beatum
1150 2542 1214 2585 est,
1242 2542 1305 2578 cui
1325 2540 1423 2578 nihil
1440 2541 1553 2586 deest,
1573 2551 1610 2580 et
1624 2543 1729 2594 quod

345 2607 387 2645 in
406 2606 471 2645 suo
489 2619 624 2660 genere
643 2606 839 2659 expletum
859 2615 972 2659 atque
999 2606 1242 2644 cumulatum
1268 2605 1333 2649 est,
1364 2605 1481 2657 idque
1504 2607 1658 2645 virtutis
1677 2607 1729 2645 est

1272 2671 1308 2708 A
1329 2683 1348 2708 a
1365 2683 1385 2708 a
1409 2683 1430 2709 2
