2330 2983
707 238 1475 292 LIBERQUARTth.
1719 253 1793 295 179

391 340 420 378 fi
451 339 538 391 quis
571 352 690 391 quem
711 338 824 384 levet.
857 353 1037 392 magnam
1056 340 1159 378 ineat
1188 340 1374 393 gratiam;
1406 353 1489 383 nec,
1516 338 1541 378 fi
1563 339 1628 377 ille
1648 339 1792 393 sapiens

389 405 437 442 ad
459 406 610 443 tortoris
631 405 841 457 equuleum
875 419 896 442 a
915 415 1076 456 tyranno
1096 406 1149 443 ire
1170 413 1342 457 cogatur,
1364 405 1529 444 similem
1548 404 1686 444 habeat
1706 407 1793 444 vul-

392 480 492 514 tum,
515 483 557 508 ac
577 471 603 508 fi
624 471 836 523 ampullam
854 471 1092 523 perdidisset:
1115 470 1191 515 sed,
1211 479 1254 508 ut
1269 484 1458 522 magnum
1477 480 1516 509 et
1535 471 1693 509 difficile
1708 485 1792 510 cer-

390 545 518 573 tamen
537 536 675 581 iniens,
693 550 785 574 cum
801 537 870 574 fibi
890 549 981 574 cum
999 535 1151 588 capitali
1167 535 1387 581 adversario,
1405 536 1548 580 dolore,
1567 537 1792 589 depugnan-

389 602 485 639 dum
507 601 663 645 videret,
695 603 878 639 excitaret
905 615 1041 639 omnes
1062 601 1225 638 rationes
1245 600 1485 639 fortitudinis
1506 615 1548 639 ac
1569 603 1790 654 patientiae;

388 681 554 719 quarum
576 667 744 720 praesidio
764 668 878 705 iniret
899 667 997 705 illud
1017 667 1188 711 difficile,
1222 677 1264 704 ut
1284 667 1380 712 dixi,
1409 680 1675 719 magnumque
1695 682 1791 720 prae-

388 733 502 771 lium.
536 733 687 770 Deinde
707 747 785 771 non
805 745 1033 784 quaeremuS,
1064 733 1159 784 quid
1178 732 1402 770 obscuretur
1422 743 1487 770 aut
1507 733 1679 777 intereat,
1703 734 1792 784 quia

389 798 434 836 fit
453 798 664 836 admodum
683 811 843 850 parvum
857 816 868 842 ς
892 797 953 835 sed
974 798 1068 850 quid
1084 798 1155 835 tale
1171 798 1228 842 fit,
1243 808 1286 836 ut
1301 798 1450 850 expleat
1464 798 1670 836 summam.
1704 800 1792 836 Una

389 864 566 917 voluptas
586 878 606 902 e
623 864 757 903 multis
772 864 993 902 obscuratur
1011 865 1051 902 in
1071 864 1136 902 illa
1156 866 1233 902 vita
1254 864 1487 917 voluptaria3
1510 864 1572 901 sed
1590 873 1716 902 tamen
1733 878 1788 908 ea,

388 931 564 982 quamvis
585 944 695 983 parva
716 931 773 975 fit,
794 944 878 982 pars
899 930 951 967 est
970 931 1050 982 ejus
1078 931 1177 974 vitae,
1200 944 1285 982 quae
1305 930 1425 982 posita
1444 930 1497 968 est
1516 929 1556 967 in
1579 930 1787 982 voluptate.

387 996 590 1033 Nummus
624 996 665 1033 in
697 996 816 1033 Croefi
851 995 995 1033 divitiis
1026 995 1248 1033 obscuratur
1259 1013 1272 1040 ;
1303 1009 1387 1048 pars
1407 995 1459 1033 est
1485 1003 1614 1032 tamen
1635 995 1788 1033 divitia-

387 1075 489 1099 rum.
513 1061 641 1112 Qare
661 1060 913 1098 obscurentur
932 1061 1049 1098 etiam
1069 1059 1164 1105 haec,
1187 1074 1272 1113 quae
1292 1060 1503 1098 secundum
1524 1069 1700 1098 naturam
1716 1060 1788 1099 effe

347 1158 352 1162 .
384 1127 567 1171 dicimus,
589 1128 629 1164 in
651 1126 727 1164 vita
746 1127 880 1170 beata3
912 1126 984 1164 sint
1004 1126 1122 1165 modo
1143 1135 1265 1178 partes
1287 1126 1404 1164 beatae
1423 1126 1524 1164 vitae.

439 1193 554 1231 XIII.
586 1193 725 1244 Atqui,
747 1192 787 1237 si,
810 1201 852 1230 ut
872 1193 1076 1230 convenire
1096 1191 1210 1230 debet
1229 1192 1329 1230 inter
1349 1205 1432 1237 nos,
1453 1191 1506 1229 est
1526 1191 1701 1244 quaedam
1720 1206 1787 1245 ap-

386 1259 521 1311 petitio
542 1259 722 1296 naturalis
743 1271 785 1295 ea
805 1271 890 1309 quae
911 1257 1122 1296 secundum
1143 1267 1316 1296 naturam
1332 1257 1421 1296 sunt
1440 1266 1634 1311 appetens,
1652 1271 1788 1296 eorum

385 1325 565 1363 omnium
581 1324 634 1362 est
652 1324 780 1376 aliqua
799 1324 949 1362 summa
973 1323 1160 1362 facienda.
1193 1325 1285 1375 Qo
1304 1324 1527 1368 constituto,
1549 1332 1636 1362 tum
1656 1324 1789 1361 licebit

384 1390 503 1428 otiose
523 1390 591 1428 ista
601 1402 785 1442 quaerere,
807 1389 854 1427 de
874 1389 1140 1442 magnitudine
1161 1403 1302 1434 rerum,
1325 1389 1371 1427 de
1400 1389 1640 1434 excellentia,
1662 1403 1785 1441 quan-

385 1466 425 1494 ta
443 1456 482 1493 in
503 1469 658 1508 quoque
674 1455 718 1492 fit
738 1455 784 1492 ad
804 1455 910 1493 beate
931 1455 1154 1500 vivendum,
1171 1455 1218 1492 de
1237 1454 1315 1492 istis
1331 1455 1418 1507 ipsis
1437 1454 1785 1500 obscurationibus.

383 1536 471 1574 quae
486 1531 641 1574 propter
659 1521 910 1573 exiguitatem
926 1521 990 1558 vix
1011 1530 1076 1558 aut
1096 1534 1144 1558 ne
1160 1521 1225 1558 vix
1241 1520 1401 1572 quidem
1421 1529 1637 1573 appareant.
1662 1521 1785 1572 Qid,

384 1587 432 1624 de
451 1600 530 1638 quo
549 1585 655 1623 nulla
672 1584 844 1623 diffenfio
863 1585 943 1623 est?
966 1598 1082 1623 nemo
1101 1585 1206 1623 enim
1222 1584 1288 1629 est,
1305 1585 1374 1637 qui
1389 1585 1498 1622 aliter
1515 1585 1666 1630 dixerit,
1689 1586 1786 1637 quin

378 1653 562 1690 omnium
574 1661 796 1690 naturarum
809 1651 930 1689 fimile
945 1651 1032 1689 effet
1043 1652 1097 1696 id,
1106 1651 1153 1689 ad
1165 1651 1269 1703 quod
1281 1651 1413 1689 omnia
1427 1650 1661 1696 referuntur3
1680 1652 1786 1703 quod

378 1717 434 1756 est
464 1718 652 1756 ultimum
684 1731 811 1756 rerum
832 1717 1143 1770 appetendarum.
1177 1717 1320 1754 Omnis
1341 1718 1447 1755 enim
1467 1717 1519 1754 est
1539 1727 1672 1755 natura
1691 1717 1784 1755 dili-

378 1796 474 1836 gens
495 1783 565 1821 sui.
598 1784 696 1835 Qae
715 1783 768 1820 est
788 1783 908 1828 enim,
926 1797 1010 1835 quae
1030 1783 1064 1820 se
1084 1796 1258 1835 unquam
1277 1782 1432 1827 deserat,
1455 1792 1519 1820 aut
1541 1791 1688 1834 partem
1710 1783 1782 1821 ali-

379 1862 500 1900 quam
520 1848 590 1894 sui,
611 1858 677 1886 aut
696 1849 776 1900 ejus
796 1849 912 1901 partis
933 1848 1127 1893 habitum,
1148 1858 1213 1886 aut
1233 1847 1329 1893 vim,
1350 1857 1415 1886 aut
1437 1847 1553 1885 ullius
1570 1861 1699 1885 earum
1722 1861 1782 1885 re-

380 1927 483 1958 rum,
503 1927 589 1966 quae
604 1913 813 1951 secundum
830 1924 1004 1952 naturam
1024 1913 1111 1958 fint,
1130 1922 1195 1950 aut
1210 1922 1378 1957 motum,
1401 1922 1466 1950 aut
1485 1913 1624 1950 statum
1640 1913 1653 1948 ?
1685 1912 1783 1961 Qae

377 1988 509 2018 autem
537 1988 671 2017 natura
688 1979 761 2017 suae
789 1980 922 2032 primae
942 1979 1193 2018 institutionis
1218 1978 1340 2016 oblita
1359 1977 1439 2017 est?
1470 1978 1575 2016 nulla
1595 1976 1780 2030 profesto,

377 2046 475 2099 quin
493 2046 600 2084 suam
620 2046 701 2084 vim
722 2045 881 2083 retineat
900 2059 921 2084 a
939 2046 1066 2099 primo
1085 2045 1130 2084 ad
1150 2054 1384 2084 extremum.

433 2112 527 2164 Qo
556 2110 674 2149 modo
703 2110 824 2163 igitur
853 2112 993 2157 evenit,
1027 2121 1070 2150 ut
1100 2110 1272 2150 hominis
1298 2119 1431 2148 natura
1456 2109 1533 2147 sola
1562 2107 1663 2154 effet,
1695 2122 1781 2160 quae

376 2176 581 2215 hominem
599 2176 844 2229 relinqueret,
865 2191 950 2229 quae
969 2177 1258 2216 oblivisceretur
1273 2176 1458 2228 corporis,
1475 2189 1560 2228 quae
1581 2175 1780 2214 summum

378 2242 528 2281 bonum
546 2256 624 2280 non
645 2243 686 2280 in
706 2251 788 2280 toto
807 2241 981 2287 homine,
1004 2243 1064 2281 sed
1084 2244 1124 2281 in
1146 2252 1249 2296 parte
1265 2241 1452 2287 hominis,
1471 2241 1655 2294 poneret?
1686 2241 1780 2292 Qo

378 2308 497 2347 modo
515 2317 660 2353 autem,
694 2308 798 2361 quod
819 2308 887 2361 ips1
913 2310 1031 2347 etiam
1050 2308 1232 2354 fatentur,
1263 2308 1483 2360 constatque
1504 2307 1601 2344 inter
1625 2318 1776 2351 omnes,

376 2373 673 2419 conservabitur,
706 2384 748 2413 ut
776 2374 898 2413 fimile
924 2375 968 2413 s1t
988 2376 1168 2414 omnium
1196 2384 1417 2413 naturarum
1437 2372 1535 2411 illud
1563 2371 1776 2425 optimum,

377 2439 424 2477 de
445 2452 523 2491 quo
543 2439 750 2491 quaeritur?
781 2441 892 2480 Tum
922 2441 1029 2479 enim
1060 2440 1148 2479 esset
1168 2440 1302 2485 fimile,
1338 2440 1364 2477 si
1392 2439 1431 2477 in
1450 2437 1594 2476 caeteris
1621 2450 1778 2490 quoque

378 2505 521 2543 naturis
539 2505 580 2543 id
599 2506 739 2558 cuique
758 2506 846 2544 effet
867 2507 1069 2552 ultimum,
1085 2507 1191 2559 quod
1211 2507 1250 2544 in
1271 2517 1424 2559 quaque
1439 2503 1654 2544 excelleret.
1692 2504 1775 2542 Ta·

376 2571 412 2610 le
431 2571 538 2610 enim
557 2571 681 2611 visum
700 2571 790 2611 esset
809 2573 996 2613 ultimum
1017 2574 1248 2613 Stoicorum.

1389 2635 1424 2674 Z
1459 2648 1481 2674 2
