2330 2983
646 203 922 243 LIBER
980 200 1412 255 QUINTUS.
1652 213 1724 240 221

333 319 544 351 voverunt:
581 311 696 349 nostri
724 311 908 350 Consules
929 324 1059 363 regem
1080 309 1404 354 inimiciffimum,
1436 308 1630 347 moenibus
1646 309 1730 360 jam

332 378 723 431 appropinquantem,
760 386 1008 421 monuerunt,
1038 390 1059 414 a
1085 390 1232 414 veneno
1263 385 1306 413 ut
1336 385 1508 414 caveret:
1540 374 1663 413 nostra
1688 375 1729 412 in

333 443 527 497 republica
546 452 584 480 et
596 456 680 494 quae
700 456 766 494 per
784 443 866 480 vim
885 442 1061 480 oblatum
1076 441 1250 493 stuprum
1267 442 1480 479 voluntaria
1500 450 1624 479 morte
1643 441 1727 478 lue-

333 517 403 552 ret,
434 508 588 545 inventa
606 507 658 545 est
673 525 685 552 ς
717 517 755 545 et
774 508 843 560 qui
862 506 1094 545 interficeret
1112 505 1249 551 filiam,
1282 519 1329 543 ne
1350 506 1579 558 stupraretur
1597 520 1606 543 ι
1643 519 1728 557 quae

331 571 492 624 quidem
522 573 668 617 omnia,
702 581 739 610 et
769 571 1067 610 innumerabilia
1096 580 1289 624 praeterea,
1325 571 1412 622 quis
1446 570 1512 615 est,
1548 571 1616 622 qui
1650 584 1729 608 non

331 637 536 690 intelligat,
566 648 604 676 et
623 652 701 683 eos,
735 639 803 691 qui
824 637 1011 682 fecerunt,
1046 637 1244 690 dignitatis
1264 636 1461 690 splendore
1480 636 1629 680 ductos,
1650 636 1727 673 im-

331 716 522 742 memores
543 704 652 742 fuiffe
678 705 893 742 utilitatum
924 704 1090 749 suarum,
1123 703 1280 756 nosque,
1313 716 1406 741 cum
1439 716 1481 740 ea
1511 702 1726 746 laudemus,

331 769 438 807 nulla
457 770 529 808 alia
549 784 600 815 re,
623 770 690 808 nisi
710 769 918 815 honestate,
940 770 1058 808 duci?

386 836 540 876 XXIII.
573 837 728 888 Qibus
749 837 860 875 rebus
880 836 1058 890 expositis
1089 836 1176 888 (nec
1195 837 1301 874 enim
1321 836 1405 874 sum
1425 835 1590 887 copiam,
1612 847 1732 887 quam

331 903 456 954 potui,
475 903 564 954 quia
583 903 774 941 dubitatio
805 903 845 940 in
866 917 903 941 re
929 903 1035 940 nulla
1060 912 1154 946 erat,
1182 902 1418 955 persecutus)
1455 901 1516 939 sed
1535 900 1594 939 his
1616 901 1728 938 rebus

331 969 578 1006 concluditur
597 968 782 1021 profecto,
803 978 843 1007 et
860 970 1018 1007 virtutes
1037 981 1188 1012 omnes,
1207 978 1246 1007 et
1264 968 1469 1007 honestum
1491 968 1602 1012 illud,
1624 967 1730 1019 quod

330 1046 378 1071 ex
408 1032 469 1071 his
490 1034 696 1072 virtutibus
726 1035 909 1079 exoritur,
940 1044 978 1072 et
1009 1035 1049 1071 in
1069 1033 1128 1071 his
1154 1033 1284 1078 haeret,
1315 1034 1387 1071 effe
1405 1047 1472 1086 per
1490 1033 1526 1070 se
1544 1042 1728 1085 expeten-

330 1099 440 1137 dum.
499 1100 545 1137 In
564 1100 674 1138 omni
702 1109 832 1138 autem
856 1099 1028 1144 honesto,
1050 1100 1097 1137 de
1116 1113 1194 1152 quo
1213 1100 1429 1152 loquimur,
1456 1097 1556 1137 nihil
1577 1099 1630 1136 est
1650 1108 1731 1136 tam

329 1164 488 1210 illustre,
518 1179 590 1204 nec
610 1167 715 1218 quod
734 1167 847 1205 latius
867 1175 1005 1219 pateat,
1036 1179 1154 1218 quam
1185 1166 1406 1218 conjunctio
1432 1168 1531 1203 inter
1550 1164 1730 1203 homines

329 1228 554 1276 hominum,
575 1239 612 1269 et
632 1232 734 1284 quafi
755 1232 930 1284 quaedam
951 1231 1104 1270 societas
1121 1240 1157 1269 et
1174 1231 1479 1269 communicatio
1500 1230 1728 1275 utilitatum,

329 1305 367 1334 et
386 1296 462 1349 ipsa
483 1297 615 1335 caritas
634 1298 780 1350 generiS
796 1297 957 1336 humani
971 1316 983 1342 3
1005 1311 1090 1350 quae
1105 1307 1192 1336 nata
1211 1311 1232 1335 a
1249 1298 1377 1350 primo
1392 1297 1487 1341 satu,
1507 1310 1585 1348 quo
1602 1309 1622 1333 a
1637 1306 1728 1349 pro-

329 1362 560 1400 creatoribus
587 1365 667 1401 nati
700 1364 930 1416 diliguntur,
973 1373 1011 1401 et
1048 1373 1127 1401 tota
1157 1363 1298 1401 domus
1331 1363 1513 1416 conjugio
1544 1372 1582 1400 et
1614 1362 1728 1415 stirpe

330 1428 595 1481 conjungitur,
624 1429 738 1482 serpit
757 1429 889 1467 sensim
911 1428 1009 1467 foras
1030 1430 1324 1481 cognationibus
1353 1429 1540 1481 primum,
1563 1437 1647 1465 tum
1667 1427 1726 1466 af-

328 1492 557 1539 finitatibus,
579 1494 716 1531 deinde
734 1494 941 1539 amicitiis;
973 1494 1055 1546 post
1073 1494 1335 1532 vicinitatibus
1348 1511 1359 1538 ;
1392 1502 1477 1531 turn
1497 1493 1661 1538 civibus,
1690 1503 1728 1531 et

328 1559 393 1603 iis,
421 1559 488 1610 qui
508 1559 663 1611 publice
684 1559 774 1597 socii
805 1568 919 1612 atque
938 1559 1053 1597 amici
1079 1558 1166 1597 sunt
1181 1577 1193 1604 ς
1224 1559 1361 1596 deinde
1382 1559 1499 1597 totius
1519 1558 1728 1611 complexu

328 1624 453 1677 gentis
472 1623 666 1664 humanae.
723 1625 820 1678 Qae
840 1626 960 1664 animi
979 1625 1129 1664 affeetio
1149 1625 1260 1664 suum
1281 1626 1423 1678 cuique
1451 1625 1639 1670 tribuens,
1668 1635 1727 1664 at-

327 1703 404 1743 que
431 1688 549 1737 hanc,
578 1705 696 1744 quam
730 1691 831 1738 dico,
862 1691 1081 1730 societatem
1113 1692 1394 1743 conjunctionis
1427 1690 1605 1729 humanae
1634 1705 1726 1730 mu-

327 1755 443 1795 nifice
472 1766 510 1795 et
529 1771 635 1810 aeque
667 1767 792 1804 tuens,
817 1758 965 1811 justitia
986 1758 1126 1796 dicitur
1143 1776 1154 1802 ς
1186 1758 1250 1795 cui
1280 1758 1466 1809 adjunctae
1486 1756 1572 1795 sunt
1591 1757 1726 1810 pietas,

327 1822 492 1867 bonitas,
527 1823 752 1869 liberalitas,
789 1824 1019 1876 benignitas,
1049 1824 1226 1869 comitas,
1268 1836 1429 1877 quaeque
1460 1823 1548 1862 sunt
1580 1823 1733 1876 generis-

326 1887 509 1940 ejusdem.

382 1957 515 2006 Atque
536 1955 617 1994 haec
636 1957 689 1995 ita
713 1955 873 2009 justitiae
889 1957 1045 2010 propria
1062 1956 1162 2002 sunt,
1194 1965 1237 1994 ut
1256 1955 1330 1995 fint
1348 1956 1539 1994 virtutum
1559 1955 1729 2008 reliqua-

328 2034 415 2059 rum
435 2024 672 2062 communia.
732 2023 839 2061 Nam
859 2036 952 2060 cum
972 2023 1022 2061 fic
1049 2021 1221 2060 hominis
1248 2031 1381 2060 natura
1399 2031 1573 2075 generata
1591 2021 1650 2067 fit,
1684 2030 1728 2059 ut

324 2086 461 2125 habeat
499 2089 685 2141 quiddam
714 2089 891 2127 innatum
928 2089 1030 2141 quasi
1074 2089 1188 2127 civile
1218 2098 1331 2141 atque
1374 2089 1570 2141 populare,
1619 2087 1729 2140 quod

327 2153 457 2192 Graeci
475 2152 649 2194 πολιπκόν
667 2164 804 2193 vocant
816 2173 829 2200 5
864 2155 1056 2207 quidquid
1075 2164 1159 2207 aget
1179 2169 1342 2207 quaeque
1360 2155 1495 2199 virtus,
1515 2155 1555 2192 id
1575 2168 1596 2191 a
1615 2167 1726 2192 com-

326 2222 530 2265 munitate,
561 2229 599 2258 et
629 2233 685 2265 ea,
707 2233 824 2273 quam
844 2220 1016 2273 exposui,
1046 2221 1202 2259 caritate
1235 2230 1348 2273 atque
1379 2220 1553 2259 societate
1582 2219 1725 2257 huma-

327 2301 376 2325 na
394 2302 472 2326 non
491 2285 710 2325 abhorrebit
730 2305 741 2332 ;
773 2287 1013 2339 vicissimque
1027 2287 1187 2340 justitia,
1220 2297 1261 2325 ut
1282 2287 1359 2340 ipsa
1379 2286 1415 2324 se
1433 2285 1570 2324 fundet
1592 2285 1658 2323 usu
1683 2285 1727 2322 in

327 2362 475 2392 caeteras
510 2352 683 2398 virtutes,
715 2353 764 2391 slc
796 2353 878 2392 illas
899 2362 1064 2406 expetet.
1097 2354 1240 2391 Servari
1273 2355 1377 2391 enim
1405 2351 1565 2404 justitia,
1603 2351 1670 2388 nisi
1705 2363 1726 2387 a

327 2418 422 2458 sorti
440 2419 536 2464 viro,
566 2418 635 2456 nisi
663 2432 684 2456 a
703 2419 882 2472 sapiente,
918 2433 999 2458 non
1026 2419 1161 2473 potest.
1222 2419 1358 2471 Qalis
1379 2418 1430 2455 est
1461 2418 1578 2469 igitur
1597 2416 1723 2455 omnis

326 2484 423 2530 haec,
455 2498 571 2538 quam
606 2484 709 2530 dico,
743 2486 985 2539 conspiratio,
1018 2485 1291 2537 consensusque
1321 2484 1524 2528 virtutum,
1570 2483 1644 2520 tale
1672 2481 1725 2520 est

326 2551 425 2590 illud
444 2551 570 2606 ipsum
590 2549 793 2591 honestum
807 2570 821 2599 5
852 2551 1165 2605 quandoquidem
1185 2549 1388 2589 honestum
1417 2558 1482 2589 aut
1507 2549 1585 2603 ipsa
1602 2549 1724 2587 virtus
