2330 2983
601 230 680 278 264
907 220 1688 264 TUSCULANARUM

598 324 675 362 dici
695 332 824 362 autem
843 321 918 361 hoc
938 322 977 360 in
996 331 1032 360 te
1053 321 1138 359 satis
1155 320 1347 360 subtiliter
1365 333 1443 359 non
1463 319 1607 374 potest:
1629 317 1749 372 pofl‘et
1766 317 1808 357 in
1823 317 1994 371 Tarqui-

599 389 679 434 nio,
701 403 792 427 cum
813 401 931 441 regno
950 387 1038 426 effet
1057 386 1234 440 expulsus
1252 401 1262 425 ε
1291 395 1329 425 at
1348 387 1388 425 in
1408 395 1564 424 mortuo
1583 398 1631 424 ne
1649 384 1817 438 intelligi
1836 383 1996 438 quidem

598 453 734 506 potest.
766 455 902 493 Carere
920 453 1027 492 enim
1046 452 1239 491 sentientis
1258 451 1335 497 est;
1366 465 1437 489 nec
1458 450 1582 490 sensus
1602 451 1642 489 in
1661 460 1839 489 mortuo:
1864 463 1912 488 ne
1931 462 1996 487 ca-

599 533 678 557 rere
699 519 859 572 quidem
877 519 994 573 igitur
1025 519 1065 557 in
1097 527 1252 556 mortuo
1277 517 1343 556 est.
1376 518 1609 570 Qanquam
1630 516 1726 570 quid
1745 529 1842 570 opus
1875 514 1927 553 est
1956 514 1997 553 in

599 583 675 623 hoc
706 583 981 638 philosophari,
1013 597 1104 623 cum
1135 597 1216 622 rem
1249 597 1326 623 non
1358 596 1589 637 magnopere
1617 580 1862 637 philosophia
1890 593 1998 635 egere

600 650 797 689 videamus
817 651 830 688 ?

638 717 851 755 XXXVII.
871 716 1034 768 Qoties
1055 730 1131 754 non
1153 716 1270 755 modo
1285 715 1459 754 ductores
1474 714 1604 760 nostri,
1625 714 1687 753 sed
1702 713 1864 753 univerfi
1881 713 2000 752 etiam

598 783 804 828 exercitus,
825 783 871 820 ad
891 796 969 821 non
989 782 1149 820 dubiam
1165 791 1333 820 mortem
1348 790 1624 820 concurrerunt
1641 782 1655 818 ?
1677 781 1776 832 Qae
1794 780 1953 832 quidem
1972 779 2000 817 s1

601 850 815 894 timeretur,
847 862 925 887 non
957 849 1005 887 L.
1029 849 1185 893 Brutus,
1207 861 1335 886 arcens
1355 861 1446 886 eum
1470 847 1596 886 reditu
1628 855 1850 899 tyrannum,
1882 858 2001 898 quem

602 914 680 967 ipse
709 914 920 968 expulerat,
948 915 987 952 in
1020 913 1150 967 praelio
1183 912 1432 952 concidisset:
1464 926 1542 952 non
1568 926 1661 952 cum
1692 912 1840 951 Latinis
1867 911 2000 949 decer-

601 989 684 1019 tans
705 989 811 1033 pater
832 980 990 1025 Decius,
1022 994 1115 1018 cum
1141 979 1313 1018 Etruscis
1344 979 1463 1025 filius,
1494 993 1586 1018 cum
1621 977 1768 1031 Pyrrho
1798 991 1930 1030 nepos,
1965 976 2002 1015 se

601 1045 770 1085 hostium
792 1046 875 1084 telis
895 1045 1141 1098 objecissent:
1174 1060 1251 1084 non
1271 1059 1350 1084 uno
1370 1046 1472 1085 bello
1491 1060 1561 1100 pro
1581 1047 1701 1099 patria
1719 1044 1896 1083 cadentes
1916 1043 2001 1082 Sci-

602 1113 736 1166 piones
758 1112 944 1165 Hispania
963 1111 1124 1156 vidisset,
1155 1111 1321 1150 Paulum
1340 1121 1378 1150 et
1410 1113 1628 1151 Geminum
1649 1113 1805 1156 Cannae,
1838 1109 2004 1148 Venusia

603 1178 855 1223 Marcellum,
885 1178 1014 1216 Latini
1055 1177 1263 1222 Albinum,
1305 1178 1455 1216 Lucani
1490 1176 1729 1217 Gracchum.
1772 1177 1884 1215 Num
1914 1176 2002 1229 quis

601 1243 746 1283 horum
766 1243 880 1282 miser
898 1243 1013 1281 hodie
1030 1244 1043 1281 ?
1075 1243 1139 1282 Ne
1159 1252 1244 1282 tum
1264 1244 1424 1296 quidem
1454 1245 1537 1297 post
1557 1244 1733 1298 spiritum
1754 1253 1974 1283 extremum
1991 1257 2001 1282 ε

602 1322 675 1348 nec
696 1309 802 1347 enim
822 1308 943 1361 potest
962 1308 1032 1347 effe
1053 1308 1166 1347 miser
1185 1308 1404 1362 quisquam,
1434 1309 1540 1348 sensu
1560 1317 1776 1362 perempto.
1807 1311 1863 1347 At
1881 1309 1921 1346 id
1940 1309 2003 1361 ip-

604 1375 689 1413 sum
719 1375 896 1413 odiosum
927 1374 996 1419 est,
1027 1374 1103 1412 fine
1133 1374 1239 1412 sensu
1266 1374 1352 1413 effe.
1386 1375 1591 1420 Odiosum,
1622 1375 1649 1413 s1
1675 1375 1715 1412 id
1745 1373 1834 1412 esset
1863 1387 2002 1413 catere.

605 1443 710 1480 Cum
731 1455 818 1479 vero
838 1440 1081 1494 perspicuum
1101 1440 1159 1486 fit,
1194 1439 1295 1479 nihil
1318 1441 1419 1494 pofl‘e
1453 1442 1493 1480 in
1524 1455 1569 1480 eo
1599 1441 1684 1486 effe,
1715 1441 1784 1494 qui
1814 1440 1893 1494 ipse
1925 1454 2005 1479 non

605 1507 650 1545 fit
665 1525 678 1552 ς
709 1507 804 1559 quid
825 1505 945 1559 potest
960 1505 1036 1544 effe
1066 1506 1106 1544 in
1126 1519 1171 1544 eo
1186 1506 1382 1552 odiosum,
1403 1507 1471 1559 qui
1492 1520 1562 1545 nec
1582 1517 1718 1552 careat,
1750 1520 1819 1545 nec
1836 1506 1970 1545 sentiat
1990 1506 2007 1543 ?.

606 1573 843 1625 Qanquam
874 1570 948 1610 hoc
969 1571 1127 1624 quidem
1147 1572 1263 1610 nimis
1284 1572 1392 1625 saepe,
1423 1572 1485 1610 sed
1516 1572 1576 1617 eb,
1604 1573 1710 1625 quod
1736 1573 1775 1611 in
1807 1571 1882 1611 hoc
1912 1572 2007 1611 inest

605 1639 733 1678 omnis
753 1638 874 1676 animi
890 1638 1116 1682 contractio,
1138 1651 1185 1676 ex
1205 1648 1312 1676 metu
1332 1639 1483 1677 mortis.
1522 1639 1603 1691 Qi
1623 1639 1729 1677 enim
1749 1639 1834 1677 satis
1854 1639 2005 1684 viderit,

608 1705 647 1743 id
675 1704 780 1757 quod
800 1704 851 1741 est
872 1703 958 1741 luce
977 1703 1130 1748 clarius,
1164 1705 1295 1742 animo
1320 1714 1358 1742 et
1385 1718 1542 1757 corpore
1568 1705 1812 1758 consumpto,
1846 1714 2006 1757 totoque

607 1771 799 1807 animante
819 1769 959 1813 deleto,
990 1777 1027 1806 et
1061 1768 1161 1807 facto
1190 1769 1348 1807 interitu
1379 1770 1564 1815 universo,
1600 1770 1698 1808 illud
1717 1770 1873 1814 animal,
1901 1770 2007 1823 quod

606 1835 738 1880 fuerit,
759 1834 905 1873 factum
926 1833 997 1872 effe
1017 1833 1115 1872 nihil
1133 1853 1144 1880 ;
1176 1835 1207 1873 is
1228 1835 1340 1888 plane
1359 1835 1571 1889 perspiciet,
1593 1836 1691 1874 inter
1711 1836 2007 1888 Hippocentau-

609 1916 710 1946 rum,
732 1902 799 1954 qui
821 1914 1020 1953 nunquam
1042 1900 1172 1945 fuerit,
1194 1911 1231 1939 et
1249 1915 1376 1954 regem
1393 1903 1746 1955 Agamemnonem,
1768 1901 1867 1941 nihil
1887 1902 2007 1941 inter-

608 1967 708 2013 effe,
741 1981 810 2005 nec
845 1967 965 2019 pluris
997 1980 1100 2004 nunc
1122 1965 1244 2005 facere
1272 1968 1335 2005 M.
1359 1968 1575 2006 Camillum
1603 1967 1677 2007 hoc
1704 1968 1817 2006 civile
1845 1968 2006 2013 bellurn,

608 2046 726 2086 quam
747 2045 832 2084 ego,
855 2031 922 2069 illo
943 2031 1042 2075 vivo,
1067 2030 1226 2069 fecerim
1248 2031 1417 2070 Romam
1437 2042 1602 2084 captam.

667 2099 749 2136 Cur
769 2097 887 2149 igitur
919 2106 956 2134 et
978 2096 1168 2134 Camillus
1188 2096 1348 2141 doleret,
1380 2097 1405 2135 s1
1427 2096 1507 2136 lure
1525 2097 1607 2150 post
1628 2107 1814 2136 trecentos
1834 2106 1872 2136 et
1891 2097 2009 2150 quin·

610 2164 795 2218 quaginta
815 2161 891 2201 fere
922 2176 1040 2201 annos
1062 2173 1242 2201 eventura
1262 2172 1411 2216 putaret
1430 2182 1440 2208 ;
1472 2174 1509 2202 et
1535 2178 1607 2217 ego
1626 2178 1695 2203 cur
1715 2165 1879 2209 doleam,
1908 2164 1933 2202 fi
1963 2165 2010 2204 ad

611 2231 744 2269 decem
767 2229 890 2268 millia
910 2243 1097 2267 annorum
1129 2239 1284 2282 gentem
1306 2230 1474 2283 aliquam
1507 2231 1642 2269 urbem
1665 2231 1829 2270 nostram
1861 2232 2009 2284 potitu-

610 2310 691 2335 ram
724 2295 886 2349 putem?
919 2295 1023 2346 Qia
1057 2305 1158 2333 tanta
1186 2296 1319 2334 caritas
1351 2297 1479 2349 patria:
1509 2296 1574 2342 est,
1607 2306 1650 2336 ut
1680 2311 1764 2336 eam
1798 2311 1874 2336 non
1906 2296 2011 2336 sensu

613 2363 752 2407 nostro,
776 2361 836 2400 sed
858 2361 972 2399 salute
994 2361 1121 2415 ipsius,
1144 2362 1363 2401 metiamur.

670 2428 903 2467 XXXVIII.
936 2428 1067 2481 Itaque
1097 2441 1173 2467 non
1195 2428 1355 2468 deterret
1376 2429 1582 2483 sapientem
1604 2445 1720 2475 mors,
1754 2445 1838 2484 quae
1859 2440 2012 2484 propter

613 2495 779 2533 incertos
800 2493 904 2533 casus
935 2493 1108 2547 quotidie
1129 2494 1323 2540 imminet,
1357 2506 1511 2549 propter
1541 2497 1766 2536 brevitatem
1792 2497 1878 2535 vitae
1908 2510 2010 2535 nun-

611 2574 730 2615 quam
752 2560 865 2614 longe
886 2559 1006 2614 potest
1025 2559 1158 2607 abesse,
1180 2574 1258 2615 quo
1278 2561 1407 2601 minus
1427 2562 1467 2602 in
1488 2577 1604 2603 omne
1621 2573 1774 2618 tempus
1793 2562 2013 2616 reipublicae
