2330 2983
417 181 495 235 382
723 176 1501 218 TUSCULANARUM

412 279 580 335 perfefta
609 277 822 322 concludit,
856 290 943 315 vera
975 285 1014 315 et
1046 276 1136 315 falsa
1168 277 1367 330 dijudicat,
1411 277 1612 317 differendi
1651 279 1746 318 ratio
1774 289 1813 319 et

414 347 570 386 scientia
586 364 598 391 ς
630 359 677 384 ex
698 358 773 397 qua
792 357 884 382 cum
906 343 1056 382 summa
1075 344 1219 384 utilitas
1239 344 1366 384 existit
1395 345 1442 383 ad
1462 359 1518 384 res
1538 345 1813 398 ponderandas,

414 421 502 451 tum
522 411 694 450 maxime
713 411 881 463 ingenua
899 409 1114 456 delectatio,
1133 419 1173 449 et
1192 411 1307 464 digna
1322 411 1516 464 sapientia.
1539 411 1612 450 Sed
1628 410 1710 450 haec
1726 411 1812 450 otii.

412 476 597 516 Transeat
616 476 721 515 idem
752 475 819 514 iste
840 475 986 529 sapiens
1006 475 1053 514 ad
1087 476 1370 529 rempublicam
1403 477 1612 516 tuendam:
1644 477 1739 530 quid
1768 489 1816 515 eo

412 542 526 596 poffit
544 541 615 581 effe
634 541 884 595 praestantius,
915 539 1007 580 cum
1027 542 1231 595 prudentia
1262 542 1471 581 utilitatem
1493 543 1641 581 civium
1668 551 1812 587 cernat,

406 608 556 661 justitia
585 606 684 647 nihil
716 608 757 646 in
791 607 897 646 suam
923 607 1088 646 domum
1108 608 1199 646 inde
1231 607 1389 654 derivet,
1424 609 1580 661 reliquis
1608 617 1737 647 utatur
1756 616 1816 647 tot

413 682 494 712 tam
514 674 700 726 variisque
719 673 926 712 virtutibus
945 674 958 710 ?
980 674 1162 726 Adjunge
1178 673 1350 711 frustum
1363 675 1624 712 amicitiarum
1641 692 1652 719 ς
1675 675 1715 712 in
1736 688 1816 726 quo

410 753 435 778 a
453 741 574 779 doctis
594 740 762 793 positum
782 739 848 784 est,
880 752 974 777 cum
1004 739 1208 777 confilium
1238 739 1366 777 omnis
1386 739 1488 783 vitae,
1518 739 1756 778 consentiens
1776 748 1815 778 et

412 820 511 860 pene
530 806 761 859 conspirans,
783 814 870 844 tum
890 805 1040 843 summa
1053 805 1274 857 jucunditas
1290 818 1311 842 e
1331 805 1557 857 quotidiano
1576 805 1686 843 cultu
1702 814 1815 858 atque

413 873 532 911 vielu.
574 872 684 924 Qid
703 871 785 910 haec
806 871 962 910 tandem
980 872 1059 910 vita
1077 871 1271 917 desiderat,
1298 885 1378 924 quo
1397 871 1441 910 fit
1461 871 1607 910 beatior
1626 872 1638 909 ?
1669 871 1734 909 cui
1753 884 1814 909 re-

411 937 518 977 fertae
538 947 595 977 tot
616 938 804 991 tantisque
823 938 972 992 gaudiis
992 937 1148 977 fortuna
1166 938 1246 991 ipsa
1263 938 1374 976 cedat
1393 937 1535 977 neceffe
1550 938 1616 977 est.
1649 938 1769 989 Qod
1787 938 1814 977 fi

411 1005 575 1057 gaudere
593 1004 734 1043 talibus
756 1004 868 1043 bonis
895 1004 1028 1049 animi,
1060 1004 1099 1042 id
1119 1004 1172 1042 est
1191 1003 1413 1050 virtutibus,
1445 1004 1602 1043 beatum
1627 1003 1694 1049 est,
1724 1017 1814 1042 om-

413 1069 554 1122 nesque
589 1069 772 1123 sapientes
799 1070 845 1107 iis
875 1070 1025 1122 gaudiis
1054 1069 1330 1123 perfruuntur,
1375 1083 1509 1109 omnes
1545 1082 1608 1109 eos
1640 1068 1816 1108 confiteri

412 1135 544 1174 beatos
564 1134 649 1181 effe,
670 1134 814 1173 neceffe
828 1134 895 1173 est.

468 1201 622 1240 XXVI.
667 1202 896 1239 Aum‘ron.
929 1200 1112 1239 Etiamne
1146 1201 1187 1239 in
1217 1201 1404 1246 cruciatu,
1435 1209 1549 1253 atque
1578 1201 1812 1240 tormentis?

411 1266 628 1305 MARCUS.
651 1267 716 1304 An
738 1275 780 1304 tu
801 1265 924 1304 mein
955 1266 1056 1304 viola
1084 1267 1258 1319 putabas,
1295 1275 1360 1304 aut
1394 1267 1434 1304 in
1455 1266 1535 1304 rosa
1566 1266 1719 1304 dicere?
1750 1268 1816 1305 An

412 1333 601 1386 Epicuro,
633 1332 700 1384 qui
721 1332 994 1372 tantummodo
1023 1332 1151 1371 induit
1184 1333 1382 1386 personam
1407 1331 1644 1386 philosophi,
1680 1340 1718 1370 et
1746 1332 1817 1371 fibi

410 1397 491 1451 ipse
510 1396 587 1436 hoc
608 1410 750 1436 nomen
769 1397 972 1451 inscripsit,
995 1398 1120 1436 dicere
1135 1398 1282 1444 licebit,
1307 1399 1429 1452 (quod
1445 1399 1620 1451 quidem,
1642 1406 1686 1436 ut
1700 1396 1818 1437 habet

412 1463 449 1501 se
469 1477 540 1508 res,
562 1476 625 1501 me
647 1472 776 1501 tamen
806 1464 1012 1516 plaudente
1031 1464 1144 1517 dicit)
1177 1464 1333 1503 nullum
1363 1464 1523 1517 sapienti
1553 1463 1625 1503 esse
1645 1473 1815 1517 tempus,

411 1528 479 1567 etsi
500 1537 643 1574 uratur,
666 1537 900 1581 torqueatur,
922 1529 1079 1574 secetur,
1102 1530 1197 1582 quin
1217 1530 1330 1582 poffit
1349 1531 1576 1575 exclamare,
1607 1531 1724 1582 Qum
1744 1538 1816 1583 pro

412 1594 520 1633 nihilo
530 1603 621 1647 puto
634 1597 651 1633 ,Ι
681 1607 772 1632 curn
793 1593 1000 1647 praesertim
1019 1608 1135 1633 omne
1157 1595 1305 1633 malum
1326 1595 1457 1634 dolore
1477 1595 1646 1640 definiat,
1664 1596 1815 1634 bonum

412 1661 634 1713 voluptate:
665 1658 746 1697 haec
769 1660 905 1704 nostra,
927 1659 1095 1705 honesta,
1113 1662 1239 1713 turpia
1254 1661 1406 1699 irrideat
1419 1680 1431 1707 ς
1453 1661 1647 1714 dicatque,
1670 1675 1752 1706 nos,
1774 1661 1815 1699 in

413 1725 573 1764 vocibus
593 1733 813 1778 occupatos,
845 1725 976 1763 inanes
1006 1725 1115 1764 sonos
1142 1724 1329 1771 fundere;
1366 1740 1491 1779 neque
1523 1727 1738 1780 quidquam
1769 1726 1814 1765 ad

412 1805 482 1831 nos
502 1792 704 1845 pertinere,
736 1790 803 1828 nisi
825 1791 929 1842 quod
950 1799 1014 1829 aut
1036 1790 1127 1829 laeve
1145 1801 1211 1829 aut
1237 1791 1411 1845 asperum
1440 1793 1479 1830 in
1497 1805 1656 1846 corpore
1676 1792 1814 1831 sentia-

413 1866 489 1896 tur.
509 1858 618 1896 Huic
638 1871 742 1910 ergo,
761 1865 803 1894 ut
819 1856 915 1902 dixi,
937 1870 1014 1895 non
1036 1857 1210 1895 multum
1228 1857 1419 1896 differenti
1436 1858 1616 1911 ajudicio
1632 1857 1814 1903 ferarum,

413 1922 588 1961 oblivisci
608 1922 742 1960 licebit
763 1921 845 1959 sui?
876 1931 914 1959 et
935 1931 1020 1960 tum
1041 1921 1237 1960 fortunam
1258 1933 1520 1969 contemnere,
1549 1937 1640 1962 cum
1662 1924 1706 1962 fit
1725 1937 1814 1962 om-

414 2001 462 2026 ne
482 1997 518 2025 et
540 1988 687 2025 bonum
707 1987 788 2038 ejus
807 1995 844 2024 et
864 1986 1012 2025 malum
1035 1987 1072 2024 in
1095 1987 1275 2039 potestate
1295 1987 1488 2026 fortunae?
1520 1997 1604 2026 tum
1620 1989 1757 2034 dicere,
1780 1989 1815 2027 se

414 2053 571 2091 beatum
607 2053 645 2090 in
679 2052 830 2090 summo
864 2053 1036 2090 cruciatu
1056 2062 1171 2105 atque
1206 2054 1423 2098 tormentis,
1454 2067 1546 2092 cum
1576 2054 1814 2093 constituerit

414 2132 491 2157 non
514 2117 644 2162 modo,
667 2117 864 2156 summum
886 2118 1035 2156 malum
1055 2117 1125 2156 effe
1146 2118 1333 2164 dolorem,
1355 2119 1416 2157 sed
1436 2120 1553 2158 etiam
1574 2119 1698 2159 solum
1717 2120 1730 2157 ?

471 2184 557 2222 Nec
591 2196 678 2221 vero
712 2183 777 2220 illa
812 2183 880 2221 fibi
902 2183 1067 2222 remedia
1085 2185 1321 2238 comparavit
1352 2184 1397 2222 ad
1429 2185 1671 2224 tolerandum
1701 2185 1813 2225 dolo-

414 2263 511 2295 rem,
543 2249 766 2288 firmitatem
797 2250 931 2295 animi,
970 2251 1221 2303 turpitudinis
1253 2252 1538 2297 verecundiam,
1569 2252 1813 2292 exercitatio-

413 2328 505 2353 nem
527 2314 920 2368 consuetudinemque
943 2316 1124 2368 paticndi,
1148 2327 1334 2369 praecepta
1357 2316 1610 2362 fortitudinis,
1632 2317 1814 2356 duritiam

415 2381 565 2419 virilem
586 2396 595 2419 τ
629 2381 689 2420 sed
710 2395 783 2419 una
815 2379 849 2419 se
869 2381 964 2419 dicit
997 2383 1253 2421 recordatione
1273 2384 1509 2435 acquiescere
1540 2385 1813 2437 praeteritarum

417 2445 661 2498 voluptatum
682 2461 690 2484 :
724 2456 766 2485 ut
788 2446 812 2484 si
833 2447 920 2499 quis
941 2447 1111 2492 aestuans,
1147 2461 1238 2486 cum
1258 2448 1338 2486 vim
1359 2448 1494 2487 caloris
1516 2463 1591 2488 non
1615 2448 1725 2487 facile
1746 2463 1814 2502 pa-

416 2510 545 2556 tiatur,
578 2511 763 2550 recordari
797 2512 902 2558 velit,
934 2511 970 2551 se
1003 2512 1209 2566 aliquando
1242 2513 1282 2552 in
1313 2514 1493 2568 Arpinati
1525 2515 1650 2554 nostro
1678 2515 1812 2567 gelidis
