2330 2983
526 246 604 288 344
832 232 1610 272 TUSCULANARUM

523 330 745 384 provehitur
764 330 1003 384 imprudens,
1025 344 1094 369 nec
1115 331 1253 384 reperit
1272 331 1403 370 locum
1420 332 1658 370 consistendi.
1708 333 1912 384 Qamob-

523 412 606 436 rem
626 395 724 436 nihil
745 396 909 442 interest,
927 405 1058 435 utrum
1077 398 1288 436 moderatas
1303 398 1604 451 perturbationes
1620 398 1847 452 approbent,
1867 412 1914 437 an

522 463 757 502 moderatam
777 462 1017 515 injustitiam,
1035 463 1268 502 moderatam
1288 464 1493 516 ignaviam,
1513 465 1747 503 moderatam
1768 465 1913 502 intem-

523 529 749 582 perantiam.
791 529 874 580 Qi
893 529 998 567 enim
1018 529 1120 567 vitiis
1142 530 1305 568 modum
1336 531 1508 583 apponit,
1541 531 1571 568 is
1591 539 1739 583 partem
1759 529 1915 582 suscipit

523 595 722 633 vitiorum.
765 594 883 645 Qod
902 607 993 632 cum
1014 594 1140 647 ipsum
1161 608 1228 648 per
1247 594 1282 634 se
1310 595 1486 634 odiosum
1506 596 1572 640 est,
1607 605 1691 634 tum
1711 609 1756 634 eo
1775 594 1913 634 moles-

523 662 616 706 tius,
636 661 726 714 quia
745 660 891 700 suntin
916 661 1081 706 lubrico,
1113 661 1344 715 incitataque
1375 661 1488 700 semel
1518 662 1687 715 proclive
1719 662 1913 706 labuntur,

522 726 770 779 sustinerique
790 726 898 764 nullo
918 727 1035 765 modo
1049 725 1213 779 pofl‘unt.

574 793 686 831 XIX.
711 791 832 844 Qid,
854 791 958 844 quod
977 792 1096 830 iidem
1117 791 1358 844 Peripatetici
1378 792 1681 844 perturbationes
1701 791 1800 836 istas,
1821 805 1915 844 quas

523 872 592 897 nos
612 858 852 911 extirpandas
887 867 1083 910 putamus,
1116 871 1194 896 non
1227 858 1345 895 modo
1365 857 1551 896 naturales
1571 856 1642 896 effe
1675 857 1825 902 dicunt,
1855 857 1916 895 sed

520 925 639 963 etiarn
660 924 804 962 utiliter
823 937 844 961 a
862 932 994 961 natura
1013 925 1114 962 datas
1132 923 1145 960 ?
1177 925 1358 976 Qorum
1377 923 1430 961 est
1450 923 1533 962 talis
1553 923 1687 962 oratio.
1738 923 1917 962 Primum

521 990 657 1029 multis
672 990 795 1029 verbis
816 989 1053 1028 iracundiam
1074 989 1252 1028 laudant:
1275 999 1402 1028 cotem
1418 988 1655 1027 fortitudinis
1676 988 1747 1027 effe
1767 989 1914 1034 dicunt,

523 1056 727 1108 multoque
747 1065 784 1093 et
818 1055 857 1093 in
877 1053 1026 1093 hostem
1060 1064 1099 1093 et
1123 1055 1164 1093 in
1199 1055 1424 1108 improbum
1453 1055 1579 1093 civem
1612 1053 1916 1093 vehementiores

523 1122 707 1160 iratorum
727 1121 896 1173 impetus
927 1119 1022 1166 effe3
1054 1121 1153 1158 leves
1183 1130 1312 1159 autem
1331 1121 1561 1159 ratiunculas
1592 1134 1739 1165 eorum,
1768 1121 1835 1173 qui
1865 1121 1917 1158 ita

522 1188 735 1240 cogitarent
749 1205 762 1231 ς
794 1187 969 1225 Praelium
1001 1187 1136 1225 reb'lum
1169 1185 1214 1238 est
1243 1186 1306 1225 hoc
1323 1187 1417 1238 fieri
1427 1205 1439 1232 3
1471 1186 1635 1226 convenit
1668 1186 1834 1225 dimicare
1846 1195 1916 1239 pro

521 1252 667 1304 legibus,
690 1261 762 1304 pro
780 1250 958 1296 libertate,
981 1260 1052 1303 pro
1065 1251 1208 1304 patria.
1255 1251 1352 1289 Haee
1373 1250 1522 1289 nullam
1546 1249 1690 1289 habent
1719 1251 1815 1296 vim,
1847 1251 1915 1289 nifi

521 1317 579 1355 ira
597 1315 801 1355 excanduit
830 1313 1032 1353 fortitudo.
1078 1315 1165 1353 Nec
1192 1328 1280 1352 vero
1300 1315 1347 1352 de
1372 1314 1620 1353 bellatoribus
1641 1315 1764 1353 solum
1783 1315 1915 1369 dispu-

521 1391 632 1422 tant:
664 1381 825 1435 imperia
853 1381 1033 1419 severiora
1065 1380 1173 1419 nulla
1204 1379 1274 1419 effe
1300 1390 1437 1434 putant
1465 1381 1542 1419 fine
1567 1381 1694 1433 aliqua
1713 1381 1917 1420 acerbitate

521 1450 742 1489 iracundiae.
775 1449 979 1487 Oratorem
995 1448 1160 1500 denique
1179 1461 1256 1486 non
1277 1447 1394 1486 modo
1413 1447 1668 1493 accusantem,
1700 1447 1762 1486 sed
1781 1461 1829 1486 ne
1848 1448 1916 1486 de-

521 1515 744 1555 fendentem
767 1514 941 1567 quidem,
968 1514 1133 1567 probant
1152 1514 1228 1552 fine
1247 1514 1388 1553 aculeis
1415 1514 1618 1553 iracundiae
1633 1533 1646 1560 ς
1682 1528 1766 1568 quae
1799 1515 1917 1554 etiam

522 1582 551 1621 fi
582 1595 659 1621 non
690 1580 796 1626 adfit‚
829 1589 958 1618 tamen
977 1579 1102 1618 verbis
1122 1589 1235 1632 atque
1254 1588 1367 1618 motu
1392 1579 1645 1618 fimulandam
1671 1580 1915 1626 arbitrantur,

522 1656 567 1687 ut
585 1646 766 1685 auditoris
800 1645 896 1699 iram
917 1645 1074 1684 oratoris
1095 1644 1272 1683 incendat
1290 1645 1401 1683 aetio.
1434 1645 1574 1683 Virum
1605 1645 1770 1698 denique
1798 1646 1914 1684 videri

522 1722 676 1766 negant,
697 1712 766 1764 qui
786 1709 892 1749 irasci
913 1710 1053 1749 nesciat
1068 1729 1081 1756 ς
1111 1724 1286 1763 eamque,
1311 1724 1429 1763 quarn
1447 1710 1628 1750 lenitatem
1646 1724 1714 1750 nos
1734 1711 1915 1758 dicimus,

522 1779 658 1818 vitioso
676 1770 896 1817 lentiiudinis
916 1777 1075 1815 nomine
1094 1776 1302 1829 appellant.

584 1846 671 1885 Nec
703 1857 792 1883 vero
820 1842 944 1881 solum
975 1841 1074 1880 hanc
1108 1842 1312 1881 libidinem
1343 1843 1513 1888 laudant,
1546 1843 1615 1895 (est
1644 1843 1749 1881 enim
1775 1844 1842 1888 ira,
1874 1854 1917 1882 ut

522 1911 640 1951 modo
660 1910 830 1954 definivi,
861 1908 1069 1947 ulciscendi
1092 1899 1232 1960 libido)
1259 1908 1320 1947 sed
1340 1908 1466 1962 ipsum
1488 1909 1586 1947 illud
1605 1922 1724 1962 genus
1744 1909 1802 1947 vel
1824 1909 1916 1948 libi-

523 1978 638 2022 dinis,
673 1976 733 2014 vel
753 1974 974 2028 cupiditatis
994 1974 1040 2012 ad
1060 1974 1251 2012 summam
1273 1975 1480 2014 utilitatem
1500 1975 1571 2014 effe
1590 1976 1726 2013 dicunt
1745 1989 1765 2013 a
1785 1985 1916 2014 natura

522 2045 681 2088 datum;
713 2041 812 2080 nihil
833 2041 938 2079 enim
959 2054 1211 2094 quemquam,
1233 2041 1301 2079 nifi
1321 2041 1427 2093 quod
1447 2041 1577 2085 libeat,
1602 2041 1778 2094 praeclare
1794 2040 1915 2080 facere

523 2110 636 2164 poffe.
669 2109 801 2148 NoCtu
823 2107 1042 2145 ambulabat
1063 2107 1101 2145 in
1123 2106 1282 2159 publico
1301 2105 1598 2151 Themistocles,
1615 2106 1718 2159 quod
1737 2105 1914 2145 somnum

522 2190 654 2230 capere
682 2189 757 2214 non
788 2173 932 2227 posset,
964 2172 1297 2225 quaerentibusque
1317 2173 1577 2227 respondebat,
1610 2173 1801 2211 Miltiadis
1834 2183 1914 2211 tro-

524 2244 612 2296 paeis
634 2242 668 2280 se
687 2256 706 2280 e
727 2241 860 2280 somno
880 2240 1060 2279 suscitari.
1093 2239 1170 2278 Cui
1197 2253 1273 2278 non
1301 2239 1386 2278 sunt
1407 2239 1543 2278 auditae
1566 2237 1836 2277 Demosthenis
1856 2239 1915 2277 vi-

522 2309 624 2363 giliae
642 2309 655 2346 ?
686 2308 753 2362 qui
774 2307 898 2345 dolere
920 2306 952 2344 se
972 2306 1107 2351 aiebat,
1130 2305 1154 2344 fi
1175 2305 1328 2358 quando
1347 2305 1534 2359 opificum
1556 2305 1777 2343 antelucana
1793 2305 1914 2343 victus

521 2380 610 2418 effct
642 2378 836 2417 industri-51.
883 2375 1139 2429 Philosophiae
1169 2376 1333 2429 denique
1364 2376 1477 2429 ipfius
1498 2377 1687 2429 principes
1716 2389 1913 2429 nunquam

524 2447 561 2484 in
599 2445 670 2484 suis
693 2445 824 2483 studiis
856 2453 979 2482 tantos
1011 2441 1222 2496 progressus
1248 2442 1323 2480 fine
1356 2441 1524 2495 flagranti
1557 2441 1766 2495 cupiditate
1792 2440 1913 2481 facere

524 2511 738 2565 potuissent.
784 2510 951 2549 Ultimas
989 2519 1102 2548 terras
1132 2507 1293 2547 lustr-affe
1326 2507 1593 2560 Pythagoram,
1626 2507 1911 2551 Democritum.

524 2577 723 2618 Platonem
758 2576 1002 2629 accepimus5
1036 2574 1101 2613 ubi
1136 2574 1241 2613 enim
1262 2574 1355 2626 quid
1389 2573 1491 2619 css'et,
1522 2573 1625 2627 quod
1660 2572 1751 2612 disci
1781 2570 1910 2624 posset.
