2330 2983
692 227 968 267 LIBER
1024 227 1448 268 TERTIUS,
1695 243 1772 284 323

376 328 417 367 id
437 327 465 366 ii
481 335 591 380 turpe
610 333 786 379 putantes
806 325 1074 378 aegritudinem
1095 326 1330 379 repulerunt.
1352 328 1414 366 Ex
1431 341 1510 380 quo
1529 327 1773 381 intelligitur,

377 407 455 432 non
473 394 515 431 in
534 401 681 436 natura,
701 391 762 429 sed
781 391 822 429 in
841 391 1038 443 opinione,
1059 391 1129 429 effe
1150 393 1429 445 aegritudinem.

432 459 586 498 XXIX.
618 456 764 496 Contra
783 457 964 495 dicuntur
981 456 1077 495 haeC.
1128 458 1229 508 Qis
1261 467 1341 496 tam
1361 460 1530 504 demens,
1553 468 1595 498 ut
1623 460 1688 499 sua
1705 475 1774 500 vo-

377 525 525 564 luntate
553 523 741 562 moereat?
773 523 924 561 Natura
951 521 1060 560 affert
1089 522 1263 560 dolorem
1278 540 1290 567 ς
1322 525 1386 561 cui
1406 525 1566 576 quidem
1597 527 1774 572 Crantor,

373 590 577 642 inquiunt,
593 588 712 627 vester
730 588 946 626 cedendum
966 597 1089 640 putat.
1128 589 1276 626 Premit
1293 590 1414 634 enim,
1429 599 1541 642 atque
1561 591 1685 637 instat,
1705 606 1777 631 nec

377 655 492 694 refisti
512 654 646 708 potest.
693 655 827 706 Itaque
849 654 985 692 Oileus
1005 654 1071 691 ille
1105 654 1206 706 apud
1226 653 1473 707 Sophoclem,
1501 656 1570 708 qui
1589 657 1777 696 Telamo-

377 735 468 760 nem
488 731 596 760 antea
615 721 661 759 de
682 721 811 773 Ajacis
833 729 957 758 morte
977 719 1192 758 consolatus
1211 719 1315 765 esset,
1341 720 1388 766 is,
1424 735 1517 760 cum
1550 722 1706 761 audiffet
1731 723 1780 761 de

377 787 460 834 suo,
479 786 707 831 frad‘tusest.
739 787 800 824 De
820 787 930 838 cujus
950 794 1191 824 commutata
1212 795 1342 824 mente
1361 786 1410 825 fic
1430 786 1571 826 dicitur
1585 806 1598 833 ς

516 855 597 893 Nec
621 866 707 892 vero
727 862 835 891 tanta
847 851 1029 904 praeditus
1033 852 1219 904 sapientia

517 920 708 973 Qcfiuam
728 919 786 972 est,
807 919 871 971 qui
887 919 1036 957 aliorum
1053 932 1250 957 aerumnam
1269 918 1372 957 dialis
1389 919 1562 964 allevans,

513 987 601 1024 Non
620 984 721 1029 idem,
741 999 818 1023 cum
823 985 987 1036 fortuna
1006 993 1150 1023 mutata
1168 984 1335 1037 impetum

518 1050 736 1095 Convertat,
758 1048 854 1088 clade
858 1049 988 1102 stcbita
992 1050 1208 1103 frangatur
1211 1051 1300 1103 sua,

517 1116 569 1155 Ut
585 1116 646 1154 illa
663 1114 716 1154 ad
728 1115 813 1153 alios
831 1114 927 1153 dffla
945 1123 980 1153 et
992 1123 1181 1167 prcecepta
1199 1114 1377 1153 excidant.

381 1182 479 1221 Haec
509 1194 603 1220 cum
635 1180 843 1233 disputant,
874 1178 950 1218 hoc
982 1180 1134 1219 student
1152 1180 1315 1225 efficere,
1344 1188 1487 1219 naturae
1516 1178 1643 1218 obfisti
1673 1180 1781 1220 nullo

379 1247 498 1286 modo
530 1246 645 1300 poffe.
690 1246 725 1284 Ii
758 1255 889 1285 tamen
921 1245 1105 1291 fatentur,
1135 1246 1325 1299 graviores
1354 1246 1598 1298 aegritudines
1629 1246 1779 1299 suscipi,

381 1327 501 1366 quam
520 1321 654 1352 natura
671 1320 797 1364 cogat.
830 1313 930 1363 Qae
948 1311 1001 1350 est
1020 1312 1140 1365 igitur
1153 1311 1334 1357 amentia,
1352 1320 1396 1350 ut
1416 1324 1484 1350 nos
1502 1324 1658 1364 quoque
1678 1311 1782 1351 idem

382 1379 430 1417 ab
450 1378 534 1416 aliis
553 1377 791 1430 requiramus
810 1376 823 1413 Ρ
1570 1414 1573 1417 .

439 1444 512 1483 Sed
539 1444 667 1497 plures
688 1443 776 1481 sunt
795 1441 911 1481 causae
930 1441 1159 1495 suscipiendi
1178 1441 1333 1481 doloris.
1366 1443 1546 1481 Primum
1565 1442 1632 1480 illa
1651 1444 1783 1496 opinio

383 1510 492 1556 mali,
523 1523 603 1563 quo
621 1509 700 1548 viso
733 1517 846 1560 atque
879 1507 1064 1561 persuaso,
1099 1508 1286 1560 aegritudo
1318 1507 1532 1560 insequitur
1565 1508 1781 1549 neceffario.

383 1576 539 1614 Deinde
558 1575 676 1613 etiam
694 1582 848 1626 gratum
881 1573 1046 1611 mortuis
1067 1572 1103 1611 se
1122 1572 1259 1618 facere,
1289 1573 1317 1611 fi
1336 1573 1499 1626 graviter
1518 1587 1581 1612 eos
1612 1574 1782 1627 lugeant,

383 1642 628 1680 arbitrantur.
672 1627 838 1678 Accedit
857 1638 1072 1692 superstitio
1089 1639 1290 1678 muliebris
1311 1639 1501 1692 quaedam.
1551 1640 1784 1681 Existimant

384 1707 505 1752 enirn,
534 1706 623 1744 Diis
641 1704 927 1744 immortalibus
948 1704 985 1742 se
1003 1703 1154 1743 facilius
1175 1704 1443 1749 satisfacturos,
1473 1706 1500 1743 fi
1520 1718 1654 1744 eorum
1672 1707 1785 1760 plaga

385 1771 547 1826 perculfi
580 1769 740 1810 afflictos
770 1770 807 1808 se
837 1779 876 1807 et
905 1769 1036 1808 stratos
1062 1768 1134 1807 effe
1163 1768 1366 1808 fateantur.
1413 1770 1484 1807 Sed
1517 1769 1599 1808 haec
1627 1771 1728 1809 inter
1747 1771 1783 1810 se

385 1837 506 1890 quam
526 1845 755 1890 repugnent,
792 1835 965 1888 plerique
984 1848 1063 1873 non
1088 1835 1233 1873 vident.
1266 1835 1442 1874 Laudant
1470 1836 1576 1874 enim
1607 1849 1684 1881 eos,
1716 1838 1784 1890 qui

387 1915 498 1954 aequo
516 1901 647 1939 animo
667 1901 904 1945 moriantur;
927 1900 995 1952 qui
1015 1899 1167 1938 alterius
1183 1909 1352 1938 mortem
1367 1914 1476 1953 aequo
1496 1901 1626 1939 animo
1645 1901 1782 1948 ferant,

387 1980 450 2007 eos
470 1975 609 2020 putant
626 1965 909 2018 vituperandos.
955 1965 1072 2017 Qafi
1101 1964 1183 2003 fieri
1215 1965 1296 2004 ullo
1315 1966 1433 2004 modo
1449 1966 1574 2019 possit,
1605 1967 1709 2018 quod
1742 1968 1783 2005 in

387 2033 574 2072 amatorio
592 2032 764 2070 sermone
797 2031 875 2069 dici
907 2030 1015 2076 solet,
1045 2040 1089 2070 ut
1118 2031 1322 2084 quisquam
1341 2032 1428 2084 plus
1454 2033 1619 2071 alterum
1649 2033 1784 2086 diligat

383 2113 509 2152 quam
528 2098 578 2138 se.
627 2097 857 2137 Praeclarum
876 2097 976 2136 illud
994 2097 1059 2142 est,
1086 2105 1139 2142 et,
1174 2097 1200 2136 fi
1221 2098 1371 2150 quaeris,
1393 2101 1540 2137 rectum
1561 2112 1716 2152 quoque
1746 2109 1785 2137 et

389 2179 525 2204 verum
537 2183 550 2210 3
572 2173 616 2203 ut
634 2177 712 2210 eos,
733 2164 801 2216 qui
820 2163 931 2202 nobis
949 2163 1128 2202 cariffirni
1146 2163 1218 2202 effe
1237 2164 1412 2209 debeant,
1431 2177 1538 2217 aeque
1557 2178 1599 2203 ac
1615 2165 1784 2204 nosmet-

388 2231 488 2283 ipsos
507 2243 680 2269 amemus
696 2248 709 2275 3
740 2239 784 2268 ut
802 2243 890 2268 vero
908 2229 1010 2282 plus,
1031 2228 1113 2267 fieri
1133 2229 1241 2268 nullo
1264 2231 1373 2283 paCto
1395 2231 1529 2284 potest.
1563 2231 1626 2269 Ne
1645 2241 1783 2283 optan-

391 2296 487 2334 dum
506 2296 666 2348 quidem
699 2295 752 2333 est
781 2295 823 2333 in
853 2295 1034 2340 amicitia,
1066 2304 1109 2334 ut
1128 2309 1191 2334 me
1220 2296 1286 2334 ille
1306 2296 1392 2349 plus
1414 2309 1531 2348 quam
1551 2295 1682 2340 semet,
1713 2309 1783 2348 ego

392 2362 508 2400 illum
529 2362 616 2414 plus
636 2374 752 2413 quam
773 2375 851 2400 me.
902 2361 1142 2400 Perturbatio
1162 2363 1261 2408 vitae,
1283 2363 1308 2400 s1
1330 2363 1383 2400 ita
1412 2363 1470 2406 fit,
1501 2371 1614 2413 atque
1631 2361 1781 2399 officio-

393 2439 480 2464 rum
499 2426 692 2470 omnium,
713 2426 975 2478 consequatur.
1008 2426 1079 2464 Sed
1099 2426 1145 2464 de
1163 2425 1239 2465 hoc
1259 2427 1361 2464 alias.

435 2492 566 2530 XXX.
586 2491 704 2528 Nunc
721 2491 818 2529 illud
831 2491 916 2530 satis
934 2491 999 2535 est,
1018 2505 1095 2530 non
1107 2493 1311 2530 attribuere
1328 2491 1373 2528 ad
1385 2489 1620 2528 amiffionem
1636 2490 1783 2528 amico-

392 2570 482 2597 rum
499 2556 691 2598 miseriam
708 2556 873 2598 nostram
885 2575 898 2604 5
912 2569 960 2596 ne
979 2557 1067 2596 illos
1086 2557 1174 2611 plus
1195 2569 1311 2609 quam
1331 2555 1399 2608 ipfi
1414 2555 1548 2600 velint,
1562 2554 1588 2593 fi
1606 2555 1782 2601 sentiant,
