2330 2983
627 205 903 247 LIBER
960 205 1399 258 QUINTUS.
1632 222 1708 262 231

373 309 525 349 XXXI.
557 309 621 347 An
659 321 707 346 ne
725 307 801 346 hoc
821 307 980 360 quidem
1001 307 1263 361 Peripateticis
1284 308 1476 353 concedis,
1505 317 1549 347 ut
1569 309 1711 355 dicant,

317 377 497 416 omnium
517 375 684 413 virorum
706 375 912 418 bonorum,
940 374 979 411 id
999 374 1064 418 est,
1097 375 1325 427 sapientum,
1357 375 1615 427 omnibusque
1634 377 1713 415 vir-

318 443 467 481 tutibus
496 448 734 484 ornatorum,
762 439 880 477 vitam
901 439 1084 477 omnibus
1110 440 1281 491 partibus
1302 441 1388 492 plus
1408 440 1546 479 habere
1566 442 1713 495 semper

318 507 424 551 boni,
445 519 562 558 quam
582 504 675 542 mali
694 504 706 540 ?
729 504 830 555 Qis
849 503 925 542 hoc
945 503 1040 541 dicit
1058 503 1070 540 ?
1102 504 1220 542 Stoici
1238 504 1413 542 scilicet?
1434 506 1630 546 Minime:
1653 508 1713 545 sed

318 572 376 610 isti
397 572 479 624 ipfi,
497 571 563 623 qui
580 570 774 622 voluptate
793 579 831 607 et
847 569 976 607 dolore
994 569 1126 607 omnia
1142 570 1370 614 metiuntur,
1388 583 1516 608 nonne
1531 571 1711 616 clamant,

318 637 477 691 sapienti
496 637 583 689 plus
601 635 748 688 semper
768 635 886 674 adeffe
906 635 1010 688 quod
1030 635 1136 681 velit,
1164 649 1282 688 quam
1303 637 1408 688 quod
1437 636 1536 674 nolit
1554 637 1567 673 ?
1609 638 1713 675 Cum

318 711 471 740 tantum
491 702 610 754 igitur
637 701 677 738 in
696 701 836 739 virtute
856 710 1000 754 ponant
1020 700 1062 746 ii,
1093 700 1216 753 quise
1234 700 1402 738 fatentur
1420 701 1571 739 virtutis
1592 701 1714 746 causa,

320 769 388 806 nifi
420 783 462 806 ea
494 769 733 820 voluptatem
767 768 917 813 acciret,
948 781 996 804 ne
1029 780 1189 805 manum
1210 767 1368 819 quidem
1386 767 1555 805 versuros
1576 767 1712 812 suifi‘e;

320 834 415 885 quid
435 833 556 872 facere
586 846 654 871 nos
675 842 839 886 oportet,
873 833 941 885 qui
961 833 1137 885 quamvis
1168 833 1374 871 minimam
1397 833 1517 870 animi
1536 833 1715 885 praestan-

321 900 414 937 tiam
436 900 618 937 omnibus
651 899 761 937 bonis
781 899 950 951 corporis
970 899 1110 936 anteire
1130 898 1318 943 dieamus,
1350 907 1393 936 ut
1413 912 1454 936 ea
1480 912 1527 936 ne
1547 899 1587 936 in
1618 912 1714 937 con-

321 965 450 1018 spectu
470 966 630 1017 quidem
651 965 913 1017 relinquantur
931 965 943 1001 ?
977 965 1078 1015 Qis
1097 965 1203 1002 enim
1223 964 1289 1009 est,
1321 965 1390 1016 qui
1409 963 1490 1002 haec
1510 965 1641 1002 cadere
1674 966 1716 1003 in

321 1030 530 1082 sapientem
551 1031 676 1067 dicere
697 1030 843 1074 audeat,
866 1038 922 1074 ut,
944 1030 970 1067 fi
991 1029 1072 1066 fieri
1087 1029 1212 1081 possit,
1225 1029 1407 1068 virtutem
1427 1030 1466 1066 in
1487 1039 1716 1082 perpetuum

321 1094 489 1147 abjiciat,
524 1104 568 1133 ut
587 1095 717 1133 dolore
736 1095 845 1132 omni
878 1095 1087 1132 liberetur?
1119 1094 1220 1144 Qis
1241 1093 1411 1132 nostrum
1431 1094 1584 1139 dixerit,
1618 1107 1717 1146 quos

322 1173 399 1198 non
420 1161 538 1214 pudet
558 1174 612 1205 ea,
635 1174 719 1213 quae
739 1160 857 1198 Stoici
875 1160 1000 1213 aspera
1018 1159 1167 1205 dicunt,
1189 1159 1290 1197 mala
1307 1160 1447 1204 dicere,
1474 1160 1611 1198 melius
1632 1159 1716 1204 effe,

321 1227 485 1279 turpiter
503 1226 647 1278 aliquid
666 1225 786 1264 facere
802 1239 894 1264 cum
911 1226 1121 1278 voluptate,
1143 1239 1259 1279 quam
1276 1224 1430 1263 honeste
1447 1238 1538 1263 cum
1558 1226 1713 1263 dolore?

378 1291 506 1329 Nobis
527 1291 770 1329 Heracleotes
802 1291 867 1328 ille
888 1290 1093 1341 Dionyfius
1113 1289 1296 1342 flagitiose
1315 1289 1504 1328 desciviffe
1527 1290 1677 1328 videtur
1697 1304 1719 1328 a

324 1356 461 1394 Stoicis
492 1365 646 1409 propter
675 1355 878 1394 oculorum
899 1355 1086 1393 dolorem.
1133 1356 1234 1406 Qis
1265 1368 1352 1393 vero
1382 1354 1458 1393 hoc
1483 1355 1667 1393 didiciffet
1698 1369 1719 1393 a

325 1421 500 1466 Zenone,
522 1435 599 1460 non
620 1421 760 1465 dolere,
781 1434 871 1458 cum
892 1420 1037 1458 doleret
1055 1421 1068 1457 ?
1099 1420 1201 1458 Illud
1216 1420 1394 1465 audierat,
1416 1434 1486 1458 nec
1507 1429 1635 1458 tamen
1655 1421 1717 1458 di-

324 1486 480 1531 dicerat,
499 1486 646 1524 malum
665 1485 764 1523 illud
784 1499 861 1523 non
879 1485 961 1529 effe,
980 1486 1069 1537 quia
1084 1494 1195 1537 turpe
1214 1499 1292 1523 non
1311 1485 1412 1530 effet,
1429 1494 1467 1523 et
1487 1485 1574 1523 ess‘et
1588 1484 1718 1523 feren-

324 1551 420 1589 dum
450 1551 546 1590 viro.
595 1550 690 1595 Hic,
713 1550 738 1588 fi
770 1551 1042 1603 Peripateticus
1070 1549 1209 1595 fuifl‘et,
1231 1550 1499 1603 permansisset,
1520 1551 1645 1595 credo,
1678 1551 1719 1589 in

324 1616 522 1661 sententia,
557 1617 742 1669 quoniam
772 1616 943 1654 dolorem
971 1616 1106 1654 dicunt
1136 1615 1283 1654 malum
1313 1616 1409 1654 effe:
1443 1616 1490 1654 de
1523 1616 1719 1669 asperitate

323 1691 453 1720 autem
487 1683 566 1735 ejus
587 1681 736 1720 fortiter
754 1681 910 1720 ferenda
935 1682 1163 1735 praecipiunt
1183 1682 1330 1727 eadem,
1359 1696 1443 1734 quae
1474 1682 1605 1721 Stoici.
1664 1683 1719 1720 Et

324 1747 484 1800 quidem
505 1747 688 1786 Arcefilas
708 1756 812 1792 tuus,
840 1747 906 1785 etfi
925 1746 1000 1784 fuit
1019 1747 1059 1784 in
1079 1745 1289 1785 differendo
1318 1747 1562 1799 pertinacior,
1590 1755 1720 1785 tamen

326 1813 449 1851 noster
468 1812 542 1851 fuit
561 1827 569 1851 :
601 1822 678 1850 erat
696 1813 801 1850 enim
823 1812 1059 1850 Polemonis.
1100 1813 1151 1857 Is,
1172 1826 1264 1850 cum
1284 1812 1427 1850 arderet
1445 1812 1620 1866 podagrae
1645 1813 1719 1851 do-
1753 1849 1755 1851 .

325 1878 485 1924 loribus,
514 1877 761 1930 vifitaffetque
780 1877 982 1916 hominem
1003 1877 1228 1923 Carneades,
1259 1878 1420 1930 Epicuri
1436 1877 1719 1930 perfamiliaris,

326 1952 364 1982 et
385 1944 497 1982 tristis
517 1944 649 1989 exiret,
671 1944 804 1988 Mane,
826 1943 963 1996 quaeso,
992 1944 1133 1996 inquit,
1155 1944 1348 1982 Carneade
1367 1944 1517 1982 noster:
1553 1943 1652 1982 nihil
1668 1944 1720 1982 il-

327 2009 406 2048 linc
428 2009 505 2048 huc
525 2010 710 2063 pervenit.
737 2009 914 2048 Ostendit
931 2009 1060 2062 pedes,
1077 2019 1114 2048 et
1129 2012 1273 2063 pectus.
1296 2011 1481 2048 Attamen
1499 2009 1564 2048 hic
1585 2010 1720 2049 mallet

326 2088 403 2113 non
424 2075 563 2114 dolere.

383 2141 557 2178 XXXII.
590 2141 687 2179 Haec
718 2139 836 2192 igitur
855 2140 907 2178 est
926 2141 1048 2178 nostra
1069 2141 1178 2186 ratio,
1216 2154 1300 2193 quae
1319 2141 1393 2179 tibi
1412 2141 1562 2179 videtur
1579 2141 1718 2179 incon-

328 2203 425 2242 stans
445 2219 453 2242 :
485 2217 576 2242 cum
596 2213 751 2256 propter
769 2205 919 2243 virtutis
940 2205 1124 2243 caelestem
1145 2206 1351 2258 quandam,
1372 2215 1410 2243 et
1429 2206 1614 2249 divinam,
1632 2215 1719 2243 tan-

328 2277 487 2321 tamque
507 2269 770 2321 praestantiam,
792 2279 849 2315 ut,
871 2270 938 2308 ubi
958 2271 1076 2309 virtus
1097 2271 1154 2316 fit,
1182 2271 1312 2323 resque
1328 2285 1489 2323 magnae,
1512 2270 1720 2314 sumendae,

331 2334 552 2379 laudabiles,
573 2344 610 2373 et
630 2335 768 2373 virtute
787 2336 909 2388 gestae,
931 2336 986 2374 ibi
1001 2336 1071 2374 effe
1087 2337 1234 2375 miseria
1253 2347 1290 2375 et
1310 2349 1477 2375 aerumna
1497 2350 1574 2373 non
1591 2335 1719 2388 ponit,

330 2409 458 2438 tamen
478 2400 584 2438 labor
603 2401 711 2454 poffit
731 2411 769 2439 et
788 2402 957 2440 molestia
973 2421 984 2448 3
1016 2416 1092 2441 non
1113 2403 1287 2440 dubitem
1308 2403 1445 2446 dicere,
1468 2415 1600 2439 omnes
1617 2401 1719 2454 sapi-

330 2474 434 2504 entes
455 2464 601 2518 semper
620 2465 747 2505 beatos
767 2466 851 2514 effe,
886 2466 948 2505 sed
978 2476 1105 2506 tamen
1124 2467 1206 2506 fieri
1226 2467 1338 2520 posse,
1370 2476 1414 2505 ut
1443 2467 1489 2505 fit
1516 2466 1612 2505 alius
1643 2467 1725 2505 alio
