2330 2983
583 294 629 334 18
896 293 960 334 M.
1018 293 1654 334 T.CICERONIS

577 387 670 438 Qo
688 385 794 424 enim
814 380 932 425 modo
950 386 1143 440 perspicue
1161 387 1299 426 dixeris
1316 387 1448 426 album
1468 385 1539 425 effe
1558 382 1719 440 aliquid,
1747 399 1841 425 cum
1860 383 1977 440 poffit

575 451 758 497 accidere,
780 461 823 490 ut
840 452 893 497 id,
927 453 1032 505 quod
1051 453 1209 506 nigrum·
1227 453 1284 498 sit,
1320 453 1453 492 album
1473 453 1543 492 esse
1577 453 1778 491 videatur?
1809 462 1875 491 aut
1893 466 1978 506 quo

575 517 693 556 modo
712 517 779 556 ista
797 527 862 556 aut
882 518 1076 572 perspicua
1095 519 1284 564 dicemus,
1306 529 1370 557 aut
1396 518 1571 573 impressa
1590 519 1792 564 subtiliter,
1813 532 1907 557 cum
1927 519 1975 558 fit

575 583 780 629 incertum,
801 596 900 629 vere,
921 584 1132 622 inaniterne
1150 597 1259 623 mens
1279 594 1479 623 moveatur
1496 585 1509 622 ?
1540 585 1598 623 Ita
1617 597 1741 636 neque
1761 584 1879 629 color,
1902 597 1973 622 ne-

575 661 651 700 que
684 661 837 702 corpus,
870 662 939 687 nec
969 650 1119 695 veritas,
1151 662 1221 688 nec
1251 659 1538 703 argumentum,
1576 662 1647 688 nec
1678 648 1817 694 sensus,
1847 661 1975 702 neque

573 714 820 768 perspicuum
839 714 966 753 ullum
987 715 1229 768 relinquitur.

629 780 692 818 Ex
710 779 786 819 hoc
805 780 902 818 illud
922 772 983 818 his
1000 780 1067 818 usu
1083 781 1211 819 venire
1231 781 1338 826 solet,
1357 790 1413 825 ut,
1430 779 1623 833 quidquid
1637 780 1818 825 dixerint,
1840 794 1863 818 a
1880 779 1973 833 qui-

573 845 733 884 busdam
752 845 1046 897 interrogentur,
1079 846 1185 898 Ergo
1202 846 1298 884 istuc
1319 846 1480 898 quidem
1500 846 1694 898 percipis?
1740 846 1813 884 Sed
1831 846 1900 898 qui
1919 844 1978 883 ita

572 911 821 964 interrogant,
853 911 900 950 ab
920 910 981 949 his
1000 911 1218 951 irridentur.
1250 912 1345 951 Non
1374 912 1481 950 enim
1512 920 1664 964 urgent,
1685 920 1730 950 ut
1748 919 1974 964 coarguant,

573 977 773 1016 neminem
804 976 884 1016 ulla
902 977 948 1015 de
969 991 1007 1015 re
1032 977 1133 1030 poffe
1153 978 1395 1023 contendere,
1417 991 1542 1031 neque
1561 977 1771 1022 affeverare,
1801 977 1879 1015 fine
1898 976 1973 1015 ali-

573 1055 649 1096 qua
663 1043 744 1095 ejus
760 1043 828 1089 rei,
845 1056 963 1096 quarn
983 1043 1053 1081 fibi
1069 1043 1229 1097 quisque
1244 1042 1392 1098 placere
1407 1044 1515 1090 dicit,
1532 1052 1635 1082 certa
1647 1052 1685 1082 et
1699 1043 1852 1097 propria
1865 1052 1974 1082 nota.

628 1108 748 1160 Qod
766 1107 819 1146 est
838 1108 957 1161 igitur
976 1103 1071 1146 istuc
1090 1108 1257 1147 vestrum
1277 1107 1475 1162 probabile
1492 1109 1505 1146 ?
1528 1109 1633 1147 Nam
1654 1109 1694 1153 fi,
1709 1107 1814 1160 quod
1830 1107 1974 1160 cuique

572 1175 755 1220 occurrit,
784 1182 822 1212 et
841 1174 970 1228 primo
989 1175 1091 1227 quasi
1112 1174 1260 1228 aspestu
1280 1175 1477 1228 probabile
1503 1175 1666 1220 videtur,
1697 1175 1737 1212 id
1762 1173 1972 1213 confirma-

572 1238 648 1286 tur,
683 1240 779 1293 quid
808 1254 854 1278 eo
871 1241 990 1278 levius
1010 1242 1023 1278 ?
1055 1241 1120 1279 Sin
1151 1250 1197 1279 ex
1222 1240 1564 1294 circumspectIOne
1584 1241 1711 1294 aliqua
1735 1250 1774 1278 et
1799 1250 1972 1278 accurata

570 1306 880 1351 consideratione,
913 1306 1018 1358 quod
1050 1306 1176 1345 visum
1206 1307 1264 1352 fit,
1300 1307 1341 1345 id
1370 1307 1406 1345 se
1434 1307 1563 1345 dicent
1582 1305 1702 1360 sequi,
1736 1316 1865 1345 tamen
1886 1306 1970 1344 exi-

571 1380 656 1410 tum
672 1385 749 1410 non
765 1371 977 1410 habebunt.
1001 1372 1194 1417 Primum,
1211 1372 1301 1424 quia
1320 1370 1380 1410 his
1396 1372 1496 1417 vifis,
1511 1372 1612 1410 inter
1631 1384 1716 1424 quae
1732 1371 1832 1410 nihil
1848 1373 1971 1410 inter-

569 1438 635 1484 est,
657 1438 851 1491 aequaliter
869 1437 1051 1476 omnibus
1072 1438 1275 1491 abrogatur
1292 1438 1408 1477 fides:
1441 1438 1592 1483 deinde,
1614 1450 1706 1476 curn
1721 1438 1850 1476 dicant
1870 1437 1978 1491 posse·

570 1504 739 1544 accidere
759 1503 931 1556 sapienti,
963 1513 1019 1548 ut,
1049 1517 1142 1542 cum
1163 1504 1294 1542 omnia
1324 1503 1471 1549 fecerit,
1502 1504 1866 1557 diligentissimeque
1891 1505 1970 1543 cir-

570 1569 842 1623 cumspexerit,
863 1569 996 1608 existat
1015 1569 1174 1622 aliquid,
1208 1570 1313 1622 quod
1332 1578 1370 1607 et
1389 1569 1593 1608 verisimile
1621 1569 1806 1615 videatur,
1836 1579 1875 1608 et
1900 1569 1970 1609 ab·

572 1637 615 1676 s1t
634 1635 851 1689 longiffime
881 1649 901 1672 a
920 1648 1007 1673 vero
1020 1653 1031 1680 ;
1067 1635 1280 1688 quomodo,
1315 1635 1340 1674 fi
1362 1649 1500 1689 magna
1519 1645 1624 1688 parte
1645 1635 1804 1689 quidem
1827 1636 1888 1688 (ut
1909 1635 1969 1674 so-

571 1703 651 1742 lent
669 1702 812 1754 dicere)
834 1701 879 1739 ad
900 1715 1031 1739 verum
1053 1701 1193 1755 ipsum,
1215 1710 1279 1740 aut
1310 1715 1427 1754 quam
1448 1703 1623 1755 proxime
1644 1702 1840 1746 accedant,
1872 1715 1968 1741 con-

571 1769 685 1807 fidere
706 1767 774 1806 fibi
794 1768 1000 1820 poterunt?
1032 1768 1089 1806 Ut
1108 1768 1214 1806 enim
1234 1767 1443 1813 confidant,
1475 1777 1612 1807 notum
1641 1767 1703 1807 his
1723 1767 1794 1806 effe
1813 1768 1972 1807 debebit

570 1835 715 1888 insigne
734 1834 811 1872 veri
827 1852 839 1879 5
871 1847 948 1885 quo
968 1833 1128 1872 obscuro
1147 1843 1185 1872 et
1204 1834 1390 1888 oppresso,
1422 1835 1527 1887 quod
1559 1835 1713 1873 tandem
1734 1847 1869 1873 verum
1899 1832 1969 1873 fibi

570 1901 802 1939 videbuntur
816 1900 1000 1953 attingere
1016 1901 1028 1938 ?
1057 1900 1165 1952 Qid
1180 1910 1307 1939 autem
1325 1910 1402 1940 tam
1419 1901 1576 1940 absurde
1596 1901 1673 1940 dici
1694 1901 1829 1954 potest,
1850 1914 1969 1954 quarn

570 1979 661 2005 eum
683 1967 733 2004 ita
753 1966 978 2018 loquuntur,
1012 1966 1078 2005 Est
1098 1965 1172 2005 hoc
1192 1967 1350 2019 quidem
1372 1967 1422 2005 rei
1443 1967 1547 2005 illius
1567 1967 1733 2020 lignum,
1770 1976 1834 2005 aut
1853 1980 1968 2020 argu-

572 2043 763 2077 mentum,
785 2040 821 2070 et
842 2046 883 2070 ea
903 2045 941 2070 re
962 2033 999 2071 id
1022 2033 1179 2085 sequor:
1214 2033 1272 2071 sed
1295 2033 1373 2072 fieri
1393 2034 1528 2087 potest,
1561 2042 1604 2072 ut
1636 2034 1689 2079 id,
1723 2034 1828 2087 quod
1850 2033 1968 2087 figni-

571 2108 691 2143 catur,
714 2106 778 2136 aut
799 2097 936 2137 falsum
958 2098 1015 2143 sit,
1037 2108 1101 2137 aut
1123 2098 1220 2137 nihil
1242 2099 1285 2138 fit
1305 2100 1495 2138 omnino?

626 2165 719 2203 XII.
752 2163 822 2202 Sed
841 2163 887 2202 de
908 2165 1151 2217 perceptione
1171 2163 1365 2204 hactenus.
1389 2167 1426 2204 Si
1447 2166 1533 2218 quis
1559 2165 1662 2204 enim
1683 2178 1739 2210 ea,
1766 2178 1850 2217 quae
1870 2164 1970 2203 dista

575 2231 672 2276 sunt,
687 2229 907 2268 labefactare
921 2231 1036 2276 volet,
1055 2230 1181 2277 facile,
1195 2232 1310 2270 etiam
1325 2231 1539 2271 absentibus
1555 2232 1678 2275 nobis,
1693 2232 1826 2270 veritas
1843 2231 1877 2269 se
1893 2231 1970 2284 ipsa

571 2296 759 2336 defendet.
784 2296 859 2334 His
877 2296 958 2334 satis
976 2297 1335 2350 cognitis,quaejam
1349 2298 1537 2350 explicata
1550 2298 1650 2340 sunt.
1669 2310 1771 2335 nunc
1788 2296 1833 2334 de
1848 2295 1967 2334 uffen-

573 2364 671 2401 sionc
691 2372 804 2414 atque
830 2363 1114 2416 approbatione,
1131 2377 1247 2416 quam
1273 2365 1399 2402 Graeci
1420 2360 1657 2411 συγκαταθεσιν
1677 2372 1827 2407 vocant,
1850 2376 1970 2416 pauca

572 2429 742 2466 dicemus
761 2443 769 2466 ε
803 2442 878 2467 non
899 2442 977 2481 quo
999 2444 1073 2468 non
1097 2430 1193 2467 latus
1214 2430 1320 2468 locus
1343 2430 1411 2473 lit;
1443 2429 1501 2467 scd
1524 2428 1636 2482 paulo
1657 2440 1741 2468 ante
1757 2431 1855 2482 jacta
1882 2428 1968 2467 sunt

574 2494 832 2533 fundamenta.
866 2495 969 2534 Nam
987 2509 1078 2535 cum
1094 2496 1189 2541 vim,
1211 2510 1295 2549 qua*
1311 2496 1398 2535 essct
1413 2496 1449 2534 in
1469 2495 1646 2541 sensibus,
1663 2494 1965 2549 explicabamus,

572 2559 683 2599 simul
712 2560 809 2599 illud
835 2562 1082 2615 aperiebatur,
1114 2562 1388 2617 comprehendi
1408 2562 1531 2603 multa
1549 2571 1587 2602 ct
1605 2563 1751 2617 percipi
1771 2560 1964 2605 senlibus;
