2330 2983
575 223 852 263 LIBER
910 223 1343 276 QUINTUs.
1585 237 1660 277 203

255 322 404 368 omnia,
434 330 500 361 aut
520 322 728 376 voluptatis
762 324 884 369 causa,
915 324 1030 363 etiam
1051 324 1077 362 fi
1098 338 1181 362 eam
1213 338 1290 362 non
1310 323 1564 376 consequare3
1598 335 1663 362 aut

259 402 338 427 non
359 388 527 433 dolendi,
549 390 666 426 etiam
687 389 712 426 s1
734 390 774 427 id
793 389 931 442 affequi
952 403 1139 442 nequeas5
1169 399 1233 428 aut
1251 404 1399 434 eorum,
1421 404 1505 442 quae
1525 390 1659 428 secun-

257 454 355 492 dum
374 463 562 498 naturam,
583 454 831 506 adipiscendi.
890 454 948 492 Ita
968 454 1026 499 fit,
1057 464 1113 499 ut,
1141 464 1283 507 quanta
1302 455 1516 493 differentia
1536 456 1588 493 est
1617 456 1658 493 in

256 520 456 572 principiis
478 520 728 565 naturalibus,
762 530 866 558 tanta
885 520 930 558 fit
949 520 991 558 in
1010 520 1153 559 finibus
1174 520 1367 558 bonorum
1388 521 1660 573 malorumque

258 585 538 624 diffirnilitudo.
571 585 653 623 Alii
673 585 796 624 rursus
816 585 950 624 iisdem
971 599 992 623 a
1007 585 1211 639 principiis
1228 599 1345 624 omne
1364 586 1539 624 officium
1560 586 1658 624 refe-

256 661 348 690 runt
367 661 432 690 aut
451 652 498 690 ad
516 652 770 705 voluptatem,
789 662 853 690 aut
873 652 919 690 ad
946 665 1024 691 non
1043 651 1270 698 dolendum,
1292 661 1358 690 aut
1384 653 1428 690 ad
1449 653 1574 706 prima
1592 653 1659 690 illa

255 718 467 757 secundum
487 728 662 757 naturam
682 718 903 757 obtinenda.

311 785 505 838 Expofitis
532 786 614 837 jam
649 786 769 838 igitur
802 785 865 823 sex
895 785 942 823 de
968 783 1120 823 summo
1152 784 1255 823 bono
1288 783 1497 829 sententiis,
1538 785 1657 823 trium

255 852 522 903 proximarum
541 850 584 889 hi
603 851 794 904 principes
813 870 824 896 3
856 851 1077 904 voluptatis,
1108 850 1324 903 Aristippus
1340 868 1353 895 3
1386 864 1465 888 non
1485 850 1656 894 dolendi,

256 917 522 969 Hieronymus
538 936 550 962 ς
582 916 736 955 fruendi
767 917 879 956 rebus
905 917 967 962 iis,
998 931 1090 970 quas
1122 917 1265 969 primas
1295 916 1507 954 secundum
1542 924 1656 954 natu-

255 997 337 1021 ram
357 983 426 1021 effe
446 984 631 1028 diximus,
663 983 890 1029 Carneades,
922 996 1000 1021 non
1029 982 1096 1020 ille
1123 982 1284 1034 quidem
1313 984 1456 1027 auctor,
1493 982 1554 1020 sed
1588 983 1656 1020 de-

254 1048 391 1094 fensor,
422 1048 621 1087 differendi
654 1049 776 1094 causa,
806 1048 896 1087 fuit.
956 1048 1172 1101 Superiores
1205 1056 1279 1085 tres
1310 1056 1429 1093 erant,
1466 1061 1552 1100 quae
1585 1048 1656 1086 effe

254 1115 399 1168 poffent
416 1133 427 1159 ς
459 1128 624 1168 quarum
644 1115 697 1153 est
716 1129 791 1153 una
810 1115 887 1153 sola
905 1113 1069 1159 defensa,
1097 1127 1217 1166 eaque
1236 1112 1496 1152 vehementer.
1548 1114 1656 1153 Nam

251 1181 459 1234 voluptatis
479 1180 588 1219 causa
606 1179 728 1219 facere
756 1181 901 1226 omnia,
926 1193 1033 1225 cum,
1055 1180 1173 1218 etiam
1193 1179 1219 1217 fi
1240 1178 1339 1218 nihil
1360 1180 1654 1232 consequamur,

251 1256 382 1286 tamen
402 1247 529 1300 ipsum
548 1246 647 1285 illud
666 1247 871 1285 confilium
890 1247 944 1284 ita
961 1245 1143 1289 faciendi,
1174 1258 1241 1298 per
1260 1245 1295 1283 se
1316 1246 1590 1298 expetendum,
1617 1256 1656 1285 et

251 1312 472 1359 honestum,
493 1323 532 1351 et
551 1313 676 1351 solum
695 1313 845 1351 bonum
865 1313 924 1358 fit,
945 1326 1061 1351 nemo
1080 1312 1190 1350 dicit.
1233 1312 1298 1350 Ne
1318 1311 1542 1350 vitationem
1563 1314 1655 1365 qui-

253 1379 343 1417 dem
364 1379 504 1417 doloris
525 1378 645 1431 ipsam
675 1391 741 1430 per
761 1377 796 1415 se
815 1377 1018 1430 quisquam
1039 1377 1079 1415 in
1099 1376 1211 1415 rebus
1241 1376 1464 1429 expetendis
1490 1379 1652 1430 putavit,

253 1459 302 1484 ne
323 1445 347 1483 s1
368 1446 485 1483 etiarn
504 1445 643 1483 evitare
663 1444 796 1497 poss‘et.
848 1446 904 1482 At
923 1457 1011 1482 vero
1030 1442 1155 1481 facere
1175 1443 1319 1488 omnia,
1339 1452 1383 1481 ut
1401 1443 1656 1496 adipiscamur

254 1525 340 1565 quae
360 1510 572 1549 secundum
592 1519 766 1548 naturam
787 1509 873 1554 sint,
894 1510 1010 1548 etiam
1030 1509 1056 1547 fi
1075 1522 1118 1546 ea
1137 1521 1215 1547 non
1234 1508 1486 1561 affequamur,
1517 1508 1559 1547 id
1583 1509 1655 1548 effe

252 1587 293 1616 et
322 1577 539 1622 honestum,
569 1585 607 1614 et
637 1575 761 1614 solum
792 1589 859 1629 per
877 1575 913 1613 se
948 1574 1222 1629 expetendum,
1257 1583 1296 1613 et
1326 1574 1453 1614 solum
1488 1575 1652 1622 bonum,

253 1645 372 1683 Stoici
391 1644 540 1682 dicunt.

305 1709 418 1747 VIII.
438 1710 510 1747 Sex
529 1708 648 1761 igitur
667 1707 725 1747 hae
745 1707 833 1746 sunt
859 1707 1050 1762 fimplices
1070 1707 1117 1745 de
1137 1706 1290 1745 summo
1311 1706 1505 1746 bonorum
1525 1709 1651 1748 malo-

250 1787 416 1827 rumque
435 1774 628 1813 sententiae
644 1793 655 1820 ⁵
687 1775 771 1813 duae
792 1775 867 1812 fine
887 1784 1062 1828 patrono,
1093 1782 1258 1826 quatuor
1288 1772 1461 1812 defensae.
1502 1775 1653 1825 Junctae

249 1850 379 1879 autem
397 1850 435 1879 et
454 1840 627 1894 duplices
647 1840 900 1893 expositiones
916 1839 1061 1878 summi
1080 1839 1173 1878 boni
1194 1848 1267 1877 tres
1287 1839 1449 1878 omnino
1465 1838 1622 1879 fuerunt
1638 1860 1649 1887 ;

249 1919 320 1945 nec
339 1919 429 1945 vero
447 1906 589 1959 plures,
611 1905 637 1944 fi
657 1906 811 1958 penitus
832 1919 960 1944 rerum
980 1915 1155 1944 naturam
1176 1904 1314 1950 videas,
1336 1904 1407 1943 effe
1426 1914 1650 1958 potuerunt.

249 1973 356 2011 Nam
377 1982 442 2010 aut
466 1973 643 2025 voluptas
669 1972 825 2025 adjungi
845 1972 967 2025 potest
999 1972 1046 2010 ad
1064 1971 1316 2017 honestatem,
1347 1979 1390 2010 ut
1410 1971 1650 2025 Calliphoni,

249 2037 576 2091 Dinomachoque
606 2038 751 2091 placuit
767 2056 778 2083 3
811 2047 876 2077 aut
901 2038 1043 2077 doloris
1073 2037 1257 2083 vacuitas,
1292 2046 1335 2075 ut
1356 2037 1555 2083 Diodoro;
1587 2047 1653 2078 aut

249 2105 375 2157 prima
393 2113 548 2150 naturae,
571 2113 615 2143 ut
635 2104 803 2157 antiquis
819 2123 831 2150 ς
854 2118 950 2158 quos
981 2104 1134 2143 eosdem
1155 2103 1409 2142 Academicos
1429 2113 1467 2142 et
1493 2105 1651 2158 Peripa-

247 2172 383 2209 teticos
404 2172 665 2209 nominamus.
698 2170 769 2209 Sed
789 2171 974 2224 quoniam
996 2185 1072 2209 non
1100 2170 1252 2224 possunt
1272 2170 1404 2209 omnia
1423 2170 1536 2208 fimul
1557 2171 1649 2216 dici,

247 2235 330 2274 haec
361 2237 401 2275 in
434 2236 629 2289 praesentia
657 2245 748 2275 nota
780 2236 850 2275 effe
869 2237 1079 2282 debebunt,
1110 2236 1350 2290 voluptatem
1381 2236 1650 2275 semovendam

247 2302 319 2340 effe
336 2321 348 2348 ς
380 2303 534 2355 quando
553 2303 599 2340 ad
619 2303 761 2355 majora
789 2304 978 2356 quaedam,
1010 2313 1054 2342 ut
1067 2304 1149 2357 jam
1170 2302 1380 2356 apparebit,
1403 2303 1481 2340 nati
1501 2302 1646 2340 sumus.

247 2368 311 2406 De
331 2369 520 2406 vacuitate
555 2368 694 2407 doloris
728 2369 860 2408 eadem
880 2369 959 2409 fere
984 2370 1060 2409 dici
1092 2369 1226 2414 solent,
1259 2382 1344 2422 quae
1370 2369 1416 2406 de
1436 2367 1647 2420 voluptate.

248 2434 447 2486 Qioniam
480 2434 599 2487 igitur
617 2443 656 2472 et
681 2435 729 2473 de
747 2436 943 2490 voluptate
962 2450 1056 2475 cum
1078 2437 1294 2488 Torquato,
1316 2444 1354 2473 et
1374 2434 1419 2472 de
1438 2432 1647 2478 honestate,

249 2499 288 2537 in
308 2513 384 2554 qua
403 2513 480 2539 una
498 2514 613 2541 omne
633 2501 782 2541 bonum
800 2512 1018 2556 poneretur,
1036 2516 1128 2542 cum
1150 2503 1298 2541 Catone
1316 2500 1368 2538 est
1385 2499 1620 2554 disputatum
1632 2517 1646 2545 5

1214 2568 1247 2605 C
1268 2580 1290 2604 c
1322 2579 1342 2605 2
