2330 2983
618 261 1440 302 L113ERsEcUNDUS.
1644 278 1721 322 453

343 366 567 417 gignuntur,
608 362 826 415 augescunt,
874 362 1131 406 continentur,
1165 361 1215 400 fic
1253 370 1384 400 natura
1417 361 1555 400 mundi
1587 375 1721 401 omnes

344 439 472 469 motus
491 429 606 467 habet
625 428 872 471 voluntarios,
902 426 1148 479 conatusque,
1170 436 1208 465 et
1226 427 1490 479 appetitiones,
1509 441 1602 480 quas
1622 426 1722 475 ὁρμὰς

345 495 471 534 Graeci
490 502 641 537 vocant,
671 502 709 531 et
737 491 798 530 his
828 491 1090 530 consentaneas
1116 492 1279 529 actiones
1300 492 1349 529 fic
1369 491 1537 538 adhibet,
1572 503 1615 533 ut
1634 495 1721 533 nos-

344 559 506 612 metipfi‚
537 559 604 610 qui
637 557 774 595 animis
808 569 1006 594 movemur
1038 566 1077 594 et
1106 555 1283 594 senfibus.
1328 556 1434 594 Talis
1463 558 1581 609 igitur
1613 573 1721 598 mens

343 623 479 662 mundi
503 636 593 660 cum
613 622 670 666 fit,
700 621 751 659 ob
770 634 931 673 eamque
949 620 1097 658 causam
1117 619 1176 658 vel
1197 620 1408 673 prudentia,
1439 621 1498 658 vel
1517 623 1721 673 providen-

342 689 394 727 tia
411 687 590 741 appellari
610 688 706 725 rec'te
726 686 849 739 possit,
873 687 1025 738 (Graece
1043 686 1149 724 enim
1168 684 1302 735 πρόνοια
1322 685 1480 738 dicitur)
1502 685 1583 725 haec
1602 689 1720 740 potis-

342 754 482 792 fimum
503 752 688 805 providet,
718 762 756 790 et
788 752 828 789 in
858 750 918 789 his
949 751 1116 789 maxime
1148 750 1201 788 est
1218 761 1402 804 occupata
1419 769 1431 796 3
1464 751 1648 804 primum,
1679 763 1722 791 ut

342 818 508 857 mundus
529 831 644 870 quam
664 817 872 869 aptiffimus
892 816 936 855 fit
956 817 1002 855 ad
1020 816 1319 869 permanendum
1335 835 1362 861 5.
1378 817 1527 862 deinde,
1555 827 1598 856 ut
1617 818 1723 857 nulla

341 897 381 921 re
399 892 505 936 egeat
517 901 530 927 3
561 882 729 921 maxime
748 891 890 927 autem,
912 891 955 920 ut
972 883 1012 920 in
1031 895 1076 920 eo
1094 882 1236 921 eximia
1254 880 1503 935 pulchritudo
1521 883 1580 929 fit,
1608 893 1722 936 atque

342 949 468 987 omnis
487 957 654 986 ornatus.

400 1014 554 1051 XXIII.
578 1013 740 1050 Dictum
769 1011 821 1049 est
839 1012 886 1049 de
905 1011 1077 1050 universo
1097 1012 1242 1050 mundo
1258 1030 1270 1057 3
1302 1012 1450 1050 dictum
1469 1013 1522 1051 est
1539 1013 1655 1052 etiam
1675 1014 1722 1052 de

338 1078 545 1117 fideribus:
570 1087 611 1115 ut
626 1079 708 1129 jam
737 1077 1018 1130 propemodum
1047 1086 1218 1130 appareat
1247 1077 1458 1116 multitudo
1488 1091 1558 1116 nec
1578 1078 1720 1117 ceffan-

339 1144 440 1182 tium
460 1145 651 1187 Deorum,
672 1155 742 1181 nec
762 1155 816 1187 ea,
838 1155 923 1194 quae
942 1151 1066 1194 agant,
1098 1142 1345 1180 molientium
1369 1155 1461 1181 cum
1481 1142 1608 1181 labore
1627 1157 1720 1196 ope-

340 1209 421 1247 roso
437 1222 479 1247 ac
499 1208 671 1248 molesto.
702 1208 797 1246 Non
816 1208 920 1246 enim
939 1208 1059 1253 venis,
1080 1216 1118 1245 et
1143 1208 1281 1253 nervis,
1301 1217 1340 1246 et
1359 1207 1497 1247 offibus
1518 1209 1722 1248 continen-

339 1282 414 1318 tur,
432 1287 502 1312 nec
518 1274 564 1311 iis
583 1272 675 1310 escis
695 1281 760 1310 aut
778 1272 998 1324 potionibus
1017 1271 1230 1316 vescuntur,
1248 1282 1290 1310 ut
1309 1281 1373 1310 aut
1387 1273 1503 1310 nimis
1523 1286 1638 1318 acre5‚
1657 1283 1721 1312 aut

340 1338 456 1376 nimis
487 1346 684 1376 concretos
703 1336 884 1375 humores
904 1337 1112 1389 colligant3
1144 1349 1213 1374 nec
1239 1337 1285 1375 iis
1305 1337 1526 1389 corporibus
1546 1337 1646 1384 sunt,
1678 1349 1722 1377 ut

341 1413 405 1441 aut
435 1403 553 1447 casus,
579 1412 643 1440 aut
663 1403 758 1440 ictus
778 1401 1039 1447 extimescant,
1070 1411 1135 1440 aut
1155 1403 1307 1441 morbos
1328 1412 1501 1441 metuant
1516 1417 1562 1442 ex
1582 1403 1720 1443 defati-

339 1468 491 1519 gatione
507 1467 785 1506 membrorum.
808 1468 906 1518 Qae
922 1480 1050 1506 verens
1067 1468 1257 1520 Epicurus
1274 1481 1584 1520 monogrammos
1601 1470 1718 1516 Deos,

340 1543 377 1571 et
396 1533 494 1571 nihil
527 1543 677 1586 agentes
698 1543 941 1572 commentus
962 1534 1026 1572 est.
1072 1534 1137 1572 Illi
1166 1543 1294 1572 autem
1319 1534 1577 1586 pulcherrima
1596 1534 1721 1574 forma

340 1599 504 1651 praedsti,
539 1598 808 1650 puriffimaque
848 1597 890 1634 in
923 1597 1077 1649 regione
1105 1597 1187 1635 caeli
1220 1599 1411 1643 collocati,
1446 1600 1497 1637 ita
1528 1598 1717 1647 feruntur,

339 1665 659 1715 moderanturque
677 1662 819 1707 cursus,
855 1671 898 1701 ut
917 1663 962 1700 ad
981 1663 1110 1702 omnia
1142 1664 1391 1704 conservanda
1409 1674 1447 1703 et
1467 1667 1606 1704 tuenda
1623 1680 1719 1705 con-

338 1728 477 1767 senfiffe
495 1729 706 1767 videantur,
737 1728 878 1767 Multae
897 1737 1024 1766 autem
1039 1728 1119 1766 aliae
1139 1738 1278 1766 naturae
1298 1730 1485 1775 Deorum,
1506 1744 1552 1769 ex
1569 1733 1718 1783 magnis

338 1793 530 1832 beneficiis
550 1807 698 1838 eorum,
734 1806 812 1831 non
841 1793 916 1830 fine
949 1792 1055 1830 causa
1079 1802 1117 1830 et
1144 1806 1164 1829 a
1184 1794 1340 1832 Graeciae
1360 1793 1603 1846 sapientibus,
1633 1805 1671 1834 et
1699 1811 1721 1835 a

338 1859 545 1910 majoribus
565 1858 698 1896 nostris
717 1857 942 1902 constitutae,
964 1858 1242 1910 nominataeque
1262 1858 1347 1897 sunt
1362 1877 1373 1904 3
1405 1860 1594 1912 quidquid
1613 1861 1719 1900 enim

338 1936 517 1975 magnam
550 1923 757 1961 utilitatem
790 1923 919 1976 generi
947 1922 1092 1962 afferret
1112 1923 1295 1969 humano,
1325 1924 1365 1962 id
1392 1939 1470 1962 non
1495 1926 1571 1964 fine
1591 1927 1719 1965 divina

338 1989 506 2027 bonitate
539 2001 625 2040 erga
657 1987 832 2026 homines
865 1987 947 2026 fieri
979 1988 1268 2028 arbitrabantur.
1318 1989 1451 2042 Itaque
1485 2000 1569 2028 tum
1603 1991 1715 2037 illud,

337 2054 441 2105 quod
473 2062 550 2091 erat
569 2066 589 2090 a
609 2054 695 2092 Deo
723 2063 870 2099 natum,
901 2053 1059 2092 nomine
1091 2055 1204 2108 ipfius
1235 2055 1310 2094 Dei
1340 2056 1611 2110 nuncupabant
1627 2075 1638 2102 3
1676 2066 1718 2104 ut

336 2131 427 2156 cum
458 2117 585 2171 fruges
613 2120 790 2157 Cererem
820 2119 1067 2171 appellamus,
1098 2120 1235 2158 vinum
1265 2130 1393 2159 autem
1425 2122 1639 2160 Liberum:
1670 2135 1718 2160 ex

337 2197 416 2236 quo
437 2183 535 2220 illud
555 2185 744 2228 Terentii,

473 2248 556 2286 St‘ne
574 2249 703 2287 Cerere
720 2258 755 2287 et
775 2248 906 2287 Libero
909 2250 1034 2303 friget
1055 2252 1181 2289 Venus.

339 2313 448 2351 Tum
473 2322 600 2352 autem
622 2327 678 2351 res
698 2314 788 2366 ipsa,
822 2315 862 2351 in
881 2327 954 2366 qua
973 2316 1028 2353 vis
1049 2315 1143 2354 inest
1162 2316 1282 2368 major
1302 2317 1439 2369 aliqua,
1472 2317 1520 2354 fic
1547 2316 1713 2368 appella-

338 2387 414 2421 tur,
435 2386 478 2414 ut
497 2390 538 2415 ea
557 2377 634 2430 ipsa
652 2378 707 2416 vis
726 2379 947 2418 nominetur
967 2381 1085 2426 Deus,
1118 2390 1160 2419 ut
1181 2382 1306 2425 Fides,
1329 2392 1371 2419 ut
1391 2382 1506 2419 Mens
1523 2399 1533 2424 3
1563 2394 1655 2432 quas
1676 2383 1714 2420 in

339 2442 532 2494 Capitolio
551 2443 736 2482 dedicatas
756 2445 927 2484 videmus
948 2446 1121 2498 proxime
1140 2460 1160 2483 a
1180 2447 1241 2485 M.
1258 2447 1418 2484 AEmilio
1436 2449 1571 2483 Scauro
1588 2464 1599 2490 3
1630 2456 1715 2484 ante

339 2516 466 2545 autem
497 2509 543 2546 ab
563 2509 685 2548 Atilio
705 2510 878 2550 Calatino
907 2521 984 2549 erat
1005 2512 1117 2550 Fides
1147 2512 1370 2550 consecrata.
1415 2512 1528 2549 Vides
1551 2511 1713 2550 Virtutis

338 2572 544 2625 ternplum,
567 2574 667 2614 vides
681 2575 850 2615 Honoris
871 2589 890 2614 a
910 2576 972 2616 M.
988 2576 1176 2615 Marcello
1191 2586 1409 2614 renovatum
1423 2594 1435 2622 3
1458 2576 1561 2628 quod
1581 2577 1713 2615 multis
