2330 2983
585 241 661 293 184
1005 234 1552 277 DE'FINIBUS

578 344 697 384 modo
717 341 926 382 nominavi.
973 339 1082 379 Mihi
1102 349 1230 379 autem
1251 340 1397 393 aequius
1418 339 1630 385 videbatur,
1662 338 1863 380 Zenonem
1884 353 1979 382 cum

577 411 787 450 Polemone
821 408 1109 461 disceptantem,
1143 407 1182 458 (a
1211 419 1304 459 quo,
1340 420 1424 459 quae
1454 405 1572 444 effent
1601 406 1792 460 principia
1820 415 1979 453 naturae,

577 476 805 528 acceperat‚)
837 487 858 512 a
876 473 1153 513 communibus
1174 473 1294 510 initiis
1326 472 1637 525 progredientem
1662 472 1790 511 videre
1809 472 1878 511 ubi
1897 473 1980 525 pri-

577 539 690 580 mum
709 540 906 586 insisteret,
923 548 961 578 et
981 538 1082 578 unde
1101 537 1208 577 causa
1227 538 1488 576 controverfiae
1507 537 1720 592 nasceretur
1735 557 1747 584 ς
1779 551 1857 577 non
1878 538 1978 577 stan-

575 617 657 646 tem
691 620 783 645 cum
818 606 878 651 iis,
915 605 983 659 qui
1015 618 1062 643 ne
1093 605 1262 642 dicerent
1282 604 1440 657 quidem
1470 604 1534 642 sua
1553 604 1703 643 summa
1734 604 1836 643 bona
1859 603 1930 642 effe
1959 617 1980 642 a

576 682 711 712 natura
743 671 924 726 profecta,
960 672 1018 709 uti
1049 669 1184 710 iisdem
1217 670 1468 724 argumentis,
1499 671 1642 723 quibus
1673 670 1733 709 illi
1765 678 1977 715 uterentur,

574 740 788 791 iisdemque
808 737 1017 776 sententiis.

631 805 763 842 XVII.
797 804 967 841 Minime
987 815 1076 840 vero
1097 801 1194 840 illud
1212 801 1348 855 prob0,
1370 801 1490 854 quod,
1521 814 1613 840 cum
1633 801 1828 847 docuistis,
1851 810 1893 839 ut
1909 814 1977 840 vo-

577 871 636 909 bis
656 870 857 914 videmini,
878 869 1002 907 solum
1024 868 1173 907 bonum
1193 867 1278 912 esse,
1299 868 1403 920 quod
1418 867 1623 907 honestum
1644 868 1702 913 fit,
1725 877 1811 907 tum
1828 867 1980 907 rursum

575 937 718 981 dicitis,
740 936 848 974 initia
879 935 1041 988 proponi
1061 933 1203 973 neceffe
1232 933 1305 972 effe
1324 943 1410 987 apta
1434 943 1472 972 et
1502 933 1792 972 accommodata
1821 942 1979 978 naturae,

575 1015 744 1055 quorum
764 1015 810 1040 ex
829 1001 1014 1039 electione
1031 1001 1151 1039 virtus
1171 999 1283 1053 poffit
1302 999 1473 1039 existere.
1492 1000 1586 1039 Non
1602 1000 1707 1039 enim
1721 1000 1761 1038 in
1778 999 1979 1038 selectione

576 1069 697 1106 virtus
718 1067 894 1120 ponenda
926 1075 1018 1111 erat,
1050 1076 1092 1104 ut
1123 1065 1305 1118 idipsum,
1329 1066 1436 1118 quod
1454 1074 1532 1104 erat
1563 1066 1754 1104 bonorum
1777 1065 1978 1110 ultimum,
2002 1095 2006 1097 .

575 1133 680 1171 aliud
700 1132 845 1185 aliquid
865 1132 1089 1184 acquireret.
1122 1131 1228 1170 Nam
1248 1131 1393 1177 omnia,
1415 1145 1501 1184 quae
1521 1131 1717 1176 sumenda,
1738 1144 1901 1184 quaeque
1921 1130 1978 1168 le-

575 1199 699 1252 genda
718 1208 782 1237 aut
802 1198 967 1251 optanda
987 1197 1086 1241 sunt,
1109 1196 1222 1235 ineffe
1241 1197 1383 1235 debent
1409 1197 1449 1235 in
1470 1197 1620 1235 summa
1638 1197 1846 1242 bonorum,
1869 1205 1912 1234 ut
1933 1197 1978 1241 is,

575 1265 644 1317 qui
665 1278 747 1302 eam
767 1263 924 1316 adeptus
945 1263 1002 1307 fit,
1036 1261 1134 1301 nihil
1155 1271 1331 1314 praeterea
1350 1261 1544 1301 desideret,
1588 1262 1768 1307 Videsne,
1801 1272 1859 1307 ut,
1887 1263 1979 1314 qui-

577 1331 649 1369 bus
670 1330 819 1368 summa
838 1329 890 1367 est
920 1329 961 1366 in
981 1327 1189 1380 voluptate,
1220 1328 1466 1380 perspicuum
1487 1328 1545 1373 fit,
1567 1327 1663 1380 quid
1692 1329 1738 1366 iis
1758 1326 1980 1366 faciendum

575 1398 634 1442 fit,
669 1406 734 1434 aut
754 1409 831 1434 non
858 1393 1077 1433 faciendum
1096 1395 1109 1431 ?
1142 1402 1184 1432 ut
1204 1407 1320 1432 nemo
1340 1393 1506 1438 dubitet,
1538 1407 1674 1433 eorum
1693 1394 1825 1433 omnia
1853 1393 1981 1432 officia

575 1477 656 1516 quo
676 1463 853 1515 speftarQ
875 1461 969 1513 quid
989 1460 1108 1512 sequi,
1131 1460 1226 1513 quid
1246 1459 1377 1513 fugere
1396 1460 1572 1499 debeant.
1619 1461 1676 1499 Sit
1694 1459 1770 1499 hoc
1790 1460 1979 1499 ultimum

578 1529 784 1573 bonorum,
806 1527 911 1579 quod
932 1539 1033 1564 nunc
1054 1539 1075 1564 a
1094 1539 1157 1564 me
1178 1525 1424 1570 defenditur;
1455 1534 1609 1578 apparet
1629 1525 1770 1571 statim,
1803 1539 1888 1579 quae
1908 1525 1981 1563 sint

576 1594 718 1639 officia,
750 1607 834 1646 quae
865 1593 1052 1643 actiones,
1088 1590 1210 1630 Vobis
1231 1601 1374 1636 autem,
1396 1591 1539 1643 quibus
1560 1590 1659 1630 nihil
1687 1591 1739 1630 est
1765 1591 1869 1630 aliud
1888 1604 1980 1644 pro-

576 1660 759 1714 positum,
781 1659 850 1698 nisi
879 1659 1027 1697 rectum
1057 1665 1172 1710 atque
1190 1655 1408 1702 honestum,
1430 1657 1531 1695 unde
1550 1657 1685 1702 officii,
1713 1657 1815 1695 unde
1844 1657 1982 1710 agendi

577 1726 812 1780 principium
832 1723 1017 1779 nascatur,
1039 1737 1117 1762 non
1137 1724 1344 1777 reperietis.

633 1793 724 1831 Hoc
755 1791 874 1844 igitur
903 1790 1079 1842 quaeretis
1107 1803 1256 1832 omnes,
1287 1798 1325 1828 et
1353 1790 1393 1835 ii,
1422 1790 1489 1842 qui
1510 1789 1772 1842 quodcunque
1800 1789 1839 1828 in
1866 1803 1980 1828 men-

576 1867 657 1898 tem
677 1857 818 1902 veniat,
849 1865 914 1894 aut
942 1855 1201 1908 quodcunque
1221 1864 1408 1900 occurrat,
1440 1855 1476 1893 se
1506 1855 1612 1907 sequi
1643 1855 1797 1899 dicent;
1834 1864 1871 1892 et
1898 1868 1980 1899 vos,

577 1924 647 1977 qui
680 1923 726 1961 ad
761 1931 936 1961 naturam
962 1921 1220 1960 revertemini.
1267 1921 1421 1973 Qibus
1456 1930 1588 1959 natura
1616 1921 1704 1973 jure
1731 1920 1980 1975 responderit,

578 2003 658 2029 non
689 1988 760 2027 effe
780 2001 928 2032 verum,
963 1987 1116 2025 aliunde
1141 1987 1261 2025 finem
1291 1987 1398 2025 beate
1417 1987 1584 2031 vivendi,
1615 2000 1636 2024 a
1656 1987 1690 2024 se
1711 1987 1900 2040 principia
1929 1987 1981 2024 rei

578 2055 764 2110 gerendae,
787 2055 864 2108 peti
883 2069 892 2092 ε
915 2053 985 2091 efl'e
1004 2054 1109 2092 enim
1131 2067 1247 2091 unam
1267 2053 1469 2097 rationem,
1491 2066 1567 2105 qua
1585 2062 1624 2090 et
1643 2053 1832 2105 principia
1853 2066 1981 2091 rerum

578 2121 810 2175 agendarum
831 2129 869 2158 ct
897 2119 1034 2157 ultima
1055 2119 1245 2157 bonorum
1266 2119 1577 2157 continerentur:
1610 2127 1738 2170 atque,
1767 2127 1809 2155 ut
1831 2117 1980 2156 Aristo-

576 2189 638 2226 nis
658 2186 746 2225 effct
778 2185 929 2238 explosa
950 2184 1145 2230 sententia,
1176 2185 1352 2229 dicentis,
1385 2183 1481 2222 nihil
1509 2183 1660 2222 differre
1690 2183 1793 2221 aliud
1814 2184 1861 2221 ab
1890 2183 1980 2228 alio,

580 2266 649 2292 nec
669 2252 739 2291 effe
759 2265 816 2290 res
849 2251 958 2295 ullas,
989 2260 1123 2304 praeter
1143 2252 1299 2289 virtutes
1319 2260 1357 2289 et
1387 2251 1492 2296 vitia,
1525 2251 1624 2288 inter
1653 2263 1745 2302 quas
1766 2249 1980 2302 quidquam

579 2319 741 2357 omnino
762 2317 976 2361 interessem
1010 2317 1057 2355 sic
1078 2331 1196 2355 errare
1221 2317 1437 2361 Zenonem,
1469 2317 1536 2368 qui
1571 2316 1674 2354 nulla
1696 2317 1733 2354 in
1768 2330 1819 2360 re,
1852 2316 1918 2354 nisi
1941 2316 1981 2353 in

581 2387 720 2423 virtute
751 2394 814 2422 aut
845 2385 952 2429 vitio,
988 2383 1293 2437 propensionem,
1328 2397 1374 2421 ne
1413 2383 1565 2421 minimi
1599 2381 1757 2434 quidem
1790 2381 1979 2421 momenti

581 2451 625 2488 ad
650 2451 844 2489 summum
866 2450 1013 2489 bonum
1034 2448 1334 2501 adipiscendum,
1357 2448 1427 2486 css‘e
1448 2449 1613 2486 diceret:
1637 2458 1687 2492 ct,
1710 2462 1800 2486 cum
1822 2447 1867 2485 ad
1889 2447 1977 2485 bea-

583 2526 659 2554 tam
694 2517 810 2554 vitam
844 2515 996 2554 nullum
1030 2525 1275 2553 momentum
1297 2528 1338 2552 ea
1360 2528 1415 2552 res
1436 2514 1605 2559 haberet,
1639 2515 1684 2553 nd
1704 2514 1978 2568 appetitionem

580 2592 708 2621 autem
725 2596 849 2621 rerum
868 2582 937 2622 css‘c
954 2582 992 2621 in
1006 2581 1066 2621 his
1080 2591 1279 2622 momenta
1292 2581 1450 2621 diceret:
1475 2581 1575 2635 quati
1596 2595 1683 2620 vcro
1699 2580 1779 2620 hacc
1795 2579 1980 2633 appetitio
