2330 2983
593 186 638 225 16
903 183 966 223 M.
1025 182 1657 223 T.CICERONIS

639 278 692 316 X.
724 277 903 329 Sequitur
932 276 1136 329 disputatio
1154 275 1304 329 copiosa
1323 276 1389 314 illa
1407 276 1581 328 quidem,
1613 275 1675 315 sed
1694 275 1809 330 paulo
1828 275 1976 315 abstru-

586 344 658 382 sior
669 362 681 388 3
706 342 839 394 (habet
858 343 963 380 enim
983 343 1222 394 aliquantum
1242 356 1263 380 a
1279 341 1462 395 physicis)
1495 352 1539 380 ut
1557 356 1696 388 verear,
1722 356 1770 382 ne
1789 343 1976 395 majorem

586 409 721 462 largiar
741 410 790 454 ei,
811 409 879 461 qui
899 407 1031 446 contra
1050 408 1218 446 dicturus
1239 408 1304 452 est,
1332 408 1548 447 libertatem
1568 418 1606 447 et
1625 409 1835 448 licentiam.
1867 408 1975 447 Nam

584 475 680 527 quid
699 489 787 513 eum
818 473 1010 512 fa&urum
1040 483 1173 527 putem
1193 474 1240 512 de
1256 475 1394 512 abditis
1426 474 1536 512 rebus
1556 484 1594 513 et
1612 475 1796 519 obscuris,
1818 475 1885 527 qui
1911 474 1974 512 lu-

584 555 671 580 cem
697 542 840 594 eripere
869 550 1029 579 conetur
1047 541 1060 578 ?
1106 541 1177 579 Sed
1208 541 1388 593 disputari
1419 550 1566 594 poterat
1596 541 1800 586 subtiliter,
1830 549 1975 593 quanto

584 608 687 660 quasi
707 607 868 646 artificio
888 616 1018 645 natura
1036 605 1218 645 fabricata
1237 606 1323 644 effet
1339 605 1512 660 primum
1530 607 1671 646 animal
1691 620 1807 646 omne
1823 621 1833 645 z
1865 607 1975 644 dein-

583 674 631 712 de
650 673 851 712 hominem
871 673 1040 711 maxime
1058 687 1067 711 ε
1090 687 1174 725 quae
1191 673 1247 710 vis
1263 672 1349 710 effet
1369 673 1408 710 in
1429 672 1592 711 sensibus
1611 688 1619 711 :
1643 672 1974 726 quemadmodum

584 740 709 793 prima
741 738 815 776 visa
832 753 900 776 nos
931 738 1115 791 pellerent
1133 753 1142 776 ε
1174 738 1309 776 deinde
1327 739 1512 791 appetitio
1531 739 1578 776 ab
1597 737 1658 776 his
1677 739 1784 791 pulsa
1802 738 1974 790 sequere-

583 815 646 843 tur
663 820 672 843 :
696 814 780 842 tum
800 813 842 841 ut
854 803 978 841 sensus
994 803 1040 840 ad
1060 816 1116 840 res
1135 803 1396 855 percipiendas
1415 803 1713 842 intenderemus.
1735 805 1854 842 Mens
1869 803 1975 842 enim

583 871 674 924 ipsa,
710 883 795 922 quae
814 868 990 907 sensuum
1011 867 1096 907 fons
1116 869 1182 913 est,
1216 878 1332 921 atque
1351 869 1466 907 etiam
1487 868 1564 922 ipsa
1582 868 1706 907 sensus
1727 868 1792 914 est,
1820 878 1974 907 natura-

581 937 658 975 lem
679 937 761 974 vim
780 934 909 980 habet,
939 949 1058 987 quam
1077 934 1243 973 intendit
1262 935 1308 972 ad
1327 948 1382 979 ea,
1418 935 1559 987 quibus
1589 945 1780 973 movetur.
1840 935 1975 987 Itaque

582 1003 654 1041 alia
672 1002 747 1041 visa
766 1002 815 1039 fic
835 1001 981 1053 arripit,
1012 1010 1056 1039 ut
1085 1000 1146 1038 his
1166 1000 1291 1039 statim
1312 1010 1465 1039 utatur:
1497 1001 1625 1054 aliqua
1643 1000 1692 1039 fic
1721 1001 1895 1039 recondit
1909 1019 1922 1046 ,ς
1953 1013 1975 1038 e

581 1068 722 1120 quibus
743 1067 930 1105 memoria
946 1066 1067 1104 oritur
1084 1081 1093 1104 z
1116 1075 1249 1104 caetera
1267 1075 1395 1105 autem
1411 1066 1730 1105 similitudinibus
1745 1066 1943 1105 constituit
1958 1084 1970 1111 ;

582 1147 630 1172 ex
650 1134 791 1186 quibus
811 1133 1031 1171 efficiuntur
1049 1133 1195 1171 notitiae
1214 1147 1355 1177 rerum,
1383 1145 1475 1185 quas
1492 1133 1620 1171 Graeci
1640 1142 1725 1170 tum
1742 1130 1863 1178 ἑννοίας,
1886 1141 1973 1171 tum

579 1193 762 1253 πςοληψεις
780 1207 930 1237 vocant.
989 1200 1050 1237 Eo
1069 1213 1161 1237 cum
1180 1199 1327 1238 acceffit
1347 1200 1456 1244 ratio,
1484 1199 1780 1252 argumentique
1809 1199 1972 1238 conclu-

579 1265 644 1310 sio,
663 1278 867 1317 rerumque
887 1265 1230 1303 innumerabilium
1251 1265 1463 1305 multitudo
1479 1284 1490 1310 ς
1527 1274 1612 1303 tum
1633 1274 1672 1303 et
1691 1265 1885 1318 perceptio
1903 1278 1970 1304 eo-

580 1345 667 1369 rum
686 1331 865 1369 omnium
884 1340 1050 1383 apparet,
1064 1340 1103 1368 et
1121 1331 1253 1368 eadem
1274 1331 1368 1368 ratio
1387 1329 1555 1383 perfecta
1572 1329 1632 1369 his
1650 1331 1829 1382 gradibus
1850 1331 1896 1368 ad
1914 1330 1970 1369 sa-

576 1396 761 1448 pientiam
783 1395 966 1447 pervenit.

631 1461 695 1499 Ad
715 1473 841 1498 rerum
862 1460 979 1512 igitur
998 1460 1193 1499 scientiam
1213 1462 1377 1513 vitaeque
1405 1461 1656 1499 constantiam
1672 1460 1859 1514 aptiffima
1878 1475 1972 1501 cum

576 1527 620 1566 sit
654 1540 762 1566 mens
794 1525 978 1571 hominis,
1009 1527 1252 1579 ampledtitur
1271 1528 1439 1566 maxime
1464 1527 1726 1580 cognitionem
1745 1546 1756 1572 ς
1792 1537 1830 1566 et
1860 1528 1969 1567 istam

575 1585 790 1642 ,αι-σίληψιν,
821 1605 951 1644 quam,
988 1602 1029 1630 ut
1050 1593 1146 1637 dixi,
1180 1593 1341 1631 verbum
1370 1607 1391 1630 e
1421 1593 1537 1631 verbo
1556 1593 1829 1645 exprimentes,
1856 1607 1969 1632 com-

577 1653 864 1707 prehensionem
891 1653 1078 1698 dicemus,
1109 1667 1201 1692 cum
1222 1653 1340 1706 ipsam
1361 1667 1427 1706 per
1447 1653 1481 1691 se
1507 1663 1622 1698 amat,
1653 1653 1770 1705 (nihil
1791 1654 1843 1692 est
1863 1655 1970 1693 enim

576 1721 612 1758 ci
632 1720 797 1758 veritatis
818 1719 904 1757 luce
923 1719 1090 1771 dulcius)
1125 1729 1208 1758 tum
1228 1720 1344 1758 etiam
1365 1728 1517 1772 propter
1537 1719 1662 1758 usum.
1712 1720 1906 1771 roirca
1931 1730 1969 1759 et

577 1786 742 1824 sensibus
764 1785 898 1829 utitur,
927 1794 965 1822 et
985 1794 1080 1823 artes
1100 1786 1232 1831 efficit,
1254 1786 1356 1838 quasi
1388 1785 1512 1824 sensus
1532 1786 1691 1830 alteros;
1723 1795 1760 1823 et
1781 1786 1897 1838 usque
1924 1800 1970 1825 eo

577 1849 859 1904 philosophiam
888 1850 1005 1903 ipsam
1038 1851 1270 1896 corroborat,
1298 1861 1340 1890 ut
1360 1851 1543 1889 virtutem
1578 1851 1732 1896 efficiat,
1767 1865 1815 1890 ex
1835 1865 1910 1903 qua
1930 1865 1969 1890 re

577 1932 652 1957 una
672 1918 747 1956 vita
777 1917 905 1956 omnis
925 1926 1010 1970 apta
1035 1918 1092 1956 sit.
1152 1918 1257 1970 Ergo
1276 1916 1332 1962 hi,
1366 1917 1434 1970 qui
1454 1926 1594 1970 negant
1624 1917 1838 1970 quidquam
1867 1917 1970 1971 posse

576 1982 866 2036 comprehendi,
898 1981 978 2021 haec
1010 1983 1088 2036 ipsa
1105 1983 1273 2036 eripiunt
1295 1983 1352 2022 vel
1374 1983 1638 2027 instrumenta,
1667 1983 1725 2021 vel
1745 1994 1969 2022 ornamenta

576 2050 688 2094 vitae5
711 2049 768 2087 vcl
791 2049 917 2102 potius
938 2049 1053 2087 etiam
1075 2058 1196 2087 totam
1217 2051 1334 2088 vitam
1357 2058 1531 2087 evertunt
1551 2047 1742 2093 funditus,
1765 2049 1969 2103 ipsumque

575 2115 715 2154 animal
750 2115 885 2154 orbant
918 2115 1048 2153 animo
1066 2129 1074 2153 :
1108 2124 1149 2153 ut
1169 2115 1325 2154 difficile
1346 2115 1389 2153 sit
1410 2115 1456 2153 de
1477 2115 1690 2154 temeritate
1709 2128 1857 2160 eorum,
1879 2129 1966 2168 per-

575 2182 663 2220 inde
686 2191 726 2219 ut
747 2180 854 2220 causa
873 2180 1048 2233 postulat,
1071 2181 1207 2220 dicere.
1736 2177 1739 2180 ⁴

630 2248 715 2286 Nec
747 2260 833 2284 vcro
866 2246 946 2284 satis
973 2247 1200 2285 constituere
1221 2247 1385 2301 poffum,
1408 2247 1510 2300 quod
1532 2248 1574 2286 sit
1593 2261 1726 2286 corum
1747 2247 1965 2293 consilium,

574 2324 637 2353 aut
658 2313 751 2366 quid
772 2313 904 2351 velint.
965 2313 1163 2352 Interdum
1184 2315 1288 2352 enim
1317 2328 1408 2352 cuni
1429 2313 1656 2353 adhibemus
1675 2314 1721 2352 ad
1740 2328 1803 2353 eos
1823 2316 1965 2353 oratio-

575 2393 662 2418 ncni
685 2378 904 2431 hujusmodi
921 2397 933 2423 5
965 2379 1002 2417 Si
1022 2392 1077 2423 ea.
1099 2393 1183 2431 qua·
1199 2379 1450 2433 disputentur,
1474 2394 1558 2418 vera
1577 2393 1653 2418 non
1673 2380 1757 2425 lint,
1776 2390 1860 2419 tum
1876 2394 1965 2420 om-

572 2445 636 2483 nia
656 2443 735 2482 sore
757 2445 925 2490 incerta;
956 2443 1181 2498 respondent
1199 2461 1207 2483 2
1241 2445 1349 2497 Qid
1368 2459 1459 2498 ergo
1480 2445 1577 2484 istud
1593 2446 1638 2484 ad
1657 2459 1722 2485 nos
1743 2446 1755 2484 ?
1777 2460 1871 2485 num
1891 2459 1963 2485 no·

570 2511 644 2550 stra
664 2511 778 2565 culpa
797 2512 847 2551 cst
866 2512 879 2551 ?
896 2521 1070 2552 naturam
1091 2511 1233 2558 accusa,
1255 2525 1338 2566 quae
1355 2512 1393 2551 in
1410 2511 1603 2567 profundo
1622 2513 1836 2559 veritatem,
1852 2522 1895 2553 ut
1912 2513 1966 2553 ait
