2330 2983
625 271 900 311 LIBER
957 269 1386 322 QUARTUS.
1625 281 1702 322 359

316 369 469 415 confici,
482 383 574 408 cum
594 367 727 408 contra
746 367 845 406 nihil
866 368 941 406 fine
961 368 1105 406 ratione
1125 369 1222 405 recte
1242 367 1324 405 fieri
1345 365 1456 420 poffit
1471 384 1484 412 3
1515 375 1593 411 aut,
1610 363 1704 405 clim

317 435 558 489 philosophia
578 448 625 473 ex
645 435 838 473 rationum
857 433 1060 471 collatione
1080 433 1238 477 constet,
1269 434 1314 471 ab
1345 447 1400 478 ea,
1430 432 1455 470 fi
1477 442 1514 470 et
1545 432 1637 471 boni
1666 441 1704 470 et

318 502 418 540 beati
437 501 614 540 volumus
640 499 723 546 effe,
755 498 884 538 omnia
912 498 1131 550 adjumenta
1161 507 1199 536 et
1231 498 1372 537 auxilia
1401 507 1575 551 petamus
1608 498 1705 537 bene

318 566 499 618 beateque
517 564 682 604 vivendi.

443 984 1601 1046 TUSCULANARUM

541 1206 1493 1290 QUAESTIONUM

480 1437 864 1477 LIBER
963 1435 1558 1489 QUINTUS.

366 1651 660 1689 VIRTUTEM
690 1659 757 1686 AD
791 1657 961 1685 BEATE
992 1657 1274 1684 VIVENDUM
1309 1658 1360 1685 SE
1393 1657 1514 1685 IPSA
1549 1657 1666 1684 ESSE

844 1723 1195 1750 CONTENTAM.

544 1944 859 1996 Disputationum
872 1962 884 1988 3
917 1956 995 1995 quo
1014 1943 1075 1980 die
1093 1942 1145 1979 est
1165 1955 1184 1979 a
1203 1942 1313 1980 nobis
1333 1955 1374 1979 ea
1394 1942 1439 1979 de
1459 1955 1511 1986 re,
1536 1956 1653 1994 quam
1672 1952 1716 1980 tu

543 2022 590 2047 ex
609 2009 791 2047 omnibus
811 2008 979 2046 maxime
993 2007 1143 2060 probas,
1157 2007 1406 2060 disputatum.
1440 2007 1591 2045 Placere
1611 2007 1716 2045 enim

329 2075 401 2114 tibi
430 2074 640 2114 admodum
670 2074 759 2113 senfi
790 2083 827 2112 et
859 2087 906 2112 ex
936 2087 982 2112 eo
1001 2073 1113 2118 libro,
1147 2086 1263 2125 quem
1284 2073 1329 2111 ad
1360 2087 1422 2111 me
1442 2073 1717 2111 accuratiffime

329 2140 516 2193 scripfisti‚
538 2150 575 2179 et
594 2154 641 2179 ex
660 2140 794 2178 multis
816 2139 1053 2178 sermonibus
1074 2139 1164 2183 tuis,
1189 2139 1372 2177 virtutem
1392 2139 1437 2177 ad
1458 2139 1564 2176 beate
1583 2139 1716 2176 viven-

331 2205 426 2243 dum
445 2205 480 2242 se
499 2205 577 2257 ipsa
594 2205 664 2243 esse
684 2213 918 2242 contentam.
941 2203 1059 2255 Qod
1079 2203 1144 2241 etfi
1164 2203 1320 2241 difficile
1337 2203 1389 2241 est
1408 2204 1584 2257 probatu,
1599 2217 1716 2255 prop-

331 2280 387 2308 ter
407 2280 486 2308 tam
506 2271 605 2308 varia
623 2280 660 2308 et
680 2279 758 2308 tam
778 2270 901 2308 multa
920 2278 1108 2308 tormenta
1123 2268 1285 2308 fortunae
1301 2289 1313 2315 5
1345 2270 1417 2308 tale
1437 2280 1562 2307 tamen
1582 2269 1647 2313 est,
1675 2278 1719 2306 ut

333 2335 604 2374 elaborandum
625 2335 682 2379 fit,
704 2349 780 2387 quo
800 2334 950 2373 facilius
970 2335 1164 2387 probetur.
1194 2334 1307 2373 Nihil
1329 2335 1381 2372 est
1400 2335 1502 2372 enim
1523 2333 1717 2377 omnium,

333 2415 417 2453 quae
437 2390 477 2438 in
511 2399 749 2453 philosophia
779 2402 995 2444 tractantur,
1026 2400 1129 2452 quod
1161 2400 1309 2453 gravius
1337 2397 1719 2450 magnificentiusque

334 2467 493 2505 dicatur.
526 2467 645 2510 Nam,
666 2479 756 2504 cum
776 2479 818 2504 ea
836 2466 943 2504 causa
962 2466 1159 2518 impulerit
1179 2479 1256 2509 eos,
1285 2466 1351 2517 qui
1372 2465 1487 2516 primi
1509 2464 1542 2501 se
1562 2463 1607 2501 acl
1627 2462 1718 2516 phi-

334 2531 516 2584 losophiae
547 2531 713 2569 studium
744 2532 1002 2575 contulerunt,
1035 2539 1092 2575 ut,
1122 2531 1303 2569 omnibus
1339 2529 1449 2567 rebus
1480 2527 1718 2581 posthabitis,

338 2606 436 2636 totos
467 2597 503 2636 se
532 2597 572 2636 in
602 2597 752 2651 optimo
782 2597 867 2638 vitae
886 2596 981 2637 statu
999 2595 1233 2648 exquirendo
1263 2594 1490 2634 collocarent
1505 2613 1518 2641 5
1548 2593 1720 2647 profecto

329 1889 362 1927 1,
383 1878 757 2032 QUINTUS
783 1875 848 1915 hic
869 1877 962 1922 dies,
984 1877 1114 1921 Brute,
1143 1876 1258 1914 finem
1278 1875 1392 1914 faciet
1411 1875 1717 1915 Tusculanarum
