2330 2983
622 196 898 237 LIBER
955 196 1390 250 QUINTUS.
1631 213 1707 255 213

308 301 462 340 virtutis
483 299 585 353 quafi
606 313 760 339 carmen
781 300 961 339 efficitur.
990 300 1098 339 Nam
1114 313 1207 339 cum
1227 301 1280 339 ita
1298 301 1378 340 nati
1392 300 1558 354 factique
1577 302 1710 349 fimus,

309 377 354 406 ut
372 376 410 405 et
438 365 576 419 agendi
595 365 756 417 aliquid,
777 374 814 403 et
844 365 1030 417 diligendi
1053 366 1217 417 aliquos,
1245 375 1284 404 et
1302 366 1555 413 liberalitatis,
1586 378 1622 406 et
1651 383 1711 407 re-

307 432 471 470 ferendae
489 431 618 484 gratiae
638 431 827 483 principia
853 431 894 467 in
924 430 1034 468 nobis
1057 431 1357 476 contineremus,
1388 442 1503 485 atque
1522 434 1568 471 ad
1586 434 1710 472 scien-

310 499 419 542 tiam,
450 497 710 550 prudentiam,
746 495 1096 549 fortitudinemque
1121 505 1228 549 aptos
1249 497 1399 536 animos
1429 497 1670 544 haberemus,
1692 513 1713 536 a

309 563 582 616 contrariisque
602 563 713 601 rebus
728 562 895 607 alienos5
918 576 996 600 non
1017 562 1094 600 fine
1111 563 1219 601 causa
1233 576 1307 608 eas,
1324 577 1416 616 quas
1439 565 1534 610 dixi,
1553 566 1592 603 in
1614 579 1711 617 pue-

309 631 359 668 ris
382 630 570 667 virtutum
589 629 693 682 quafi
714 627 939 666 scintillulas
966 628 1157 673 videmus,
1192 642 1212 665 e
1232 629 1374 681 quibus
1405 631 1560 668 accendi
1579 629 1712 684 philo-

309 695 418 749 sophi
439 696 536 734 ratio
565 695 693 740 debet,
728 703 772 732 ut
792 708 891 739 eam,
924 692 1027 747 quasi
1048 695 1195 739 Deum,
1231 694 1372 733 ducem
1394 696 1635 748 subsequens,
1666 697 1713 735 ad

310 772 452 800 naturae
472 761 666 814 perveniat
684 770 918 799 extremum.
950 760 1073 805 Nam,
1105 770 1148 798 ut
1168 761 1262 813 saepe
1277 761 1359 813 jam
1379 761 1474 806 dixi,
1497 762 1538 799 in
1558 762 1714 801 infirma

312 838 419 867 aetate
453 827 728 880 imbecillaque
757 837 887 865 mente
919 827 978 865 vis
1010 836 1152 865 naturae
1186 840 1254 879 per
1284 828 1491 880 caliginem
1525 829 1709 868 cernitur.

312 896 417 933 Cum
433 903 560 931 autem
576 892 821 945 progrediens
836 891 1088 930 confirmatur
1103 893 1270 937 animus,
1287 893 1458 945 agnoscit
1472 893 1538 931 ille
1553 894 1715 946 quidem

310 969 454 998 naturae
472 960 566 1004 vim,
599 959 661 997 sed
681 959 748 1004 ita,
779 968 823 997 ut
842 959 1021 1012 progredi
1041 959 1154 1011 poffit
1172 959 1341 1012 longius,
1373 973 1440 1012 per
1462 960 1497 997 se
1517 959 1561 998 fit
1581 969 1714 1000 tamen

311 1024 502 1063 inchoata.

364 1091 477 1129 XIV.
500 1089 728 1128 Intrandum
748 1089 801 1127 est
821 1089 941 1142 igitur
959 1089 999 1127 in
1015 1102 1143 1127 rerum
1164 1099 1353 1135 naturam,
1374 1098 1412 1128 et
1432 1091 1601 1143 penitus,
1619 1091 1716 1144 quid

308 1171 351 1195 ea
365 1156 542 1210 postulet,
562 1155 856 1209 pervidendum.
879 1155 1007 1193 Aliter
1021 1156 1126 1194 enim
1144 1156 1394 1209 nosmetipsos
1412 1157 1513 1195 noffe
1530 1171 1606 1195 non
1625 1158 1714 1210 pos-

309 1219 454 1259 sumus.
498 1217 617 1269 Qod
646 1226 882 1270 praeceptum
903 1217 993 1269 quia
1024 1218 1146 1268 majus
1170 1228 1248 1255 erat
1278 1231 1396 1270 quam
1414 1228 1457 1255 ut
1486 1219 1533 1256 ab
1553 1218 1716 1257 homine

307 1284 512 1328 videretur,
544 1284 689 1322 idcirco
719 1283 947 1335 affignatum
967 1283 1020 1320 est
1036 1284 1135 1322 Deo.
1182 1284 1302 1334 Jubet
1322 1284 1441 1336 igitur
1461 1298 1528 1323 nos
1550 1284 1714 1336 Pythius

309 1350 455 1403 Apollo
485 1351 620 1403 noscere
649 1349 878 1401 nqfinetrpſss.
930 1349 1117 1401 Cognitio
1138 1361 1265 1387 autem
1288 1349 1370 1387 haec
1389 1349 1443 1387 est
1462 1363 1549 1395 una,
1572 1359 1614 1388 ut
1634 1351 1717 1390 vim

310 1415 427 1454 nostri
447 1415 618 1468 corporis
639 1415 837 1467 animique
858 1415 1046 1459 norimus,
1067 1415 1349 1468 sequamurque
1369 1429 1452 1453 eam
1475 1417 1608 1461 vitam,
1630 1431 1717 1469 quae

311 1483 424 1522 rebus
445 1483 531 1536 ipsis
552 1481 780 1535 perfruatur.
804 1482 1004 1533 Qoniam
1025 1491 1153 1519 autem
1172 1482 1203 1519 is
1223 1482 1343 1520 animi
1363 1482 1553 1534 appetitus
1567 1496 1587 1520 a
1606 1484 1716 1535 prin-

310 1550 416 1602 cipio
434 1548 524 1592 fuit,
558 1557 601 1585 ut
619 1561 675 1592 ea,
707 1561 793 1599 quae
812 1547 908 1592 dixi,
927 1560 1046 1599 quam
1067 1546 1334 1600 perfectissima
1353 1561 1374 1585 a
1392 1557 1525 1586 natura
1552 1547 1715 1588 habere-

309 1629 397 1654 mus
412 1634 423 1660 ;
454 1614 721 1653 confitendum
743 1613 809 1658 est,
830 1627 922 1652 cum
942 1614 982 1651 id
1001 1613 1130 1667 adepti
1150 1613 1281 1659 fimus,
1299 1615 1404 1667 quod
1420 1615 1636 1667 appetitum
1656 1616 1717 1662 fit,

311 1682 352 1720 in
372 1680 542 1734 eo‘quasi
561 1680 703 1718 ultimo
719 1679 915 1718 consistere
936 1689 1125 1724 naturam,
1143 1689 1258 1732 atque
1278 1681 1316 1718 id
1337 1680 1406 1718 effe
1421 1680 1620 1719 summum
1643 1682 1717 1720 bo-

308 1762 406 1786 num
423 1763 431 1785 :
464 1747 567 1799 quod
588 1756 689 1785 certe
710 1746 928 1784 universum
948 1745 1011 1784 sua
1031 1746 1164 1798 sponte
1184 1746 1309 1798 ipsum
1330 1747 1472 1799 expeti,
1501 1756 1539 1785 et
1558 1757 1718 1800 propter

310 1814 360 1858 se,
387 1812 528 1851 neceffe
559 1812 625 1857 est,
657 1812 845 1864 quoniam
878 1822 964 1850 ante
985 1811 1286 1850 demonstratum
1312 1812 1381 1858 est,
1413 1813 1532 1851 etiam
1551 1813 1717 1866 fingulas

310 1880 390 1931 ejus
411 1887 534 1931 partes
556 1877 627 1916 effe
647 1891 714 1930 per
733 1877 769 1915 se
787 1877 1031 1929 expetendas.

368 1945 414 1982 In
448 1943 715 1981 enumerandis
742 1953 871 1981 autem
897 1943 1066 1996 corporis
1093 1943 1311 1982 commodis
1332 1943 1358 1982 fi
1380 1943 1468 1997 quis
1487 1944 1718 1997 praetermis-

312 2010 390 2048 fam
411 2023 430 2047 a
449 2010 560 2048 nobis
581 2009 821 2062 voluptatem
848 2010 1015 2062 putabit,
1047 2010 1086 2047 in
1117 2009 1222 2048 aliud
1246 2019 1398 2063 tempus
1423 2010 1580 2063 quaestio
1600 2010 1716 2049 diffe-

313 2086 429 2115 ratur.
476 2077 622 2114 Utrum
643 2076 749 2114 enim
770 2076 814 2114 fit
832 2076 1006 2129 voluptas
1027 2075 1066 2114 in
1088 2076 1134 2114 iis
1155 2076 1281 2122 rebus,
1303 2090 1396 2129 quas
1416 2077 1559 2130 primas
1579 2077 1717 2115 secun-

312 2143 407 2180 dum
429 2152 602 2180 naturam
623 2141 693 2180 effe
712 2142 898 2188 diximus,
921 2155 1041 2180 necne
1062 2142 1120 2187 sit,
1141 2142 1188 2180 ad
1218 2142 1271 2188 id,
1292 2143 1397 2195 quod
1422 2143 1588 2196 agimus,
1615 2142 1722 2181 nihil

313 2208 479 2246 interest.
513 2209 550 2246 Si
569 2208 675 2245 enim
706 2209 768 2259 (ut
788 2208 888 2246 mihi
909 2208 1067 2261 quidem
1084 2209 1251 2261 videtur)
1281 2223 1358 2247 non
1379 2210 1508 2263 explet
1527 2209 1626 2247 bona
1645 2222 1715 2246 na-

314 2283 409 2312 turae
428 2274 617 2327 volupta5‚
644 2275 731 2325 jure
751 2274 993 2328 praetermissa
1012 2275 1078 2314 est.
1125 2275 1190 2313 Sin
1209 2275 1262 2314 est
1281 2276 1322 2314 in
1343 2289 1398 2321 ea,
1423 2275 1529 2328 quod
1554 2275 1720 2326 quidam

312 2339 464 2385 volunt,
500 2339 600 2378 nihil
632 2340 797 2393 impedit
831 2341 994 2380 nostram
1026 2340 1126 2380 hanc
1158 2340 1538 2395 comprehensionem
1572 2339 1718 2378 summi

315 2406 423 2444 boni.
461 2406 559 2458 Qae
579 2407 683 2445 enim
703 2407 908 2446 constituta
930 2407 1015 2445 sunt
1036 2409 1162 2461 prima
1181 2417 1336 2452 naturae,
1369 2407 1415 2444 ad
1431 2420 1473 2444 ea
1492 2407 1518 2444 fi
1539 2405 1716 2458 voluptas

314 2471 518 2517 accesserit,
554 2487 677 2511 unum
696 2474 851 2527 aliquod
871 2474 1063 2513 accefferit
1088 2475 1344 2513 commodum
1375 2473 1559 2526 corporis,
1591 2484 1718 2524 neque

314 2551 400 2578 eam
419 2540 736 2579 constitutionem
756 2540 900 2580 summi
919 2541 1027 2587 boni,
1049 2555 1134 2594 quae
1154 2540 1207 2579 est
1227 2539 1432 2594 proposita,
1446 2538 1677 2579 mutaverit.
