2330 2983
616 233 664 284 58
934 227 1686 269 M.T.CICERONIS

614 327 692 364 ita:
724 339 944 377 quanquam
975 340 996 363 a
1025 326 1260 370 Polemonis,
1290 334 1329 362 et
1358 323 1715 377 Peripateticorum,
1744 329 1783 360 et
1816 319 2007 360 Antiochi

613 391 756 429 finibus
777 403 852 427 non
873 389 984 428 facile
1004 391 1165 429 divellor
1180 409 1193 435 5
1215 403 1337 442 neque
1354 389 1567 442 quidquam
1582 387 1705 426 habeo
1720 385 1846 425 adhuc
1865 385 2004 439 proba-

613 457 743 494 bilius.
775 456 1035 494 Veruntamen
1055 457 1178 502 video,
1208 469 1325 508 quam
1343 455 1503 493 suaviter
1527 455 1702 507 voluptas
1722 453 1887 491 senfibus
1916 451 2005 490 nos-

613 521 680 558 tris
701 520 929 559 blandiatur.
962 522 1103 566 Labor,
1125 531 1168 559 ut
1187 521 1355 559 affentiar
1376 521 1560 573 Epicuro,
1581 529 1646 557 aut
1665 518 1873 570 Aristippo.
1923 517 2003 554 Re-

613 596 723 625 vocat
742 587 861 624 virtus
877 605 890 632 3
921 588 979 625 vel
1000 585 1127 639 potius
1151 585 1392 638 reprehendit
1412 599 1529 624 manu
1547 600 1555 623 ε
1588 584 1782 637 pecudum
1808 582 1894 621 illos
1916 595 2004 620 mo-

613 661 676 690 tus
695 652 765 690 effe
785 651 879 690 dicit
896 667 906 690 2
937 651 1137 690 hominem
1152 652 1285 704 jungit
1316 652 1414 689 Deo.
1475 650 1629 689 Poffum
1649 649 1719 688 effe
1739 648 1913 687 medius:
1945 655 2009 691 ut,

613 718 798 769 quoniam
828 718 1058 770 Aristippus,
1089 717 1192 769 quafi
1221 718 1396 754 animum
1430 716 1585 754 nullum
1614 714 1835 758 habeamus,
1865 725 2007 765 corpus

613 782 736 820 solum
758 792 910 826 tuetur;
944 784 1066 826 Zeno,
1088 783 1190 833 quafi
1213 782 1381 834 corporis
1401 781 1515 819 fimus
1535 789 1721 832 expertes,
1747 779 1924 817 animum
1942 777 2005 815 so-

612 847 695 884 lum
716 847 1010 900 complecititum
1045 855 1088 884 ut
1108 845 1398 899 Calliphontem
1419 845 1562 897 sequar,
1592 845 1701 896 cujus
1732 843 1892 895 quidem
1918 842 2004 880 sen-

612 913 770 950 tentiam
791 911 998 951 Carneades
1019 912 1072 950 ita
1090 911 1250 949 studiose
1269 910 1528 954 defensitabat,
1550 920 1594 947 ut
1607 923 1692 947 eam
1711 908 1868 961 probare
1886 907 2005 945 etiam

613 977 826 1022 videretur:
849 990 1069 1029 quanquam
1084 975 1351 1014 Clitomachus
1370 975 1595 1019 affirmabat,
1612 986 1811 1026 nunquam
1831 972 1866 1010 se
1886 971 2004 1009 intel-

612 1042 727 1095 ligere
747 1042 920 1095 potuiffe,
956 1042 1049 1094 quid
1070 1042 1251 1080 Carneadi
1284 1041 1518 1094 probaretur.
1579 1039 1649 1078 Sed
1675 1039 1700 1077 fi
1730 1038 1856 1092 ipsum
1883 1037 2005 1075 finem

611 1108 729 1146 velim
749 1109 869 1160 sequi,
900 1121 1026 1146 nonne
1057 1107 1134 1160 ipsa
1166 1108 1314 1151 veritas,
1344 1117 1382 1144 et
1412 1107 1547 1158 gravis,
1579 1115 1616 1143 et
1645 1106 1745 1143 reeta
1774 1104 1869 1142 ratio
1902 1101 2003 1141 mihi

612 1174 859 1212 obversetur?
890 1177 970 1219 Tu,
991 1187 1082 1211 cum
1117 1173 1288 1212 honestas
1320 1174 1361 1211 in
1382 1172 1577 1224 voluptate
1605 1170 1886 1210 contemnenda
1905 1183 2002 1207 con-

610 1240 721 1285 sistat,
742 1240 975 1278 honestatem
994 1253 1086 1278 cum
1103 1239 1311 1292 voluptate,
1328 1249 1510 1291 tanquam
1530 1237 1732 1277 hominem
1749 1250 1841 1275 cum
1859 1235 2003 1280 bellua,

609 1307 808 1358 copulabis
823 1308 836 1343 ?

654 1371 804 1410 XLVI.
826 1372 964 1410 Unum
983 1371 1102 1424 igitur
1117 1385 1196 1424 par,
1215 1371 1320 1424 quod
1338 1371 1544 1424 depugnet,
1566 1370 1760 1421 reliquum
1775 1368 1842 1414 est,
1861 1368 2002 1420 volup-

608 1448 664 1477 tas
684 1452 776 1476 cum
795 1437 986 1476 honestate
1004 1452 1013 1475 ε
1045 1438 1092 1475 de
1111 1451 1189 1490 quo
1216 1436 1430 1489 Chryfippo
1449 1435 1540 1481 fuit,
1566 1444 1755 1488 quantum
1775 1447 1847 1487 ego
1866 1433 2003 1479 sentio,

609 1517 688 1542 non
707 1515 846 1555 magna
864 1502 1073 1541 contentio.
1096 1502 1277 1540 Alterum
1297 1502 1322 1539 Γ]
1339 1502 1503 1553 sequare,
1525 1500 1648 1538 multa
1668 1509 1798 1544 ruunt,
1815 1508 1853 1537 et
1873 1498 2001 1537 maxi-

609 1583 672 1608 me
691 1569 951 1606 communitas
969 1581 1060 1606 cum
1080 1567 1288 1620 hominum
1305 1581 1455 1619 genere,
1477 1567 1624 1610 caritas,
1645 1565 1829 1610 amicitia,
1839 1564 2004 1617 justitia,

608 1634 764 1686 reliquae
797 1633 953 1670 virtutes
970 1650 982 1677 ;
1019 1646 1180 1684 quarum
1211 1631 1282 1670 csse
1313 1631 1418 1670 nulla
1450 1631 1586 1684 potest,
1620 1631 1689 1668 nifi
1718 1630 1789 1668 erit
1821 1630 1999 1681 gratuita.

608 1699 714 1738 Nam
736 1712 820 1750 quae
840 1697 1048 1750 voluptate,
1073 1697 1174 1750 quafi
1196 1697 1369 1735 mercede
1389 1697 1530 1748 aliqua,
1560 1695 1606 1734 ad
1625 1694 1800 1733 officium
1826 1694 1999 1747 impelli-

609 1775 685 1809 tur,
720 1778 761 1802 ea
786 1778 863 1802 non
896 1763 947 1801 est
968 1763 1102 1807 virtus,
1124 1763 1185 1801 sed
1211 1762 1326 1801 fallax
1348 1762 1513 1801 imitatio
1533 1761 1798 1813 simulatioque
1832 1760 1999 1798 virtutis.

607 1830 713 1869 Audi
733 1829 865 1868 contra
884 1829 986 1874 illos,
1007 1829 1075 1880 qui
1095 1842 1235 1867 nomen
1263 1827 1466 1866 honestatis
1488 1841 1507 1865 a
1527 1827 1563 1865 se
1589 1841 1635 1865 ne
1656 1826 1821 1879 intelligi
1842 1825 1999 1878 quidem

607 1896 749 1940 dicant,
772 1895 839 1933 nisi
859 1893 956 1933 forte
973 1895 1077 1947 quod
1096 1893 1305 1947 gloriosum
1326 1894 1370 1932 fit
1390 1894 1429 1931 in
1450 1894 1603 1946 vulgus,
1624 1893 1663 1931 id
1683 1891 1887 1931 honestum
1902 1892 1999 1930 veli-

609 1975 696 2000 mus
731 1961 876 1999 dicere:
908 1959 1058 1998 fontem
1092 1960 1272 1998 omnium
1303 1960 1495 1997 bonorum
1527 1960 1566 1996 in
1594 1972 1751 2011 corpore
1771 1957 1868 1995 ess‘e:
1900 1956 1999 1996 hanc

607 2041 797 2071 normam,
819 2025 917 2064 hanc
939 2026 1122 2078 regulam,
1144 2024 1242 2064 hanc
1257 2025 1577 2078 praescriptionem
1590 2023 1661 2062 esse
1680 2033 1848 2067 naturam
1880 2036 1900 2060 a
1925 2036 2001 2075 qua.

608 2094 676 2146 qui
708 2091 953 2136 aberraviss‘et,
995 2105 1085 2130 eum
1111 2105 1324 2144 nunquam,
1346 2091 1439 2144 quid
1460 2091 1499 2128 in
1520 2091 1596 2128 vita
1627 2089 1855 2142 sequeretur,
1886 2087 1999 2127 habi-

603 2170 748 2198 turum.

663 2223 778 2264 Nihil
816 2224 933 2276 igitur
968 2237 1030 2261 me
1059 2223 1216 2276 putam,
1247 2222 1327 2260 hacc
1347 2231 1383 2260 et
1416 2223 1485 2260 alia
1506 2221 1799 2260 innumerabilia
1818 2235 1909 2258 cum
1932 2234 1998 2258 au·

606 2291 724 2335 diam,
740 2291 882 2328 moveri
900 2291 911 2326 ?
935 2291 1035 2327 Tam
1057 2303 1224 2333 moveor,
1240 2302 1355 2341 quam
1374 2299 1429 2332 tu,
1446 2288 1633 2332 Luculle,
1657 2301 1778 2340 neque
1792 2300 1853 2325 mc
1870 2287 1998 2324 minus

607 2357 823 2401 hominem,
846 2370 960 2410 quam
984 2366 1032 2399 tc,
1071 2356 1271 2408 putaveris.
1295 2353 1468 2393 Tantum
1493 2354 1655 2398 interest,
1688 2353 1793 2406 quod
1814 2363 1871 2398 ut,
1905 2365 1998 2390 cum

606 2437 645 2460 es
664 2432 898 2466 commotus,
925 2421 1143 2473 acquiescis,
1171 2419 1365 2465 assentiris,
1393 2420 1576 2473 approbas
1595 2438 1605 2464 3
1628 2433 1760 2458 verum
1783 2418 1892 2463 illud,
1914 2431 1996 2455 cer-

607 2498 707 2532 tum,
729 2487 1060 2540 comprehensum,
1091 2497 1329 2540 perceptum,
1364 2496 1502 2530 ratum,
1534 2485 1705 2529 firmum,
1737 2484 1859 2523 fixum
1891 2482 1998 2521 fuisse

607 2553 690 2600 vis,
722 2554 842 2605 deque
877 2568 921 2592 co
956 2554 1059 2592 nulla
1094 2554 1235 2592 ratione
1258 2567 1378 2605 neque
1400 2552 1504 2605 pelli,
1537 2565 1659 2604 neque
1692 2550 1834 2590 moveri
1855 2558 1994 2604 potes:
