2330 2983
787 171 1064 211 LIBER
1122 170 1555 223 QUINTUS.
1796 173 1867 227 381

530 272 622 323 Qo
649 270 803 309 tandem
823 270 944 322 igitur
968 270 1109 323 gaudio
1129 269 1229 308 affici
1249 270 1392 308 neceffe
1410 271 1462 309 est
1481 271 1657 324 sapientis
1677 272 1868 318 animum,

474 350 568 375 cum
594 336 654 376 his
681 335 919 374 habitantem
945 338 1310 389 pernoctantemque
1339 337 1472 375 curis?
1522 339 1592 383 Ut,
1625 352 1718 377 cum
1750 340 1868 378 totius

475 403 614 441 mundi
633 411 763 440 motus
783 401 1117 453 converslonesque
1133 401 1378 454 perspexerit,
1393 403 1584 457 sideraque
1599 405 1735 444 viderit
1752 406 1870 443 innu-

474 467 674 506 merabilia
692 467 786 506 caelo
805 466 1027 505 inhaerentia
1046 480 1138 504 cum
1159 467 1239 518 ejus
1260 467 1374 519 ipsius
1397 479 1506 506 motu
1527 483 1734 523 congruere
1757 472 1870 510 certis

472 533 591 571 infixa
610 532 783 576 sedibus;
817 533 960 585 septem
991 531 1064 569 alia
1084 532 1168 570 suos
1188 545 1350 584 quaeque
1376 542 1502 571 tenere
1521 535 1666 581 cursus,
1697 538 1870 576 multum

474 599 573 637 inter
592 598 629 637 se
647 608 714 636 aut
732 599 934 637 altitudine
953 607 1018 636 aut
1035 596 1256 636 humilitate
1276 598 1462 644 distantia,
1492 613 1658 653 quorum
1679 604 1763 655 vagi
1784 617 1871 641 mo-

473 673 535 703 tus
556 674 634 703 rata
654 674 782 703 tamen
803 674 841 702 et
861 674 964 702 certa
982 664 1038 702 sui
1058 665 1186 703 cursus
1202 664 1319 717 spatia
1338 666 1550 704 definiant?
1572 668 1730 706 Horum
1751 669 1871 707 nimi—

473 745 561 770 rum
581 731 748 784 aspectus
770 731 930 784 impulit
949 730 1035 769 illos
1056 740 1198 769 veteres
1223 741 1261 769 et
1281 732 1497 778 admonuit,
1529 742 1572 771 ut
1591 734 1701 787 plura
1723 748 1871 787 quaere-

474 806 572 835 rent.
624 797 719 835 Inde
737 797 789 835 est
820 797 1013 849 indagatio
1039 807 1125 835 nata
1150 798 1352 837 initiorum
1382 807 1421 836 et
1449 808 1632 851 tanquam
1664 800 1870 846 seminum,

473 864 574 900 unde
603 863 718 902 efl‘ent
748 864 879 904 omnia
911 872 1006 908 orta,
1043 873 1230 915 generata,
1265 875 1443 903 concreta
1454 883 1466 910 3
1503 879 1666 918 quaeque
1685 867 1869 919 cujusque

473 930 623 981 generis
662 929 722 966 vel
759 929 938 974 inanimi,
977 929 1036 966 vel
1073 930 1294 975 animantis,
1334 931 1393 969 vel
1427 932 1542 976 muti,
1580 932 1640 970 vel
1679 933 1872 986 loquentis

472 994 596 1045 origo,
627 1007 712 1045 quae
733 995 824 1039 vita,
855 994 923 1046 qui
940 994 1137 1040 interitus,
1170 1007 1331 1048 quaeque
1362 1010 1410 1034 ex
1440 996 1514 1034 alio
1540 997 1580 1034 in
1608 998 1711 1035 aliud
1730 999 1872 1036 viciffi-

470 1059 567 1097 tudo
587 1069 703 1112 atque
722 1060 911 1098 mutatio:
944 1059 1045 1097 unde
1071 1070 1179 1105 terra,
1207 1070 1245 1098 et
1274 1061 1417 1113 quibus
1451 1061 1589 1099 librata
1607 1064 1869 1115 ponderibus:

473 1126 614 1179 quibus
647 1127 817 1164 cavernis
847 1126 967 1164 maria
986 1125 1238 1164 sustineantur
1256 1142 1265 1165 :
1307 1141 1382 1179 qua
1400 1128 1532 1166 omnia
1551 1129 1672 1167 delata
1691 1131 1873 1181 gravitate

470 1193 647 1231 medium
667 1192 805 1231 mundi
822 1191 955 1230 locum
977 1191 1123 1245 semper
1143 1202 1337 1245 expetant,
1367 1194 1435 1246 qui
1454 1194 1507 1232 est
1525 1195 1631 1233 idem
1651 1196 1810 1235 infimus
1830 1197 1872 1235 in

471 1258 654 1298 rotundo.

537 1325 668 1363 XXV.
701 1325 799 1362 Haec
821 1323 994 1362 tractanti
1013 1324 1158 1369 animo,
1179 1334 1217 1363 et
1233 1326 1361 1363 noctes
1381 1335 1420 1364 et
1440 1326 1519 1364 dies
1539 1327 1726 1379 cogitanti
1746 1328 1873 1367 existit

473 1390 540 1429 illa
559 1403 579 1428 a
599 1390 686 1428 Deo
707 1388 873 1442 Delphis
893 1400 1080 1442 praecepta
1106 1391 1293 1444 cognitio,
1329 1400 1372 1429 ut
1392 1391 1471 1444 ipsa
1490 1392 1526 1430 se
1544 1406 1654 1431 mens
1681 1394 1871 1446 agnoscat,

473 1457 799 1508 conjunctamque
829 1468 921 1493 cum
951 1455 1080 1493 divina
1107 1466 1237 1494 mente
1259 1456 1293 1494 se
1311 1455 1445 1494 sentiat
1457 1475 1470 1501 ς
1502 1471 1549 1494 ex
1570 1472 1649 1509 quo
1669 1459 1872 1497 insatiabili

471 1522 613 1574 gaudio
633 1521 884 1573 compleatur.
927 1520 1011 1572 Ipsa
1029 1521 1133 1558 enirn
1154 1522 1338 1574 cogitatio
1358 1522 1404 1559 de
1424 1521 1461 1559 vi
1483 1531 1520 1560 et
1547 1532 1677 1561 natura
1696 1525 1872 1564 Deorum

471 1586 643 1625 studium
663 1585 835 1624 incendit
855 1584 960 1623 illius
981 1586 1199 1624 aeternitatis
1219 1587 1440 1632 imitandae,
1476 1600 1600 1639 neque
1620 1589 1656 1626 se
1682 1590 1721 1628 in
1743 1590 1871 1628 brevi-

472 1661 549 1690 tate
569 1652 655 1690 vitae
674 1651 901 1690 collocatam
929 1660 1052 1704 putat,
1087 1666 1179 1690 cum
1201 1666 1329 1690 rerum
1350 1653 1491 1698 causas,
1524 1653 1612 1692 alias
1633 1668 1679 1693 ex
1700 1656 1782 1694 aliis
1803 1670 1871 1709 ap-

471 1727 527 1757 tas
547 1727 585 1756 et
605 1716 819 1756 neceffitate
838 1730 966 1761 nexas,
986 1717 1104 1754 videt.
1149 1718 1305 1768 Qibus
1327 1718 1373 1755 ab
1394 1727 1534 1756 aeterno
1555 1727 1727 1772 tempore
1745 1721 1870 1760 fluen-

472 1785 577 1824 tibus
598 1784 639 1821 in
660 1793 847 1821 aeternum
877 1783 972 1820 ratio
993 1791 1135 1827 tamen,
1172 1783 1353 1835 mensque
1375 1784 1606 1822 moderatur.

527 1850 626 1887 Haec
653 1848 718 1886 ille
745 1848 897 1885 intuens
928 1857 1043 1899 atque
1074 1848 1291 1901 suspiciens,
1327 1849 1385 1886 vel
1417 1850 1545 1902 potius
1576 1864 1711 1889 omnes
1746 1862 1868 1905 partes

473 1914 630 1968 orasque
646 1913 972 1965 circumspiciens,
995 1923 1136 1965 quanta
1152 1913 1276 1951 rursus
1297 1914 1417 1952 animi
1439 1916 1713 1967 tranquillitate
1728 1917 1869 1955 huma-

471 1993 521 2019 na
549 1990 587 2018 et
617 1980 792 2017 citeriora
822 1979 1058 2017 confiderat?
1106 1981 1215 2018 Hinc
1247 1980 1312 2018 illa
1341 1981 1514 2033 cognitio
1535 1982 1687 2021 virtutis
1714 1983 1865 2022 existit:

471 2045 716 2084 efflorescunt
751 2058 904 2097 genera,
943 2045 1139 2098 partesque
1174 2046 1362 2084 virtutum
1381 2062 1390 2084 ε
1431 2047 1638 2093 invenitur,
1678 2049 1772 2100 quid
1810 2050 1868 2094 fit,

471 2112 577 2165 quod
598 2120 729 2148 natura
744 2111 886 2162 spectet
905 2120 1123 2149 extremum
1143 2112 1182 2149 in
1205 2112 1330 2157 bonis,
1348 2112 1453 2164 quod
1473 2113 1512 2151 in
1534 2114 1645 2152 malis
1667 2115 1866 2159 ultimum,

472 2190 552 2230 quo
571 2175 765 2215 referenda
785 2176 856 2214 fint
881 2176 1020 2222 officia,
1056 2191 1142 2229 quae
1172 2177 1351 2230 degendae
1380 2180 1498 2217 aetatis
1528 2181 1623 2218 ratio
1653 2180 1865 2232 deligenda.

475 2242 630 2294 Qibus
663 2250 700 2279 et
735 2241 873 2280 talibus
908 2242 1020 2280 rebus
1054 2243 1249 2294 exquisitis
1284 2242 1359 2282 hoc
1394 2244 1451 2282 vel
1488 2246 1655 2283 maxime
1688 2245 1866 2290 efficitur,

474 2308 580 2360 quod
610 2306 681 2344 hac
709 2307 964 2359 disputatione
993 2309 1158 2362 agimus,
1190 2319 1232 2348 ut
1251 2310 1371 2349 virtus
1397 2311 1443 2348 ad
1469 2310 1575 2348 beate
1596 2310 1802 2348 vivendum
1823 2312 1868 2349 fit

475 2373 511 2411 se
530 2372 607 2425 ipsa
627 2382 818 2411 contenta.

522 2439 701 2491 Sequitur
722 2440 842 2485 tertia,
873 2454 956 2492 quae
976 2454 1041 2493 per
1060 2455 1194 2479 omnes
1216 2451 1338 2494 partes
1359 2441 1549 2493 sapientiae
1569 2450 1697 2478 manat
1716 2451 1752 2479 et
1772 2441 1866 2480 fun-

473 2505 592 2550 ditur,
632 2518 717 2558 quae
751 2518 834 2544 rem
867 2505 1015 2551 definit,
1054 2520 1192 2559 genera
1224 2505 1409 2559 dispartit,
1447 2505 1642 2559 sequentia
1675 2506 1865 2560 adjungit,
