<?xml version="1.0" encoding="UTF-8"?>
<!DOCTYPE html PUBLIC "-//W3C//DTD XHTML 1.0 Transitional//EN"
    "http://www.w3.org/TR/xhtml1/DTD/xhtml1-transitional.dtd">
<html xmlns="http://www.w3.org/1999/xhtml" xml:lang="en" lang="en">
 <head>
  <title>
</title>
<meta http-equiv="Content-Type" content="text/html;charset=utf-8" />
  <meta name='ocr-system' content='tesseract 3.04.00' />
  <meta name='ocr-capabilities' content='ocr_page ocr_carea ocr_par ocr_line ocrx_word'/>
</head>
<body>
  <div class='ocr_page' id='page_1' title='image "./operacumindicibu02ciceuoft_0034.png"; bbox 0 0 2330 2983; ppageno 0'>
   <div class='ocr_carea' id='block_1_1' title="bbox 616 259 1685 299">
    <p class='ocr_par' dir='ltr' id='par_1_1' title="bbox 616 259 1685 299">
     <span class='ocr_line' id='line_1_1' title="bbox 616 259 1685 299; baseline -0.001 0"><span class='ocrx_word' id='word_1_1' title='bbox 616 260 664 299; x_wconf 89' lang='lat'>28</span> <span class='ocrx_word' id='word_1_2' title='bbox 931 259 994 297; x_wconf 94' lang='grc' dir='ltr'>Μ.</span> <span class='ocrx_word' id='word_1_3' title='bbox 1053 259 1685 298; x_wconf 90' lang='lat' dir='ltr'><strong>T.CICERONIS</strong></span> 
     </span>
    </p>
   </div>
   <div class='ocr_carea' id='block_1_2' title="bbox 609 349 2009 2640">
    <p class='ocr_par' dir='ltr' id='par_1_2' title="bbox 615 349 2005 535">
     <span class='ocr_line' id='line_1_2' title="bbox 615 349 2005 405; baseline 0.001 -16"><span class='ocrx_word' id='word_1_4' title='bbox 615 351 768 403; x_wconf 84' lang='lat' dir='ltr'>negabis</span> <span class='ocrx_word' id='word_1_5' title='bbox 802 350 873 388; x_wconf 81' lang='lat' dir='ltr'>effe</span> <span class='ocrx_word' id='word_1_6' title='bbox 904 351 1023 389; x_wconf 84' lang='lat' dir='ltr'>ullam</span> <span class='ocrx_word' id='word_1_7' title='bbox 1055 365 1150 396; x_wconf 90' lang='lat' dir='ltr'>rem,</span> <span class='ocrx_word' id='word_1_8' title='bbox 1196 365 1281 404; x_wconf 85' lang='lat' dir='ltr'>quae</span> <span class='ocrx_word' id='word_1_9' title='bbox 1317 352 1508 404; x_wconf 84' lang='lat' dir='ltr'>cognosci,</span> <span class='ocrx_word' id='word_1_10' title='bbox 1538 350 1828 405; x_wconf 88' lang='lat' dir='ltr'>comprehendi,</span> <span class='ocrx_word' id='word_1_11' title='bbox 1859 349 2005 405; x_wconf 77' lang='lat' dir='ltr'>percipi</span> 
     </span>
     <span class='ocr_line' id='line_1_3' title="bbox 615 415 2003 469; baseline 0.001 -16"><span class='ocrx_word' id='word_1_12' title='bbox 615 416 726 468; x_wconf 82' lang='lat' dir='ltr'>poffit</span> <span class='ocrx_word' id='word_1_13' title='bbox 744 417 756 452; x_wconf 92' lang='lat'>?</span> <span class='ocrx_word' id='word_1_14' title='bbox 788 415 900 460; x_wconf 86' lang='lat' dir='ltr'>Vide,</span> <span class='ocrx_word' id='word_1_15' title='bbox 921 415 1058 468; x_wconf 80' lang='lat' dir='ltr'>quaeso,</span> <span class='ocrx_word' id='word_1_16' title='bbox 1089 418 1204 454; x_wconf 89' lang='lat' dir='ltr'>etiam</span> <span class='ocrx_word' id='word_1_17' title='bbox 1235 426 1349 469; x_wconf 84' lang='lat' dir='ltr'>atque</span> <span class='ocrx_word' id='word_1_18' title='bbox 1369 417 1499 462; x_wconf 86' lang='lat' dir='ltr'>etiam,</span> <span class='ocrx_word' id='word_1_19' title='bbox 1527 431 1573 456; x_wconf 91' lang='lat' dir='ltr'>ne</span> <span class='ocrx_word' id='word_1_20' title='bbox 1593 417 1747 455; x_wconf 88' lang='lat' dir='ltr'>illarum</span> <span class='ocrx_word' id='word_1_21' title='bbox 1768 430 1922 469; x_wconf 89' lang='lat' dir='ltr'>quoque</span> <span class='ocrx_word' id='word_1_22' title='bbox 1943 431 2003 454; x_wconf 91' lang='lat' dir='ltr'>re-</span> 
     </span>
     <span class='ocr_line' id='line_1_4' title="bbox 615 480 1715 535; baseline 0.003 -17"><span class='ocrx_word' id='word_1_23' title='bbox 615 495 701 519; x_wconf 86' lang='lat' dir='ltr'>rum</span> <span class='ocrx_word' id='word_1_24' title='bbox 724 480 1067 534; x_wconf 81' lang='lat' dir='ltr'>pulcherrimarum</span> <span class='ocrx_word' id='word_1_25' title='bbox 1088 496 1109 519; x_wconf 89' lang='lat' dir='ltr'>a</span> <span class='ocrx_word' id='word_1_26' title='bbox 1129 492 1164 520; x_wconf 90' lang='lat' dir='ltr'>te</span> <span class='ocrx_word' id='word_1_27' title='bbox 1186 483 1265 535; x_wconf 91' lang='lat' dir='ltr'>ipso</span> <span class='ocrx_word' id='word_1_28' title='bbox 1285 483 1481 521; x_wconf 87' lang='lat' dir='ltr'>minuatur</span> <span class='ocrx_word' id='word_1_29' title='bbox 1500 484 1715 521; x_wconf 59' lang='lat' dir='ltr'>auetoritas.</span> 
     </span>
    </p>

    <p class='ocr_par' dir='ltr' id='par_1_3' title="bbox 609 545 2005 918">
     <span class='ocr_line' id='line_1_5' title="bbox 671 545 2005 598; baseline 0.001 -14"><span class='ocrx_word' id='word_1_30' title='bbox 671 547 768 598; x_wconf 81' lang='lat' dir='ltr'>Qae</span> <span class='ocrx_word' id='word_1_31' title='bbox 788 559 879 583; x_wconf 92' lang='lat' dir='ltr'>cum</span> <span class='ocrx_word' id='word_1_32' title='bbox 900 545 1046 583; x_wconf 78' lang='lat' dir='ltr'>dixiffet</span> <span class='ocrx_word' id='word_1_33' title='bbox 1067 546 1144 591; x_wconf 83' lang='lat' dir='ltr'>ille,</span> <span class='ocrx_word' id='word_1_34' title='bbox 1176 546 1293 585; x_wconf 86' lang='lat' dir='ltr'>finem</span> <span class='ocrx_word' id='word_1_35' title='bbox 1325 546 1431 585; x_wconf 89' lang='lat' dir='ltr'>fecit.</span> <span class='ocrx_word' id='word_1_36' title='bbox 1482 548 1709 585; x_wconf 84' lang='lat' dir='ltr'>Hortensius</span> <span class='ocrx_word' id='word_1_37' title='bbox 1740 556 1868 586; x_wconf 88' lang='lat' dir='ltr'>autem</span> <span class='ocrx_word' id='word_1_38' title='bbox 1889 546 2005 585; x_wconf 86' lang='lat' dir='ltr'>vehe-</span> 
     </span>
     <span class='ocr_line' id='line_1_6' title="bbox 615 611 2005 665; baseline 0.001 -17"><span class='ocrx_word' id='word_1_39' title='bbox 615 621 764 649; x_wconf 86' lang='lat' dir='ltr'>menter</span> <span class='ocrx_word' id='word_1_40' title='bbox 783 611 986 654; x_wconf 85' lang='lat' dir='ltr'>admirans,</span> <span class='ocrx_word' id='word_1_41' title='bbox 1019 612 1142 663; x_wconf 88' lang='lat' dir='ltr'>(quod</span> <span class='ocrx_word' id='word_1_42' title='bbox 1165 612 1322 664; x_wconf 87' lang='lat' dir='ltr'>quidem</span> <span class='ocrx_word' id='word_1_43' title='bbox 1343 614 1527 665; x_wconf 81' lang='lat' dir='ltr'>perpetuo</span> <span class='ocrx_word' id='word_1_44' title='bbox 1547 613 1716 651; x_wconf 89' lang='lat' dir='ltr'>Lucullo</span> <span class='ocrx_word' id='word_1_45' title='bbox 1735 613 1916 665; x_wconf 87' lang='lat' dir='ltr'>loquente</span> <span class='ocrx_word' id='word_1_46' title='bbox 1945 611 2005 650; x_wconf 88' lang='lat' dir='ltr'>fe·</span> 
     </span>
     <span class='ocr_line' id='line_1_7' title="bbox 615 677 2005 731; baseline 0.001 -17"><span class='ocrx_word' id='word_1_47' title='bbox 615 687 729 722; x_wconf 87' lang='lat' dir='ltr'>cerat,</span> <span class='ocrx_word' id='word_1_48' title='bbox 752 688 793 715; x_wconf 90' lang='lat' dir='ltr'>ut</span> <span class='ocrx_word' id='word_1_49' title='bbox 813 677 928 714; x_wconf 88' lang='lat' dir='ltr'>etiam</span> <span class='ocrx_word' id='word_1_50' title='bbox 949 691 1084 715; x_wconf 87' lang='lat' dir='ltr'>manus</span> <span class='ocrx_word' id='word_1_51' title='bbox 1105 677 1197 730; x_wconf 78' lang='lat' dir='ltr'>saepe</span> <span class='ocrx_word' id='word_1_52' title='bbox 1217 678 1364 715; x_wconf 86' lang='lat' dir='ltr'>tolleret</span> <span class='ocrx_word' id='word_1_53' title='bbox 1383 693 1391 716; x_wconf 90' lang='lat'>:</span> <span class='ocrx_word' id='word_1_54' title='bbox 1415 691 1483 716; x_wconf 90' lang='lat' dir='ltr'>nec</span> <span class='ocrx_word' id='word_1_55' title='bbox 1504 679 1647 716; x_wconf 88' lang='lat' dir='ltr'>mirum</span> <span class='ocrx_word' id='word_1_56' title='bbox 1665 697 1676 723; x_wconf 82' lang='lat'>;</span> <span class='ocrx_word' id='word_1_57' title='bbox 1700 692 1788 716; x_wconf 88' lang='lat' dir='ltr'>nam</span> <span class='ocrx_word' id='word_1_58' title='bbox 1806 691 2005 731; x_wconf 87' lang='lat' dir='ltr'>nunquam</span> 
     </span>
     <span class='ocr_line' id='line_1_8' title="bbox 615 743 2005 796; baseline -0.001 -15"><span class='ocrx_word' id='word_1_59' title='bbox 615 743 775 781; x_wconf 85' lang='lat' dir='ltr'>arbitror</span> <span class='ocrx_word' id='word_1_60' title='bbox 807 752 938 781; x_wconf 90' lang='lat' dir='ltr'>contra</span> <span class='ocrx_word' id='word_1_61' title='bbox 967 743 1214 781; x_wconf 79' lang='lat' dir='ltr'>Academiam</span> <span class='ocrx_word' id='word_1_62' title='bbox 1247 744 1396 781; x_wconf 64' lang='lat' dir='ltr'>dietum</span> <span class='ocrx_word' id='word_1_63' title='bbox 1425 743 1495 782; x_wconf 84' lang='lat' dir='ltr'>effe</span> <span class='ocrx_word' id='word_1_64' title='bbox 1526 744 1720 795; x_wconf 85' lang='lat' dir='ltr'>subtilius)</span> <span class='ocrx_word' id='word_1_65' title='bbox 1752 757 1815 782; x_wconf 92' lang='lat' dir='ltr'>me</span> <span class='ocrx_word' id='word_1_66' title='bbox 1835 757 2005 796; x_wconf 90' lang='lat' dir='ltr'>quoque,</span> 
     </span>
     <span class='ocr_line' id='line_1_9' title="bbox 609 808 2004 862; baseline 0.001 -16"><span class='ocrx_word' id='word_1_67' title='bbox 609 809 802 861; x_wconf 89' lang='lat' dir='ltr'>jocansne,</span> <span class='ocrx_word' id='word_1_68' title='bbox 824 822 870 846; x_wconf 90' lang='lat' dir='ltr'>an</span> <span class='ocrx_word' id='word_1_69' title='bbox 891 809 942 846; x_wconf 86' lang='lat' dir='ltr'>ita</span> <span class='ocrx_word' id='word_1_70' title='bbox 960 809 1136 853; x_wconf 90' lang='lat' dir='ltr'>sentiens,</span> <span class='ocrx_word' id='word_1_71' title='bbox 1154 822 1232 847; x_wconf 92' lang='lat' dir='ltr'>non</span> <span class='ocrx_word' id='word_1_72' title='bbox 1246 810 1352 847; x_wconf 88' lang='lat' dir='ltr'>enim</span> <span class='ocrx_word' id='word_1_73' title='bbox 1373 809 1456 847; x_wconf 82' lang='lat' dir='ltr'>satis</span> <span class='ocrx_word' id='word_1_74' title='bbox 1472 809 1751 862; x_wconf 84' lang='lat' dir='ltr'>intelligebam,</span> <span class='ocrx_word' id='word_1_75' title='bbox 1772 810 1892 862; x_wconf 87' lang='lat' dir='ltr'>coepit</span> <span class='ocrx_word' id='word_1_76' title='bbox 1910 808 2004 848; x_wconf 89' lang='lat' dir='ltr'>hor-</span> 
     </span>
     <span class='ocr_line' id='line_1_10' title="bbox 614 872 1202 918; baseline 0 -7"><span class='ocrx_word' id='word_1_77' title='bbox 614 874 698 918; x_wconf 88' lang='lat' dir='ltr'>tari,</span> <span class='ocrx_word' id='word_1_78' title='bbox 721 882 763 912; x_wconf 89' lang='lat' dir='ltr'>ut</span> <span class='ocrx_word' id='word_1_79' title='bbox 784 873 966 911; x_wconf 59' lang='lat' dir='ltr'>sententia</span> <span class='ocrx_word' id='word_1_80' title='bbox 981 872 1202 911; x_wconf 84' lang='lat' dir='ltr'>defisterem.</span> 
     </span>
    </p>

    <p class='ocr_par' dir='ltr' id='par_1_4' title="bbox 612 937 2009 1771">
     <span class='ocr_line' id='line_1_11' title="bbox 668 937 2006 992; baseline 0 -15"><span class='ocrx_word' id='word_1_81' title='bbox 668 940 779 977; x_wconf 91' lang='lat' dir='ltr'>Tum</span> <span class='ocrx_word' id='word_1_82' title='bbox 799 937 899 976; x_wconf 87' lang='lat' dir='ltr'>mihi</span> <span class='ocrx_word' id='word_1_83' title='bbox 920 938 1094 983; x_wconf 88' lang='lat' dir='ltr'>Catulus,</span> <span class='ocrx_word' id='word_1_84' title='bbox 1128 940 1166 977; x_wconf 88' lang='lat' dir='ltr'>Si</span> <span class='ocrx_word' id='word_1_85' title='bbox 1197 948 1248 984; x_wconf 86' lang='lat' dir='ltr'>te,</span> <span class='ocrx_word' id='word_1_86' title='bbox 1278 939 1421 991; x_wconf 88' lang='lat' dir='ltr'>inquit,</span> <span class='ocrx_word' id='word_1_87' title='bbox 1442 939 1603 978; x_wconf 89' lang='lat' dir='ltr'>Luculli</span> <span class='ocrx_word' id='word_1_88' title='bbox 1632 939 1752 978; x_wconf 87' lang='lat' dir='ltr'>oratio</span> <span class='ocrx_word' id='word_1_89' title='bbox 1779 939 1900 984; x_wconf 86' lang='lat' dir='ltr'>flexit,</span> <span class='ocrx_word' id='word_1_90' title='bbox 1921 952 2006 992; x_wconf 82' lang='lat' dir='ltr'>quae</span> 
     </span>
     <span class='ocr_line' id='line_1_12' title="bbox 614 1003 2007 1058; baseline -0.001 -15"><span class='ocrx_word' id='word_1_91' title='bbox 614 1005 668 1043; x_wconf 89' lang='lat' dir='ltr'>est</span> <span class='ocrx_word' id='word_1_92' title='bbox 686 1003 815 1042; x_wconf 87' lang='lat' dir='ltr'>habita</span> <span class='ocrx_word' id='word_1_93' title='bbox 845 1004 1080 1049; x_wconf 88' lang='lat' dir='ltr'>memoriter,</span> <span class='ocrx_word' id='word_1_94' title='bbox 1115 1014 1301 1049; x_wconf 87' lang='lat' dir='ltr'>accurate,</span> <span class='ocrx_word' id='word_1_95' title='bbox 1333 1005 1483 1057; x_wconf 88' lang='lat' dir='ltr'>copiose</span> <span class='ocrx_word' id='word_1_96' title='bbox 1499 1023 1510 1050; x_wconf 69' lang='grc' dir='ltr'><strong><em>ς</em></strong></span> <span class='ocrx_word' id='word_1_97' title='bbox 1546 1015 1666 1051; x_wconf 88' lang='lat' dir='ltr'>taceo,</span> <span class='ocrx_word' id='word_1_98' title='bbox 1701 1018 1827 1058; x_wconf 86' lang='lat' dir='ltr'>neque</span> <span class='ocrx_word' id='word_1_99' title='bbox 1846 1014 1897 1051; x_wconf 85' lang='lat' dir='ltr'>te,</span> <span class='ocrx_word' id='word_1_100' title='bbox 1928 1017 2007 1057; x_wconf 77' lang='lat' dir='ltr'>quo</span> 
     </span>
     <span class='ocr_line' id='line_1_13' title="bbox 616 1069 2006 1123; baseline -0.001 -14"><span class='ocrx_word' id='word_1_101' title='bbox 616 1071 762 1115; x_wconf 89' lang='lat' dir='ltr'>minus,</span> <span class='ocrx_word' id='word_1_102' title='bbox 789 1070 814 1108; x_wconf 90' lang='lat' dir='ltr'>fi</span> <span class='ocrx_word' id='word_1_103' title='bbox 836 1069 906 1107; x_wconf 90' lang='lat' dir='ltr'>tibi</span> <span class='ocrx_word' id='word_1_104' title='bbox 927 1070 979 1107; x_wconf 85' lang='lat' dir='ltr'>ita</span> <span class='ocrx_word' id='word_1_105' title='bbox 1007 1069 1191 1115; x_wconf 87' lang='lat' dir='ltr'>videatur,</span> <span class='ocrx_word' id='word_1_106' title='bbox 1227 1070 1450 1108; x_wconf 85' lang='lat' dir='ltr'>sententiam</span> <span class='ocrx_word' id='word_1_107' title='bbox 1469 1080 1610 1116; x_wconf 83' lang='lat' dir='ltr'>mutes,</span> <span class='ocrx_word' id='word_1_108' title='bbox 1631 1070 1899 1109; x_wconf 85' lang='lat' dir='ltr'>deterrendum</span> <span class='ocrx_word' id='word_1_109' title='bbox 1930 1083 2006 1123; x_wconf 81' lang='lat' dir='ltr'>pu-</span> 
     </span>
     <span class='ocr_line' id='line_1_14' title="bbox 614 1135 2007 1188; baseline -0.001 -14"><span class='ocrx_word' id='word_1_110' title='bbox 614 1146 670 1174; x_wconf 84' lang='lat' dir='ltr'>to.</span> <span class='ocrx_word' id='word_1_111' title='bbox 709 1136 811 1174; x_wconf 91' lang='lat' dir='ltr'>Illud</span> <span class='ocrx_word' id='word_1_112' title='bbox 830 1148 917 1173; x_wconf 87' lang='lat' dir='ltr'>vero</span> <span class='ocrx_word' id='word_1_113' title='bbox 936 1148 1013 1173; x_wconf 91' lang='lat' dir='ltr'>non</span> <span class='ocrx_word' id='word_1_114' title='bbox 1031 1135 1254 1179; x_wconf 85' lang='lat' dir='ltr'>censuerim,</span> <span class='ocrx_word' id='word_1_115' title='bbox 1280 1145 1321 1173; x_wconf 87' lang='lat' dir='ltr'>ut</span> <span class='ocrx_word' id='word_1_116' title='bbox 1341 1136 1423 1188; x_wconf 86' lang='lat' dir='ltr'>ejus</span> <span class='ocrx_word' id='word_1_117' title='bbox 1440 1137 1660 1174; x_wconf 63' lang='lat' dir='ltr'>auctoritate</span> <span class='ocrx_word' id='word_1_118' title='bbox 1679 1149 1863 1175; x_wconf 85' lang='lat' dir='ltr'>moveare.</span> <span class='ocrx_word' id='word_1_119' title='bbox 1896 1137 2007 1173; x_wconf 90' lang='lat' dir='ltr'>Tan·</span> 
     </span>
     <span class='ocr_line' id='line_1_15' title="bbox 614 1200 2006 1253; baseline -0.001 -13"><span class='ocrx_word' id='word_1_120' title='bbox 614 1200 701 1240; x_wconf 75' lang='lat' dir='ltr'>tum</span> <span class='ocrx_word' id='word_1_121' title='bbox 721 1202 825 1240; x_wconf 93' lang='lat' dir='ltr'>enim</span> <span class='ocrx_word' id='word_1_122' title='bbox 846 1211 881 1239; x_wconf 90' lang='lat' dir='ltr'>te</span> <span class='ocrx_word' id='word_1_123' title='bbox 912 1213 988 1238; x_wconf 92' lang='lat' dir='ltr'>non</span> <span class='ocrx_word' id='word_1_124' title='bbox 1010 1201 1175 1246; x_wconf 86' lang='lat' dir='ltr'>monuit,</span> <span class='ocrx_word' id='word_1_125' title='bbox 1205 1202 1332 1253; x_wconf 84' lang='lat' dir='ltr'>inquit</span> <span class='ocrx_word' id='word_1_126' title='bbox 1364 1202 1544 1246; x_wconf 88' lang='lat' dir='ltr'>arridens,</span> <span class='ocrx_word' id='word_1_127' title='bbox 1576 1211 1619 1240; x_wconf 89' lang='lat' dir='ltr'>ut</span> <span class='ocrx_word' id='word_1_128' title='bbox 1648 1215 1810 1246; x_wconf 87' lang='lat' dir='ltr'>caveres,</span> <span class='ocrx_word' id='word_1_129' title='bbox 1842 1215 1888 1240; x_wconf 93' lang='lat' dir='ltr'>ne</span> <span class='ocrx_word' id='word_1_130' title='bbox 1918 1201 2006 1253; x_wconf 90' lang='lat' dir='ltr'>quis</span> 
     </span>
     <span class='ocr_line' id='line_1_16' title="bbox 615 1265 2006 1320; baseline -0.001 -16"><span class='ocrx_word' id='word_1_131' title='bbox 615 1267 815 1319; x_wconf 83' lang='lat' dir='ltr'>improbus</span> <span class='ocrx_word' id='word_1_132' title='bbox 836 1266 1011 1304; x_wconf 86' lang='lat' dir='ltr'>tribunus</span> <span class='ocrx_word' id='word_1_133' title='bbox 1031 1266 1170 1318; x_wconf 91' lang='lat' dir='ltr'>plebis,</span> <span class='ocrx_word' id='word_1_134' title='bbox 1183 1279 1349 1318; x_wconf 83' lang='lat' dir='ltr'>quorum</span> <span class='ocrx_word' id='word_1_135' title='bbox 1369 1266 1473 1304; x_wconf 87' lang='lat' dir='ltr'>vides</span> <span class='ocrx_word' id='word_1_136' title='bbox 1493 1275 1635 1319; x_wconf 85' lang='lat' dir='ltr'>quanta</span> <span class='ocrx_word' id='word_1_137' title='bbox 1653 1267 1762 1320; x_wconf 88' lang='lat' dir='ltr'>copia</span> <span class='ocrx_word' id='word_1_138' title='bbox 1774 1267 1921 1320; x_wconf 86' lang='lat' dir='ltr'>semper</span> <span class='ocrx_word' id='word_1_139' title='bbox 1940 1265 2006 1303; x_wconf 73' lang='lat' dir='ltr'>fm-</span> 
     </span>
     <span class='ocr_line' id='line_1_17' title="bbox 613 1331 2009 1385; baseline 0 -15"><span class='ocrx_word' id='word_1_140' title='bbox 613 1343 698 1371; x_wconf 83' lang='lat' dir='ltr'>tura</span> <span class='ocrx_word' id='word_1_141' title='bbox 718 1333 775 1378; x_wconf 86' lang='lat' dir='ltr'>fit,</span> <span class='ocrx_word' id='word_1_142' title='bbox 797 1333 973 1385; x_wconf 89' lang='lat' dir='ltr'>arriperet</span> <span class='ocrx_word' id='word_1_143' title='bbox 992 1341 1043 1376; x_wconf 93' lang='lat' dir='ltr'>te,</span> <span class='ocrx_word' id='word_1_144' title='bbox 1065 1341 1102 1369; x_wconf 90' lang='lat' dir='ltr'>et</span> <span class='ocrx_word' id='word_1_145' title='bbox 1123 1333 1161 1370; x_wconf 91' lang='lat' dir='ltr'>in</span> <span class='ocrx_word' id='word_1_146' title='bbox 1188 1332 1374 1370; x_wconf 90' lang='lat' dir='ltr'>concione</span> <span class='ocrx_word' id='word_1_147' title='bbox 1403 1343 1597 1385; x_wconf 86' lang='lat' dir='ltr'>quaereret,</span> <span class='ocrx_word' id='word_1_148' title='bbox 1625 1334 1694 1385; x_wconf 73' lang='lat' dir='ltr'>qui</span> <span class='ocrx_word' id='word_1_149' title='bbox 1713 1333 1787 1371; x_wconf 81' lang='lat' dir='ltr'>tibi</span> <span class='ocrx_word' id='word_1_150' title='bbox 1804 1331 2009 1376; x_wconf 75' lang='lat' dir='ltr'>constares,</span> 
     </span>
     <span class='ocr_line' id='line_1_18' title="bbox 612 1397 2006 1451; baseline 0 -15"><span class='ocrx_word' id='word_1_151' title='bbox 612 1411 704 1436; x_wconf 89' lang='lat' dir='ltr'>cum</span> <span class='ocrx_word' id='word_1_152' title='bbox 738 1398 839 1436; x_wconf 92' lang='lat' dir='ltr'>idem</span> <span class='ocrx_word' id='word_1_153' title='bbox 872 1410 1025 1449; x_wconf 82' lang='lat' dir='ltr'>negares</span> <span class='ocrx_word' id='word_1_154' title='bbox 1043 1397 1256 1450; x_wconf 88' lang='lat' dir='ltr'>quidquam</span> <span class='ocrx_word' id='word_1_155' title='bbox 1275 1398 1368 1435; x_wconf 87' lang='lat' dir='ltr'>certi</span> <span class='ocrx_word' id='word_1_156' title='bbox 1388 1398 1489 1451; x_wconf 82' lang='lat' dir='ltr'>poffe</span> <span class='ocrx_word' id='word_1_157' title='bbox 1510 1398 1678 1451; x_wconf 88' lang='lat' dir='ltr'>reperiri,</span> <span class='ocrx_word' id='word_1_158' title='bbox 1708 1398 1812 1436; x_wconf 81' lang='lat' dir='ltr'>idem</span> <span class='ocrx_word' id='word_1_159' title='bbox 1833 1407 1870 1436; x_wconf 90' lang='lat' dir='ltr'>te</span> <span class='ocrx_word' id='word_1_160' title='bbox 1895 1411 2006 1436; x_wconf 79' lang='lat' dir='ltr'>com-</span> 
     </span>
     <span class='ocr_line' id='line_1_19' title="bbox 614 1461 2008 1516; baseline -0.001 -15"><span class='ocrx_word' id='word_1_161' title='bbox 614 1463 745 1516; x_wconf 76' lang='lat' dir='ltr'>periss‘e</span> <span class='ocrx_word' id='word_1_162' title='bbox 764 1462 928 1501; x_wconf 82' lang='lat' dir='ltr'>dixisses.</span> <span class='ocrx_word' id='word_1_163' title='bbox 971 1463 1076 1507; x_wconf 89' lang='lat' dir='ltr'>Hoc,</span> <span class='ocrx_word' id='word_1_164' title='bbox 1098 1462 1236 1514; x_wconf 81' lang='lat' dir='ltr'>quaeso,</span> <span class='ocrx_word' id='word_1_165' title='bbox 1258 1476 1305 1500; x_wconf 94' lang='lat' dir='ltr'>ne</span> <span class='ocrx_word' id='word_1_166' title='bbox 1326 1473 1361 1501; x_wconf 90' lang='lat' dir='ltr'>te</span> <span class='ocrx_word' id='word_1_167' title='bbox 1381 1472 1529 1501; x_wconf 89' lang='lat' dir='ltr'>terreat.</span> <span class='ocrx_word' id='word_1_168' title='bbox 1575 1463 1637 1501; x_wconf 93' lang='lat' dir='ltr'>De</span> <span class='ocrx_word' id='word_1_169' title='bbox 1655 1462 1762 1501; x_wconf 85' lang='lat' dir='ltr'>causa</span> <span class='ocrx_word' id='word_1_170' title='bbox 1780 1472 1908 1501; x_wconf 87' lang='lat' dir='ltr'>autern</span> <span class='ocrx_word' id='word_1_171' title='bbox 1929 1461 2008 1514; x_wconf 87' lang='lat' dir='ltr'>ipsa</span> 
     </span>
     <span class='ocr_line' id='line_1_20' title="bbox 614 1526 2008 1582; baseline -0.001 -15"><span class='ocrx_word' id='word_1_172' title='bbox 614 1529 750 1567; x_wconf 86' lang='lat' dir='ltr'>malim</span> <span class='ocrx_word' id='word_1_173' title='bbox 770 1528 928 1581; x_wconf 89' lang='lat' dir='ltr'>quidem</span> <span class='ocrx_word' id='word_1_174' title='bbox 950 1537 986 1565; x_wconf 89' lang='lat' dir='ltr'>te</span> <span class='ocrx_word' id='word_1_175' title='bbox 1005 1527 1051 1565; x_wconf 87' lang='lat' dir='ltr'>ab</span> <span class='ocrx_word' id='word_1_176' title='bbox 1071 1526 1146 1566; x_wconf 92' lang='lat' dir='ltr'>hoc</span> <span class='ocrx_word' id='word_1_177' title='bbox 1166 1527 1369 1567; x_wconf 76' lang='lat' dir='ltr'>dissentire.</span> <span class='ocrx_word' id='word_1_178' title='bbox 1416 1529 1480 1567; x_wconf 90' lang='lat' dir='ltr'>Sin</span> <span class='ocrx_word' id='word_1_179' title='bbox 1500 1527 1658 1573; x_wconf 87' lang='lat' dir='ltr'>cesseris,</span> <span class='ocrx_word' id='word_1_180' title='bbox 1681 1542 1757 1567; x_wconf 91' lang='lat' dir='ltr'>non</span> <span class='ocrx_word' id='word_1_181' title='bbox 1778 1541 2008 1582; x_wconf 90' lang='lat' dir='ltr'>magnopere</span> 
     </span>
     <span class='ocr_line' id='line_1_21' title="bbox 614 1593 2006 1647; baseline -0.001 -14"><span class='ocrx_word' id='word_1_182' title='bbox 614 1595 795 1634; x_wconf 89' lang='lat' dir='ltr'>mirabor.</span> <span class='ocrx_word' id='word_1_183' title='bbox 827 1594 997 1633; x_wconf 90' lang='lat' dir='ltr'>Memini</span> <span class='ocrx_word' id='word_1_184' title='bbox 1028 1594 1133 1632; x_wconf 91' lang='lat' dir='ltr'>enim</span> <span class='ocrx_word' id='word_1_185' title='bbox 1164 1593 1408 1633; x_wconf 91' lang='lat' dir='ltr'>Antiochum</span> <span class='ocrx_word' id='word_1_186' title='bbox 1428 1594 1568 1647; x_wconf 88' lang='lat' dir='ltr'>ipsum,</span> <span class='ocrx_word' id='word_1_187' title='bbox 1598 1608 1689 1633; x_wconf 88' lang='lat' dir='ltr'>cum</span> <span class='ocrx_word' id='word_1_188' title='bbox 1716 1607 1833 1633; x_wconf 89' lang='lat' dir='ltr'>annos</span> <span class='ocrx_word' id='word_1_189' title='bbox 1861 1594 2006 1633; x_wconf 87' lang='lat' dir='ltr'>multos</span> 
     </span>
     <span class='ocr_line' id='line_1_22' title="bbox 614 1660 2008 1707; baseline -0.001 -8"><span class='ocrx_word' id='word_1_190' title='bbox 614 1662 703 1699; x_wconf 87' lang='lat' dir='ltr'>talia</span> <span class='ocrx_word' id='word_1_191' title='bbox 724 1660 894 1705; x_wconf 85' lang='lat' dir='ltr'>senfiffet,</span> <span class='ocrx_word' id='word_1_192' title='bbox 925 1660 1035 1698; x_wconf 83' lang='lat' dir='ltr'>simul</span> <span class='ocrx_word' id='word_1_193' title='bbox 1056 1673 1098 1698; x_wconf 88' lang='lat' dir='ltr'>ac</span> <span class='ocrx_word' id='word_1_194' title='bbox 1117 1660 1241 1699; x_wconf 87' lang='lat' dir='ltr'>visum</span> <span class='ocrx_word' id='word_1_195' title='bbox 1267 1661 1326 1707; x_wconf 89' lang='lat' dir='ltr'>fit,</span> <span class='ocrx_word' id='word_1_196' title='bbox 1356 1661 1541 1700; x_wconf 72' lang='lat' dir='ltr'>sententia</span> <span class='ocrx_word' id='word_1_197' title='bbox 1559 1660 1747 1700; x_wconf 75' lang='lat' dir='ltr'>destitisse.</span> <span class='ocrx_word' id='word_1_198' title='bbox 1796 1661 1893 1700; x_wconf 83' lang='lat' dir='ltr'>Haec</span> <span class='ocrx_word' id='word_1_199' title='bbox 1914 1673 2008 1698; x_wconf 86' lang='lat' dir='ltr'>cum</span> 
     </span>
     <span class='ocr_line' id='line_1_23' title="bbox 613 1726 1390 1771; baseline -0.001 -5"><span class='ocrx_word' id='word_1_200' title='bbox 613 1726 763 1766; x_wconf 76' lang='lat' dir='ltr'>dixiffet</span> <span class='ocrx_word' id='word_1_201' title='bbox 783 1726 969 1771; x_wconf 85' lang='lat' dir='ltr'>Catulus;</span> <span class='ocrx_word' id='word_1_202' title='bbox 1002 1739 1064 1763; x_wconf 87' lang='lat' dir='ltr'>me</span> <span class='ocrx_word' id='word_1_203' title='bbox 1082 1740 1215 1765; x_wconf 87' lang='lat' dir='ltr'>omnes</span> <span class='ocrx_word' id='word_1_204' title='bbox 1236 1727 1390 1766; x_wconf 83' lang='lat' dir='ltr'>intueri.</span> 
     </span>
    </p>

    <p class='ocr_par' dir='ltr' id='par_1_5' title="bbox 609 1792 2008 2242">
     <span class='ocr_line' id='line_1_24' title="bbox 659 1792 2007 1846; baseline 0 -15"><span class='ocrx_word' id='word_1_205' title='bbox 659 1793 751 1831; x_wconf 82' lang='lat' dir='ltr'>XX.</span> <span class='ocrx_word' id='word_1_206' title='bbox 775 1793 882 1830; x_wconf 91' lang='lat' dir='ltr'>Tum</span> <span class='ocrx_word' id='word_1_207' title='bbox 902 1805 973 1844; x_wconf 86' lang='lat' dir='ltr'>ego</span> <span class='ocrx_word' id='word_1_208' title='bbox 993 1805 1069 1830; x_wconf 92' lang='lat' dir='ltr'>non</span> <span class='ocrx_word' id='word_1_209' title='bbox 1087 1792 1216 1830; x_wconf 90' lang='lat' dir='ltr'>minus</span> <span class='ocrx_word' id='word_1_210' title='bbox 1236 1802 1470 1838; x_wconf 84' lang='lat' dir='ltr'>commotus,</span> <span class='ocrx_word' id='word_1_211' title='bbox 1487 1807 1604 1846; x_wconf 89' lang='lat' dir='ltr'>quam</span> <span class='ocrx_word' id='word_1_212' title='bbox 1622 1793 1720 1832; x_wconf 91' lang='lat' dir='ltr'>soleo</span> <span class='ocrx_word' id='word_1_213' title='bbox 1732 1793 1771 1831; x_wconf 87' lang='lat' dir='ltr'>in</span> <span class='ocrx_word' id='word_1_214' title='bbox 1792 1793 1908 1831; x_wconf 83' lang='lat' dir='ltr'>caufis</span> <span class='ocrx_word' id='word_1_215' title='bbox 1922 1806 2007 1831; x_wconf 86' lang='lat' dir='ltr'>ma-</span> 
     </span>
     <span class='ocr_line' id='line_1_25' title="bbox 609 1857 2006 1912; baseline -0.001 -15"><span class='ocrx_word' id='word_1_216' title='bbox 609 1859 770 1912; x_wconf 86' lang='lat' dir='ltr'>joribus,</span> <span class='ocrx_word' id='word_1_217' title='bbox 804 1857 1023 1910; x_wconf 86' lang='lat' dir='ltr'>hujusmodi</span> <span class='ocrx_word' id='word_1_218' title='bbox 1059 1858 1223 1911; x_wconf 85' lang='lat' dir='ltr'>quadam</span> <span class='ocrx_word' id='word_1_219' title='bbox 1242 1860 1412 1897; x_wconf 85' lang='lat' dir='ltr'>oratione</span> <span class='ocrx_word' id='word_1_220' title='bbox 1434 1859 1516 1898; x_wconf 89' lang='lat' dir='ltr'>sum</span> <span class='ocrx_word' id='word_1_221' title='bbox 1536 1859 1714 1904; x_wconf 85' lang='lat' dir='ltr'>exorsus;</span> <span class='ocrx_word' id='word_1_222' title='bbox 1746 1860 1831 1903; x_wconf 91' lang='lat' dir='ltr'>Me,</span> <span class='ocrx_word' id='word_1_223' title='bbox 1854 1858 2006 1903; x_wconf 85' lang='lat' dir='ltr'>Catule,</span> 
     </span>
     <span class='ocr_line' id='line_1_26' title="bbox 615 1924 2006 1977; baseline 0 -14"><span class='ocrx_word' id='word_1_224' title='bbox 615 1926 735 1964; x_wconf 89' lang='lat' dir='ltr'>oratio</span> <span class='ocrx_word' id='word_1_225' title='bbox 755 1924 913 1963; x_wconf 87' lang='lat' dir='ltr'>Luculli</span> <span class='ocrx_word' id='word_1_226' title='bbox 933 1924 979 1962; x_wconf 90' lang='lat' dir='ltr'>de</span> <span class='ocrx_word' id='word_1_227' title='bbox 1000 1924 1076 1977; x_wconf 87' lang='lat' dir='ltr'>ipsa</span> <span class='ocrx_word' id='word_1_228' title='bbox 1107 1939 1144 1962; x_wconf 91' lang='lat' dir='ltr'>re</span> <span class='ocrx_word' id='word_1_229' title='bbox 1174 1925 1224 1962; x_wconf 87' lang='lat' dir='ltr'>ita</span> <span class='ocrx_word' id='word_1_230' title='bbox 1244 1926 1379 1970; x_wconf 88' lang='lat' dir='ltr'>movit,</span> <span class='ocrx_word' id='word_1_231' title='bbox 1403 1935 1443 1963; x_wconf 91' lang='lat' dir='ltr'>ut</span> <span class='ocrx_word' id='word_1_232' title='bbox 1459 1925 1560 1963; x_wconf 67' lang='lat' dir='ltr'>docti</span> <span class='ocrx_word' id='word_1_233' title='bbox 1581 1924 1766 1970; x_wconf 88' lang='lat' dir='ltr'>hominis,</span> <span class='ocrx_word' id='word_1_234' title='bbox 1794 1935 1832 1962; x_wconf 86' lang='lat' dir='ltr'>et</span> <span class='ocrx_word' id='word_1_235' title='bbox 1851 1924 2006 1977; x_wconf 79' lang='lat' dir='ltr'>copiosx,</span> 
     </span>
     <span class='ocr_line' id='line_1_27' title="bbox 615 1989 2006 2044; baseline 0.001 -16"><span class='ocrx_word' id='word_1_236' title='bbox 615 2001 653 2029; x_wconf 89' lang='lat' dir='ltr'>et</span> <span class='ocrx_word' id='word_1_237' title='bbox 688 1991 819 2043; x_wconf 84' lang='lat' dir='ltr'>parati,</span> <span class='ocrx_word' id='word_1_238' title='bbox 849 2000 885 2027; x_wconf 87' lang='lat' dir='ltr'>et</span> <span class='ocrx_word' id='word_1_239' title='bbox 920 1989 1015 2027; x_wconf 83' lang='lat' dir='ltr'>nihil</span> <span class='ocrx_word' id='word_1_240' title='bbox 1049 1991 1306 2043; x_wconf 66' lang='lat' dir='ltr'>praetereuntis</span> <span class='ocrx_word' id='word_1_241' title='bbox 1326 2005 1473 2035; x_wconf 82' lang='lat' dir='ltr'>eorum,</span> <span class='ocrx_word' id='word_1_242' title='bbox 1505 2005 1589 2044; x_wconf 83' lang='lat' dir='ltr'>quae</span> <span class='ocrx_word' id='word_1_243' title='bbox 1610 2005 1678 2044; x_wconf 90' lang='lat' dir='ltr'>pro</span> <span class='ocrx_word' id='word_1_244' title='bbox 1705 1991 1770 2029; x_wconf 84' lang='lat' dir='ltr'>illa</span> <span class='ocrx_word' id='word_1_245' title='bbox 1795 1991 1902 2029; x_wconf 79' lang='lat' dir='ltr'>causa</span> <span class='ocrx_word' id='word_1_246' title='bbox 1929 1991 2006 2029; x_wconf 92' lang='lat' dir='ltr'>dici</span> 
     </span>
     <span class='ocr_line' id='line_1_28' title="bbox 615 2057 2008 2111; baseline 0 -16"><span class='ocrx_word' id='word_1_247' title='bbox 615 2057 761 2111; x_wconf 84' lang='lat' dir='ltr'>possent</span> <span class='ocrx_word' id='word_1_248' title='bbox 780 2076 789 2101; x_wconf 62' lang='grc' dir='ltr'><strong><em>ς</em></strong></span> <span class='ocrx_word' id='word_1_249' title='bbox 813 2070 888 2094; x_wconf 95' lang='lat' dir='ltr'>non</span> <span class='ocrx_word' id='word_1_250' title='bbox 911 2065 1035 2094; x_wconf 85' lang='lat' dir='ltr'>tamen</span> <span class='ocrx_word' id='word_1_251' title='bbox 1059 2067 1100 2095; x_wconf 84' lang='lat' dir='ltr'>ut</span> <span class='ocrx_word' id='word_1_252' title='bbox 1120 2058 1153 2094; x_wconf 84' lang='lat' dir='ltr'>ci</span> <span class='ocrx_word' id='word_1_253' title='bbox 1175 2057 1393 2109; x_wconf 83' lang='lat' dir='ltr'>respondere</span> <span class='ocrx_word' id='word_1_254' title='bbox 1414 2057 1514 2110; x_wconf 85' lang='lat' dir='ltr'>posse</span> <span class='ocrx_word' id='word_1_255' title='bbox 1533 2058 1758 2096; x_wconf 76' lang='lat' dir='ltr'>diffiderem.</span> <span class='ocrx_word' id='word_1_256' title='bbox 1791 2058 2008 2096; x_wconf 59' lang='lat' dir='ltr'>Auctoritas</span> 
     </span>
     <span class='ocr_line' id='line_1_29' title="bbox 615 2122 2006 2177; baseline 0.001 -16"><span class='ocrx_word' id='word_1_257' title='bbox 615 2133 741 2161; x_wconf 86' lang='lat' dir='ltr'>autem</span> <span class='ocrx_word' id='word_1_258' title='bbox 765 2133 865 2161; x_wconf 87' lang='lat' dir='ltr'>tanta</span> <span class='ocrx_word' id='word_1_259' title='bbox 891 2122 1001 2175; x_wconf 90' lang='lat' dir='ltr'>plane</span> <span class='ocrx_word' id='word_1_260' title='bbox 1019 2137 1080 2160; x_wconf 87' lang='lat' dir='ltr'>me</span> <span class='ocrx_word' id='word_1_261' title='bbox 1102 2124 1291 2168; x_wconf 79' lang='lat' dir='ltr'>movebat,</span> <span class='ocrx_word' id='word_1_262' title='bbox 1315 2124 1381 2162; x_wconf 80' lang='lat' dir='ltr'>nisi</span> <span class='ocrx_word' id='word_1_263' title='bbox 1404 2134 1444 2162; x_wconf 87' lang='lat' dir='ltr'>tu</span> <span class='ocrx_word' id='word_1_264' title='bbox 1464 2124 1690 2177; x_wconf 80' lang='lat' dir='ltr'>opposuiss‘es</span> <span class='ocrx_word' id='word_1_265' title='bbox 1720 2138 1794 2163; x_wconf 92' lang='lat' dir='ltr'>non</span> <span class='ocrx_word' id='word_1_266' title='bbox 1816 2125 2006 2163; x_wconf 87' lang='lat' dir='ltr'>minorem</span> 
     </span>
     <span class='ocr_line' id='line_1_30' title="bbox 615 2188 1977 2242; baseline 0.001 -15"><span class='ocrx_word' id='word_1_267' title='bbox 615 2198 736 2227; x_wconf 85' lang='lat' dir='ltr'>tuam.</span> <span class='ocrx_word' id='word_1_268' title='bbox 760 2188 971 2241; x_wconf 84' lang='lat' dir='ltr'>Aggrediar</span> <span class='ocrx_word' id='word_1_269' title='bbox 988 2189 1117 2241; x_wconf 82' lang='lat' dir='ltr'>igitur,</span> <span class='ocrx_word' id='word_1_270' title='bbox 1144 2189 1167 2227; x_wconf 76' lang='lat' dir='ltr'>si</span> <span class='ocrx_word' id='word_1_271' title='bbox 1190 2203 1309 2242; x_wconf 83' lang='lat' dir='ltr'>pauca</span> <span class='ocrx_word' id='word_1_272' title='bbox 1328 2199 1413 2227; x_wconf 82' lang='lat' dir='ltr'>ante</span> <span class='ocrx_word' id='word_1_273' title='bbox 1429 2190 1528 2242; x_wconf 76' lang='lat' dir='ltr'>quasi</span> <span class='ocrx_word' id='word_1_274' title='bbox 1546 2190 1591 2228; x_wconf 85' lang='lat' dir='ltr'>de</span> <span class='ocrx_word' id='word_1_275' title='bbox 1612 2189 1713 2228; x_wconf 80' lang='lat' dir='ltr'>fama</span> <span class='ocrx_word' id='word_1_276' title='bbox 1736 2203 1819 2228; x_wconf 77' lang='lat' dir='ltr'>inca</span> <span class='ocrx_word' id='word_1_277' title='bbox 1833 2190 1977 2228; x_wconf 80' lang='lat' dir='ltr'>dixere.</span> 
     </span>
    </p>

    <p class='ocr_par' dir='ltr' id='par_1_6' title="bbox 616 2254 2008 2640">
     <span class='ocr_line' id='line_1_31' title="bbox 672 2254 2006 2308; baseline 0.001 -15"><span class='ocrx_word' id='word_1_278' title='bbox 672 2256 757 2308; x_wconf 85' lang='lat' dir='ltr'>Ego</span> <span class='ocrx_word' id='word_1_279' title='bbox 775 2255 895 2299; x_wconf 83' lang='lat' dir='ltr'>enim,</span> <span class='ocrx_word' id='word_1_280' title='bbox 922 2254 946 2292; x_wconf 73' lang='lat' dir='ltr'>sl</span> <span class='ocrx_word' id='word_1_281' title='bbox 967 2264 1029 2292; x_wconf 81' lang='lat' dir='ltr'>aut</span> <span class='ocrx_word' id='word_1_282' title='bbox 1050 2255 1295 2293; x_wconf 76' lang='lat' dir='ltr'>ostentatione</span> <span class='ocrx_word' id='word_1_283' title='bbox 1326 2256 1451 2308; x_wconf 77' lang='lat' dir='ltr'>aliqua</span> <span class='ocrx_word' id='word_1_284' title='bbox 1471 2256 1668 2301; x_wconf 62' lang='lat' dir='ltr'>adduftus,</span> <span class='ocrx_word' id='word_1_285' title='bbox 1690 2266 1753 2294; x_wconf 86' lang='lat' dir='ltr'>aut</span> <span class='ocrx_word' id='word_1_286' title='bbox 1782 2257 1904 2294; x_wconf 85' lang='lat' dir='ltr'>studio</span> <span class='ocrx_word' id='word_1_287' title='bbox 1923 2269 2006 2294; x_wconf 87' lang='lat' dir='ltr'>cer—</span> 
     </span>
     <span class='ocr_line' id='line_1_32' title="bbox 616 2319 2006 2375; baseline 0.001 -16"><span class='ocrx_word' id='word_1_288' title='bbox 616 2320 735 2364; x_wconf 86' lang='lat' dir='ltr'>tandi,</span> <span class='ocrx_word' id='word_1_289' title='bbox 757 2320 802 2358; x_wconf 87' lang='lat' dir='ltr'>ad</span> <span class='ocrx_word' id='word_1_290' title='bbox 820 2319 916 2358; x_wconf 87' lang='lat' dir='ltr'>hanc</span> <span class='ocrx_word' id='word_1_291' title='bbox 938 2321 1175 2373; x_wconf 73' lang='lat' dir='ltr'>potissimum</span> <span class='ocrx_word' id='word_1_292' title='bbox 1198 2320 1480 2375; x_wconf 63' lang='lat' dir='ltr'>philosophiam</span> <span class='ocrx_word' id='word_1_293' title='bbox 1500 2336 1564 2360; x_wconf 86' lang='lat' dir='ltr'>me</span> <span class='ocrx_word' id='word_1_294' title='bbox 1584 2322 1769 2375; x_wconf 77' lang='lat' dir='ltr'>applicavi</span> <span class='ocrx_word' id='word_1_295' title='bbox 1787 2351 1797 2367; x_wconf 89' lang='lat'>,</span> <span class='ocrx_word' id='word_1_296' title='bbox 1822 2336 1897 2360; x_wconf 90' lang='lat' dir='ltr'>non</span> <span class='ocrx_word' id='word_1_297' title='bbox 1920 2336 2006 2360; x_wconf 88' lang='lat' dir='ltr'>mo-</span> 
     </span>
     <span class='ocr_line' id='line_1_33' title="bbox 616 2386 2007 2433; baseline 0.001 -8"><span class='ocrx_word' id='word_1_298' title='bbox 616 2387 665 2425; x_wconf 92' lang='lat' dir='ltr'>do</span> <span class='ocrx_word' id='word_1_299' title='bbox 700 2386 897 2424; x_wconf 85' lang='lat' dir='ltr'>stultitiam</span> <span class='ocrx_word' id='word_1_300' title='bbox 932 2400 1072 2431; x_wconf 87' lang='lat' dir='ltr'>meam,</span> <span class='ocrx_word' id='word_1_301' title='bbox 1105 2387 1298 2426; x_wconf 81' lang='lat' dir='ltr'>sedetiam</span> <span class='ocrx_word' id='word_1_302' title='bbox 1321 2401 1460 2433; x_wconf 64' lang='grc' dir='ltr'>πηοί-οε,</span> <span class='ocrx_word' id='word_1_303' title='bbox 1491 2398 1528 2426; x_wconf 86' lang='lat' dir='ltr'>et</span> <span class='ocrx_word' id='word_1_304' title='bbox 1551 2399 1720 2427; x_wconf 83' lang='lat' dir='ltr'>naturam</span> <span class='ocrx_word' id='word_1_305' title='bbox 1747 2389 2007 2427; x_wconf 78' lang='lat' dir='ltr'>condemnan-</span> 
     </span>
     <span class='ocr_line' id='line_1_34' title="bbox 616 2451 2006 2508; baseline 0.001 -19"><span class='ocrx_word' id='word_1_306' title='bbox 616 2452 704 2489; x_wconf 80' lang='lat' dir='ltr'>dam</span> <span class='ocrx_word' id='word_1_307' title='bbox 727 2461 832 2504; x_wconf 86' lang='lat' dir='ltr'>puto.</span> <span class='ocrx_word' id='word_1_308' title='bbox 894 2451 997 2490; x_wconf 81' lang='lat' dir='ltr'>Nam</span> <span class='ocrx_word' id='word_1_309' title='bbox 1021 2452 1044 2490; x_wconf 80' lang='lat' dir='ltr'>sl</span> <span class='ocrx_word' id='word_1_310' title='bbox 1067 2453 1103 2491; x_wconf 89' lang='lat' dir='ltr'>in</span> <span class='ocrx_word' id='word_1_311' title='bbox 1127 2453 1300 2491; x_wconf 85' lang='lat' dir='ltr'>minimis</span> <span class='ocrx_word' id='word_1_312' title='bbox 1333 2454 1442 2492; x_wconf 85' lang='lat' dir='ltr'>rebus</span> <span class='ocrx_word' id='word_1_313' title='bbox 1472 2455 1674 2507; x_wconf 67' lang='lat' dir='ltr'>pertinaci-,1</span> <span class='ocrx_word' id='word_1_314' title='bbox 1705 2453 2006 2508; x_wconf 73' lang='lat' dir='ltr'>reprehenditur,</span> 
     </span>
     <span class='ocr_line' id='line_1_35' title="bbox 616 2517 2007 2574; baseline 0.002 -20"><span class='ocrx_word' id='word_1_315' title='bbox 616 2517 809 2555; x_wconf 73' lang='lat' dir='ltr'>calumnia</span> <span class='ocrx_word' id='word_1_316' title='bbox 827 2518 943 2556; x_wconf 81' lang='lat' dir='ltr'>ctiam</span> <span class='ocrx_word' id='word_1_317' title='bbox 963 2529 1183 2564; x_wconf 83' lang='lat' dir='ltr'>coercetur;</span> <span class='ocrx_word' id='word_1_318' title='bbox 1214 2534 1285 2573; x_wconf 82' lang='lat' dir='ltr'>ego</span> <span class='ocrx_word' id='word_1_319' title='bbox 1305 2520 1350 2558; x_wconf 89' lang='lat' dir='ltr'>dc</span> <span class='ocrx_word' id='word_1_320' title='bbox 1380 2520 1488 2558; x_wconf 87' lang='lat' dir='ltr'>omni</span> <span class='ocrx_word' id='word_1_321' title='bbox 1510 2521 1602 2558; x_wconf 79' lang='lat' dir='ltr'>statu</span> <span class='ocrx_word' id='word_1_322' title='bbox 1630 2521 1864 2574; x_wconf 74' lang='lat' dir='ltr'>consilioque</span> <span class='ocrx_word' id='word_1_323' title='bbox 1890 2520 2007 2558; x_wconf 79' lang='lat' dir='ltr'>totius</span> 
     </span>
     <span class='ocr_line' id='line_1_36' title="bbox 616 2583 2008 2640; baseline 0.002 -19"><span class='ocrx_word' id='word_1_324' title='bbox 616 2583 703 2622; x_wconf 81' lang='lat' dir='ltr'>vita:</span> <span class='ocrx_word' id='word_1_325' title='bbox 722 2592 785 2622; x_wconf 83' lang='lat' dir='ltr'>aut</span> <span class='ocrx_word' id='word_1_326' title='bbox 801 2593 939 2623; x_wconf 74' lang='lat' dir='ltr'>certare</span> <span class='ocrx_word' id='word_1_327' title='bbox 959 2598 1050 2624; x_wconf 87' lang='lat' dir='ltr'>cum</span> <span class='ocrx_word' id='word_1_328' title='bbox 1071 2585 1153 2625; x_wconf 81' lang='lat' dir='ltr'>aliis</span> <span class='ocrx_word' id='word_1_329' title='bbox 1171 2587 1406 2640; x_wconf 82' lang='lat' dir='ltr'>pugnaciter,</span> <span class='ocrx_word' id='word_1_330' title='bbox 1428 2597 1492 2626; x_wconf 85' lang='lat' dir='ltr'>aut</span> <span class='ocrx_word' id='word_1_331' title='bbox 1509 2586 1674 2626; x_wconf 80' lang='lat' dir='ltr'>frustrari</span> <span class='ocrx_word' id='word_1_332' title='bbox 1690 2601 1781 2627; x_wconf 90' lang='lat' dir='ltr'>cum</span> <span class='ocrx_word' id='word_1_333' title='bbox 1797 2586 1903 2632; x_wconf 81' lang='lat' dir='ltr'>alios,</span> <span class='ocrx_word' id='word_1_334' title='bbox 1922 2595 2008 2625; x_wconf 86' lang='lat' dir='ltr'>tum</span> 
     </span>
    </p>
   </div>
  </div>
 </body>
</html>
