2330 2983
656 209 929 248 LIBER
986 208 1482 248 SECUNDUS.
1689 211 1763 260 289

382 310 487 362 Ergo
505 307 567 347 his
587 307 777 346 laboriofis
797 307 1132 346 exercitationibus
1161 316 1198 346 et
1218 307 1326 346 dolor
1346 307 1563 345 intercurrit
1583 320 1763 346 nonnun-

379 388 511 427 quam.
543 373 814 426 Impelluntur‚
834 373 1037 417 feriuntur,
1059 373 1304 424 abjiciuntur,
1325 372 1491 411 cadunt:
1513 373 1640 425 etipse
1660 373 1764 411 labor

380 439 483 491 quafi
503 438 646 476 callum
667 437 860 488 quoddam
880 436 1040 474 obducit
1060 436 1196 473 dolori.

433 502 545 540 XVI.
574 500 764 539 Militiam
783 514 873 539 vero
892 499 1057 537 nostram
1077 499 1178 543 dico,
1204 511 1280 536 non
1301 499 1583 549 Spartiatarum,
1600 515 1764 552 quorum

379 565 549 620 procedit
568 565 613 603 ad
632 565 810 609 modum,
836 565 882 602 ad
903 564 1053 609 tibiam,
1075 577 1144 601 nec
1165 562 1367 601 adhibetur
1386 563 1465 600 ulla
1482 564 1557 601 fine
1576 567 1764 617 anapaestis

379 631 539 683 pedibus
557 630 736 668 hortatio.
769 629 900 668 Nostri
920 629 1108 667 exercitus
1130 630 1301 681 primum
1322 628 1423 666 unde
1443 642 1584 667 nomen
1603 628 1765 669 habeant

379 696 482 734 vides
501 711 512 734 :
542 695 678 734 deinde
697 695 765 747 qui
785 695 891 733 labor
909 704 946 733 et
966 703 1130 746 quantus
1155 694 1332 747 agminiS,
1353 693 1449 732 ferre
1468 694 1554 747 plus
1575 695 1763 733 dimidiati

379 761 515 799 menfis
536 760 675 799 cibaria
692 775 701 799 :
722 759 832 804 ferre,
849 760 876 799 fi
896 760 990 812 quid
1008 759 1055 798 ad
1075 759 1187 797 usum
1199 759 1341 797 velint:
1364 758 1459 797 ferre
1478 759 1636 797 vallum.
1660 760 1764 798 Nam

379 826 544 870 scutum,
565 825 752 878 gladium,
773 826 935 877 galeam,
967 826 1006 864 in
1026 838 1140 864 onere
1166 823 1281 863 nostri
1306 824 1449 862 milites
1469 837 1546 862 non
1572 825 1658 877 plus
1689 839 1763 863 nu-

378 900 527 929 merant
556 904 673 943 quam
691 890 887 936 humeros,
918 891 1091 935 lacertos,
1121 903 1281 929 manus:
1317 903 1421 929 arma
1452 889 1556 928 enim
1590 891 1765 929 membra

377 957 515 995 militis
535 956 606 994 effe
634 956 768 994 dicunt
783 973 796 1000 ς
827 970 911 1008 quae
934 956 1092 1008 quidem
1121 957 1174 993 ita
1191 964 1374 1008 geruntur
1393 965 1493 1008 apte,
1529 964 1585 1000 ut,
1620 956 1646 994 fi
1677 955 1764 995 usus

377 1020 490 1066 foret,
525 1021 679 1073 abjectis
710 1021 902 1066 oneribus,
937 1021 1122 1073 expeditis
1141 1021 1270 1064 armis,
1299 1029 1342 1058 ut
1367 1021 1566 1065 membris,
1596 1034 1764 1072 pugnare

376 1085 530 1138 poffint.
561 1084 670 1136 Qid
687 1085 907 1122 exercitatio
925 1085 1151 1136 legionum?
1184 1084 1292 1135 Qid
1310 1084 1322 1120 ?
1351 1085 1416 1121 ille
1435 1084 1578 1127 cursus,
1598 1097 1763 1122 concur-

376 1150 451 1195 sus,
485 1150 644 1194 clamor,
666 1149 800 1202 quanti
833 1149 972 1187 laboris
992 1148 1074 1186 est?
1112 1149 1174 1187 Ex
1203 1147 1278 1186 hoc
1312 1148 1377 1186 ille
1396 1148 1547 1186 animus
1566 1148 1606 1186 in
1625 1148 1762 1200 praeliis

376 1224 525 1268 paratus
545 1214 591 1253 ad
610 1215 778 1253 vulnera.
823 1214 964 1253 Adduc
983 1215 1063 1267 pari
1082 1214 1212 1253 animo
1245 1213 1537 1253 inexercitatum
1570 1213 1735 1251 militem
1749 1232 1760 1258 ;

377 1281 517 1319 mulier
535 1280 740 1318 videbitur.
783 1281 893 1318 Cur?
925 1282 1101 1318 Tantum
1131 1278 1282 1317 interest
1307 1279 1406 1316 inter
1435 1291 1579 1319 novum
1599 1287 1638 1315 et
1657 1287 1762 1315 vete-

378 1359 460 1383 rem
479 1346 706 1389 exercitum,
727 1354 913 1397 quantum
935 1345 1081 1397 experti
1100 1344 1244 1383 sumus.
1276 1344 1382 1382 AEtas
1401 1344 1571 1381 tironum
1591 1342 1762 1394 plerum-

377 1424 453 1462 que
471 1410 630 1448 melior:
662 1410 723 1448 sed
750 1409 845 1448 ferre
864 1410 1047 1455 laborem,
1079 1420 1322 1448 contemnere
1348 1409 1500 1453 vulnus,
1531 1408 1765 1447 consuetudo

378 1476 502 1514 docet.
544 1475 651 1524 Qin
670 1475 786 1513 etiam
805 1475 980 1513 videmus
1000 1488 1046 1513 ex
1066 1475 1144 1512 acie
1163 1473 1286 1512 efferri
1305 1474 1398 1526 saepe
1417 1473 1573 1517 saucios,
1603 1482 1642 1510 et
1671 1473 1762 1524 qui-

378 1541 468 1579 dem
487 1541 622 1579 rudem
651 1540 767 1578 illum
786 1549 825 1578 et
843 1540 1151 1584 inexercitatum,
1177 1539 1352 1591 quamvis
1372 1539 1445 1576 levi
1471 1539 1564 1582 ictu,
1595 1537 1762 1590 ploratus

376 1605 609 1659 turpiffimos
642 1604 764 1643 edere.
806 1607 861 1643 At
881 1618 967 1643 vero
985 1604 1051 1642 ille
1070 1605 1296 1642 exercitatus
1316 1612 1354 1642 et
1373 1612 1495 1648 vetus,
1527 1603 1578 1641 ob
1602 1616 1764 1656 eamque

376 1684 456 1710 rem
474 1670 622 1715 fortior,
644 1671 841 1709 medicum
860 1671 977 1709 modo
998 1670 1206 1723 requirens,
1224 1683 1245 1707 a
1263 1683 1341 1721 quo
1360 1668 1566 1721 obligetur,

513 1738 547 1776 Ο
567 1737 749 1782 Patrocle,
782 1737 944 1790 (inquit)
974 1735 1025 1774 ad
1051 1751 1115 1774 vos
1143 1735 1332 1774 adveniens
1361 1734 1533 1772 auxilium
1565 1742 1601 1772 et
1629 1733 1763 1785 vestras

564 1816 689 1840 manus
701 1811 797 1854 peto,

512 1867 727 1919 Priusquam
745 1875 865 1919 oppeto
883 1867 1009 1904 malam
1022 1865 1159 1919 pestem,
1180 1865 1383 1903 mandatam
1401 1862 1514 1916 hostili
1527 1877 1633 1901 manu
1648 1878 1662 1901 .-

514 1932 639 1984 Neque
643 1932 797 1985 sanguis
816 1932 882 1970 ullo
895 1931 991 1984 potis
1006 1931 1050 1983 est
1059 1933 1166 1983 paflo
1177 1931 1355 1983 prqfluens
1373 1928 1558 1981 cotfistere,

515 1998 558 2034 Si
572 2012 642 2050 qua
646 1997 830 2051 sapientiai
846 1998 958 2049 magis
976 1997 1096 2048 ‘uestra‘v
1111 1996 1274 2035 devitari
1288 2010 1380 2034 mors
1387 1994 1511 2046 potest.

513 2063 611 2100 Nam
630 2062 816 2115 AEsc’lapii
830 2062 1017 2101 liberorum
1019 2062 1145 2115 fhucii
1160 2062 1298 2114 opplent
1310 2060 1473 2112 porticus
1485 2075 1498 2097 .-

513 2128 597 2165 Non
610 2127 720 2180 potest
737 2127 865 2166 accedi.

433 2193 565 2230 XVII.
597 2195 710 2231 Certe
729 2193 946 2245 Eurypylus
966 2192 1030 2231 hic
1050 2191 1207 2244 quidem
1228 2191 1293 2229 est.
1342 2190 1560 2229 Hominem
1580 2189 1761 2227 exercita-

379 2268 464 2296 tum
482 2258 489 2294 !
522 2258 589 2296 ubi
609 2267 758 2296 tantum
779 2259 903 2296 luctus
923 2258 1195 2296 continuatur?
1226 2257 1338 2301 Vide,
1361 2269 1477 2308 quam
1491 2269 1568 2293 non
1587 2254 1762 2292 flebiliter

381 2322 622 2375 respondeat3
652 2323 838 2362 rationem
869 2324 984 2362 etiam
1003 2323 1145 2368 afferat,
1178 2337 1247 2361 cur
1266 2335 1374 2374 aequo
1401 2321 1529 2359 animo
1550 2320 1615 2358 fibi
1638 2319 1762 2357 feren-

381 2387 474 2425 dum
494 2387 561 2425 fit:

1064 2453 1139 2505 Qi
1153 2452 1265 2492 alteri
1277 2451 1423 2490 aritium
1433 2458 1563 2502 parat,

517 2519 611 2557 Eum
614 2518 714 2571 scire
731 2529 867 2574 oportet
870 2518 948 2572 fibi
955 2528 1130 2574 paratam
1144 2519 1280 2572 pestem,
1303 2527 1342 2556 ut
1353 2515 1547 2569 participet
1557 2524 1696 2568 parem.

479 2584 518 2622 T
533 2597 556 2623 o
573 2597 622 2623 M.
656 2585 709 2626 11.
1385 2582 1423 2619 O
1443 2594 1467 2620 0
