2330 2983
685 222 961 262 LIBER
1017 220 1431 260 TERTIUS.
1687 236 1759 277 ¹59

361 326 474 366 fundi
494 326 661 379 quodam
678 325 795 364 modo
815 335 852 363 et
872 325 975 377 quasi
991 324 1139 363 dilatari
1159 333 1309 377 putant.
1333 324 1497 362 Divitias
1513 333 1642 362 autem
1659 326 1758 363 Dio-

361 406 476 446 genes
496 392 622 430 censet
643 405 720 429 non
751 404 835 428 eam
855 391 974 429 modo
1004 391 1085 428 vim
1105 389 1257 435 habere,
1290 399 1333 427 ut
1364 390 1466 442 quafi
1488 391 1602 428 duces
1624 391 1695 429 fint
1714 392 1761 429 ad

361 459 600 510 voluptatem
618 467 656 495 et
686 457 732 495 ad
762 456 1021 494 valetudinem
1042 456 1200 500 bonam,
1233 455 1295 493 sed
1314 457 1430 494 etiam
1459 465 1502 494 ut
1521 470 1562 494 ea
1581 458 1758 495 contine-

360 532 451 568 ant;
483 536 560 561 non
591 523 694 560 idem
726 521 848 559 facere
878 534 937 559 eas
968 521 1009 558 in
1029 521 1184 565 virtute,
1215 533 1341 573 neque
1366 521 1408 558 in
1438 522 1580 559 caeteris
1600 523 1758 568 artibus,

359 589 406 626 ad
436 602 528 641 quas
563 587 633 626 effe
666 589 747 626 dux
779 587 941 640 pecunia
969 577 1104 640 potest,
1137 587 1334 624 continere
1365 596 1494 624 autem
1520 600 1594 624 non
1623 589 1756 640 potest.

361 655 495 708 Itaque
514 654 540 692 fi
560 654 752 707 voluptas,
772 662 837 691 aut
856 653 882 691 fi
903 653 1002 692 bona
1021 652 1196 690 valetudo
1216 653 1262 690 fit
1280 653 1320 690 in
1341 653 1471 697 bonis,
1489 653 1638 691 divitias
1659 668 1758 706 quo-

361 734 437 773 que
457 721 498 758 in
518 720 630 759 bonis
649 719 720 758 effe
739 720 931 773 ponendas
951 734 960 758 :
983 728 1034 764 at,
1056 719 1082 756 s1
1103 718 1285 771 sapientia
1305 719 1453 756 bonum
1473 718 1529 763 fit,
1546 733 1622 757 non
1640 720 1758 772 sequi,

360 796 405 824 ut
422 787 539 825 ctiam
559 786 710 825 divitias
730 786 879 824 bonum
899 785 971 824 effe
989 786 1184 823 dicamus„
1237 786 1324 824 Nec
1344 786 1391 823 ab
1412 785 1490 823 ulla
1509 800 1561 830 re,
1579 800 1663 838 quae
1680 797 1763 825 non·

362 852 407 889 fit
426 852 466 890 in
487 852 614 896 bonis,
644 851 703 896 id,
730 851 834 903 quod
854 851 898 889 fit
919 851 958 888 in
980 850 1106 895 bonis,
1136 851 1325 888 contineri
1345 851 1467 903 potest
1485 865 1492 888 :
1527 851 1576 889 ob
1599 865 1761 904 eamque

363 918 528 963 causam,
563 918 653 970 quia
683 918 921 970 cognitiones
942 915 1374 970 comprehenfionesque
1395 931 1538 962 rerum,
1571 932 1592 955 e
1617 919 1760 971 quibus

363 984 585 1022 efficiuntur
604 993 715 1028 artes,
736 984 1012 1036 appetitionem
1034 992 1193 1021 movent
1208 1002 1220 1028 3
1251 997 1344 1021 curn
1365 984 1507 1021 divitiae
1529 998 1606 1022 non
1627 985 1700 1022 fint
1720 986 1761 1022 in

363 1050 488 1094 bonis,
519 1049 625 1087 nulla
644 1062 701 1087 ars
721 1049 865 1087 divitiis
885 1050 1074 1088 contineri
1095 1049 1230 1102 potest,
1275 1088 1279 1091 ,

417 1115 536 1166 Qod
562 1115 588 1153 fi
609 1115 655 1152 de
674 1115 818 1152 artibus
838 1115 1108 1159 concedamus,
1129 1115 1281 1152 virtutis
1303 1123 1431 1152 tamen
1452 1128 1529 1152 non
1556 1114 1600 1152 sit
1627 1116 1759 1154 eadem

362 1180 456 1218 ratio
472 1199 484 1225 ς
516 1190 715 1233 propterea
734 1180 840 1232 quod
858 1179 941 1218 haec
960 1179 1137 1232 plurimae
1157 1180 1495 1218 commentationis
1516 1190 1552 1217 et
1573 1183 1759 1219 exercita-

362 1245 477 1284 tionis
498 1246 684 1299 indigeat,
702 1246 807 1298 quod
827 1246 932 1284 idem
952 1246 996 1284 in·
1009 1246 1154 1284 artibus
1175 1259 1253 1283 non
1272 1245 1316 1283 s1t
1331 1264 1343 1290 3
1365 1255 1402 1283 et
1423 1246 1527 1298 quod
1547 1247 1666 1285 virtus
1687 1247 1762 1285 sta·-

362 1311 566 1356 bilitatem,
588 1311 832 1356 firmitatem,
856 1311 1108 1350 constantiam
1134 1312 1253 1348 totius
1274 1312 1359 1349 vitae
1380 1311 1669 1364 compledtatun
1691 1326 1766 1351 nec-

363 1377 494 1414 eadem
514 1376 596 1415 haec
615 1377 655 1414 in
676 1377 820 1414 artibus
841 1376 912 1415 effe
930 1377 1139 1414 videamus.

418 1443 620 1495 Deinceps<
644 1442 857 1495 explicatur:
885 1441 1098 1481 differentia
1128 1455 1283 1487 rerum3
1330 1456 1446 1495 quam
1480 1443 1505 1480 si
1533 1456 1610 1481 non
1639 1443 1761 1483 ullam

363 1508 434 1547 effe
468 1509 698 1553 diceremus,
727 1507 1026 1546 confunderetur
1056 1508 1183 1546 omnis
1203 1509 1294 1552 vita,
1326 1516 1369 1545 ut
1388 1508 1434 1546 ab
1456 1508 1656 1547 Aristone:
1689 1523 1759 1549 nec

363 1575 490 1613 ullum
512 1575 699 1627 sapientiae
729 1587 871 1612 munus
890 1584 956 1611 aut
984 1587 1082 1627 opus
1102 1574 1347 1619 inveniretur,
1369 1587 1461 1612 cum
1482 1575 1582 1613 inter
1602 1589 1658 1614 res
1683 1589 1757 1621 eas,

362 1654 446 1693 quae
478 1640 523 1678 ad
556 1642 674 1678 vitam
707 1639 917 1691 degendam
950 1640 1199 1692 pertinerent,
1245 1638 1350 1678 nihilv
1376 1641 1538 1679 omnino
1571 1641 1771 1680 intereffet

361 1719 483 1759 neque
505 1706 629 1744 ullum
650 1706 841 1744 deleetum
861 1704 1038 1744 adhiberi*
1053 1716 1257 1758 oporteret.
1301 1708 1436 1759 Itaque
1455 1721 1548 1746 cum
1567 1707 1653 1746 satis
1673 1708 1761 1747 effet

361 1772 629 1817 constitutum,
666 1772 705 1809 id
724 1772 849 1810 solum
869 1771 940 1809 effe
960 1773 1122 1816 bonum,
1155 1772 1259 1824 quod
1285 1771 1374 1810 esset
1407 1771 1624 1818 honestum,
1653 1784 1691 1812 et
1720 1775 1761 1812 id

361 1838 510 1876 malum
531 1838 668 1881 solum,
693 1838 796 1889 quod
817 1848 927 1889 turpe
943 1856 956 1882 ;
988 1848 1074 1876 tum
1094 1839 1193 1876 inter
1211 1837 1307 1883 haec,
1330 1848 1369 1876 et
1383 1839 1449 1877 illa
1468 1853 1555 1891 quae
1573 1839 1673 1877 nihil
1693 1854 1760 1878 va-

362 1905 482 1942 lerent
503 1904 549 1942 ad
579 1904 685 1942 beate
717 1904 895 1942 misereve
926 1904 1150 1949 vivendum,
1181 1904 1328 1956 aliquid
1360 1914 1501 1951 tamen,
1534 1919 1612 1958 quo
1646 1907 1759 1944 diffe-

362 1981 458 2016 rent,
493 1970 562 2009 effe
583 1970 801 2015 voluerunt,
838 1980 880 2008 ut
903 1970 1019 2008 effent
1038 1985 1173 2009 eorum
1192 1971 1265 2009 alja
1283 1971 1532 2018 aestimabilia,
1564 1973 1635 2011 alia
1662 1987 1768 2012 conr

363 2037 432 2082 tra,
454 2037 525 2075 alia
544 2046 739 2075 neutrum.

417 2106 515 2155 Qae
535 2113 664 2142 autem
685 2103 1050 2150 aestimanda-essent,
1083 2117 1218 2142 eorum
1248 2105 1288 2143 in
1309 2105 1391 2143 aliis
1412 2104 1496 2143 satis
1528 2105 1599 2144 csse
1627 2107 1756 2153 causae,

361 2170 616 2223 quamobrem
647 2170 876 2222 quibusdam
907 2178 1238 2222 anteponerentur,
1270 2171 1372 2209 utin
1393 2171 1623 2217 valetudine,
1654 2183 1696 2210 ut
1717 2174 1766 2211 in*

362 2237 578 2288 integritate
609 2235 799 2281 sensuum,
831 2245 873 2273 ut
893 2236 932 2274 in
961 2236 1101 2274 doloris
1122 2237 1324 2282 vacuitate,
1355 2247 1398 2275 ut
1430 2238 1469 2275 in
1489 2238 1622 2290 gloria,
1656 2239 1757 2276 divi-

362 2303 440 2347 tiis,
472 2302 660 2340 fimilibus
690 2302 833 2340 rebus:
866 2302 938 2340 alia
961 2313 1090 2341 autem
1124 2317 1207 2342 non·
1232 2303 1302 2341 effe
1335 2303 1536 2356 ejusmodi.
1579 2306 1758 2357 Itemque

361 2381 511 2412 eorum,
544 2381 628 2420 quae
656 2368 761 2406 nulla
780 2367 1024 2407 aestimatione
1057 2369 1172 2422 digna
1191 2370 1320 2415 essent,
1353 2371 1493 2423 partim
1514 2370 1599 2407 satis
1619 2369 1758 2409 habere

363 2434 495 2478 causae,
526 2434 778 2486 quamobrem
797 2435 1055 2487 rejicerentur,
1079 2446 1121 2473 ut
1145 2436 1331 2481 dolorem,
1353 2437 1551 2481 morbum,
1580 2436 1766 2476 sensuum=

361 2501 614 2545 amiffionem,
645 2510 917 2553 paupertatem,
949 2502 1218 2554 ignominiam,
1249 2502 1387 2540 fimilia
1414 2501 1584 2548 horum;
1615 2504 1756 2556 partim

361 2579 452 2605 non.
513 2567 690 2619 Itemque
712 2565 805 2606 hinc
838 2566 909 2606 effe
941 2567 1039 2606 illud
1059 2576 1250 2614 exortum,
1281 2567 1385 2621 quod
1407 2567 1517 2607 Zeno
1545 2564 1755 2617 πϋηγμῖρον,
