2330 2983
663 288 740 328 ²50
973 271 1751 311 TUSCULANARUM

658 383 744 423 quae
774 369 908 408 timeat
937 368 1017 415 issa,
1048 383 1132 422 quae
1151 382 1218 408 vos
1248 368 1442 414 videlicet,
1473 368 1500 407 si
1531 367 1684 422 phyfica
1709 381 1786 407 non
1817 367 2051 415 didicissetis,
2114 371 2116 374 '

657 435 843 475 timeretis
861 435 875 472 ?

793 500 1026 540 Acheruntia
1044 501 1188 554 templa,
1217 501 1296 540 alta
1317 501 1420 546 Orci,
1443 500 1583 553 pallida

793 567 896 612 Leti,
917 567 1093 612 obnubilo,
1114 566 1222 619 offla
1241 567 1393 606 tenebris
1410 567 1497 605 loca.

657 633 751 673 Non
771 633 891 685 pudet
923 631 1200 686 philosophum
1233 633 1274 671 in
1294 646 1339 671 eo
1368 632 1537 685 gloriari,
1572 631 1678 683 quod
1696 630 1778 670 haec
1807 644 1886 670 non
1907 630 2054 674 timeat,

658 707 697 737 et
731 698 837 750 quod
867 697 959 736 falsa
984 697 1054 736 effe
1086 697 1340 750 cognoverit?
1371 698 1434 736 Ex
1464 710 1544 749 quo
1569 697 1737 750 intelligi
1771 696 1907 749 potest,
1938 709 2056 748 quam

659 764 764 802 acuti
794 763 929 802 natura
947 764 1034 808 lint,
1065 764 1135 816 qui
1155 763 1237 802 haec
1256 763 1333 801 fine
1353 763 1524 801 doctrina
1544 763 1726 800 credituri
1745 761 1901 801 fuerint.
1952 763 2055 801 Prae-

656 830 806 868 clarum
825 838 955 867 autem
974 828 1102 866 nescio
1122 829 1219 881 quid
1238 828 1365 880 adepti
1386 828 1486 873 sunt,
1519 828 1588 880 qui
1619 828 1850 872 didicerunt,
1881 827 1930 871 se,
1961 840 2054 865 cum

655 904 809 948 tempus
829 895 967 933 mortis
985 893 1156 939 venisset,
1177 902 1277 932 totos
1298 893 1369 931 effe
1388 894 1590 946 perituros.
1634 893 1752 945 Qod
1774 903 1816 931 ut
1846 892 1904 938 fit,
1938 891 2055 944 (nihil

655 961 761 999 enim
775 961 926 1013 pugno)
949 961 1043 1012 quid
1061 958 1179 998 habet
1194 959 1261 998 ista
1276 973 1331 997 res
1347 967 1412 997 aut
1432 959 1609 1004 laetabile,
1626 968 1692 997 aut
1706 958 1917 1011 gloriosum
1932 959 1945 995 ?
1968 958 2055 996 Nec

656 1035 786 1065 tamen
817 1024 918 1063 mihi
938 1025 1022 1063 sane
1047 1025 1264 1078 quidquam
1294 1025 1476 1070 occurrit,
1506 1038 1575 1063 cur
1596 1038 1675 1063 non
1695 1022 1920 1077 Pythagorae
1940 1024 1998 1068 fit,
2019 1032 2057 1062 et

656 1092 827 1132 Platonis
858 1105 945 1129 vera
964 1091 1160 1129 sententia.
1184 1092 1242 1129 Ut
1260 1091 1366 1129 enim
1387 1091 1573 1129 rationem
1594 1090 1703 1129 Plato
1723 1090 1871 1128 nullam
1891 1089 2055 1134 afferret,

658 1158 778 1211 (vide,
811 1157 906 1210 quid
924 1156 1077 1196 homini
1098 1157 1285 1209 tribuam)
1307 1157 1386 1210 ipsa
1404 1157 1625 1195 auctoritate
1646 1170 1709 1195 me
1728 1155 1930 1209 frangeret.
1977 1157 2059 1194 Tot

654 1233 787 1263 autem
807 1224 970 1262 rationes
988 1223 1133 1268 attulit,
1166 1232 1209 1262 ut
1227 1223 1326 1262 velle
1345 1223 1504 1269 caeteris,
1535 1223 1605 1261 fibi
1625 1232 1739 1268 certe,
1766 1221 1976 1275 persuafiffe
1997 1222 2056 1260 vi-

655 1290 802 1328 deatur.

709 1355 846 1393 XXII.
879 1354 950 1392 Sed
979 1353 1141 1407 plurimi
1171 1363 1304 1393 contra
1323 1355 1514 1399 nituntur,
1545 1352 1783 1406 animosque,
1811 1354 1913 1406 quasi
1932 1353 2058 1406 capite

655 1421 870 1466 damnatos,
901 1428 1027 1459 morte
1059 1418 1256 1466 multant;
1287 1435 1413 1474 neque
1442 1420 1547 1459 aliud
1572 1420 1624 1459 est
1644 1419 1875 1473 quidquam,
1906 1433 1975 1457 cur
1994 1419 2057 1457 in—

656 1486 851 1526 credibilis
872 1484 932 1524 his
953 1486 1173 1524 animorum
1193 1486 1366 1524 videatur
1396 1487 1597 1531 aeternitas,
1629 1485 1696 1524 nifi
1719 1485 1823 1538 quod
1845 1494 2057 1538 nequeunt,

655 1552 781 1606 qualis
801 1553 954 1591 animus
974 1552 1018 1590 fit
1038 1565 1171 1590 vacans
1192 1565 1364 1605 corpore,
1385 1553 1614 1605 intelligere,
1635 1562 1673 1590 et
1692 1552 1925 1605 cogitatione
1943 1565 2057 1589 com·

657 1617 904 1672 prehendere.
949 1617 1074 1669 Qasr
1096 1631 1184 1656 vero
1219 1618 1450 1670 intelligant,
1481 1618 1605 1670 qualis
1640 1618 1683 1655 fit
1715 1618 1754 1655 in
1781 1617 1862 1670 ipso
1882 1630 2057 1669 corpore,

656 1698 743 1737 quae
772 1683 1044 1728 conformatio,
1075 1696 1160 1735 quae
1190 1684 1431 1736 magnitudo,
1463 1684 1531 1735 qui
1558 1683 1692 1721 locus:
1726 1692 1782 1727 ut,
1813 1683 1838 1720 fi
1854 1683 1936 1734 jam
1969 1682 2057 1735 pos-

658 1749 738 1788 sent
766 1750 807 1787 in
826 1748 988 1788 homine
1008 1762 1086 1786 uno
1105 1749 1209 1786 cerni
1229 1749 1373 1793 omnia,
1404 1762 1488 1801 quae
1508 1762 1610 1786 nunc
1634 1750 1729 1786 tecta
1754 1748 1853 1792 sunt,
1886 1747 2056 1785 casurus-

657 1829 705 1853 ne
736 1815 777 1853 in
806 1814 1053 1868 conspectum
1083 1813 1282 1859 videatur,
1315 1827 1360 1852 an
1383 1823 1485 1852 tanta
1505 1814 1548 1852 fit
1568 1814 1648 1866 ejus
1671 1814 1848 1858 tenuitas,
1871 1823 1912 1851 ut
1936 1813 2059 1866 fugiat

659 1881 796 1919 aciem.

720 1948 818 1985 Haec
844 1953 1021 1999 reputent
1055 1945 1129 1991 isti,
1159 1946 1226 1998 qui
1247 1955 1400 1998 negant,
1432 1946 1608 1984 animum
1644 1946 1718 1984 fine
1739 1959 1895 1998 corpore
1927 1946 1961 1983 sc
1999 1945 2058 1983 in-

658 2013 830 2065 telligere
851 2011 966 2064 posse.
998 2011 1210 2056 Videbunt,
1232 2026 1349 2064 quem
1370 2013 1409 2049 in
1430 2012 1511 2064 ipso
1531 2025 1688 2064 corpore
1709 2012 1938 2064 intelligant.
1973 2012 2058 2049 Mi-

658 2077 701 2116 hi
734 2077 908 2129 quidem,
940 2085 1113 2114 naturam
1145 2077 1264 2114 animi
1297 2077 1476 2121 intuenti,
1514 2076 1638 2115 multo
1669 2077 1865 2114 difficilior
1895 2078 2061 2115 occurrit

659 2143 858 2197 cogitatio,
903 2143 1107 2195 multoque
1135 2143 1344 2187 obscurior,
1391 2143 1514 2196 qualis
1550 2144 1702 2181 animus
1735 2143 1773 2180 in
1808 2156 1965 2195 corpore
2002 2142 2060 2186 sit,

660 2221 844 2263 tanquam
865 2209 994 2247 alienae
1025 2209 1148 2254 domi,
1175 2222 1293 2262 quam
1314 2210 1452 2262 qualis,
1483 2223 1575 2248 cum
1596 2210 1743 2253 exierit,
1776 2220 1812 2247 et
1834 2211 1871 2247 in
1895 2209 2061 2247 liberum

660 2277 813 2321 caelum,
834 2275 936 2328 quasi
959 2276 1000 2313 in
1017 2276 1179 2313 domum
1202 2275 1320 2320 suam,
1343 2277 1501 2315 venerit.
1535 2277 1571 2315 Si
1593 2277 1712 2321 enim,
1735 2276 1838 2328 quod
1861 2289 2061 2327 nunquam

660 2342 844 2385 vidimus,
876 2341 913 2378 id
934 2340 1044 2393 quale
1066 2341 1123 2385 fit,
1146 2341 1358 2394 intelligere
1380 2356 1455 2380 non
1478 2342 1702 2395 possumus,
1734 2352 1849 2386 certe,
1871 2352 1907 2379 ct
1930 2342 2061 2379 Deum

664 2408 803 2460 ipsum,
819 2416 858 2445 et
877 2406 1053 2445 divinum
1073 2408 1263 2452 animum,
1285 2422 1442 2461 corpore
1462 2409 1682 2453 liberatum,
1697 2409 1930 2462 cogitatione
1949 2421 2060 2445 com-

665 2473 777 2525 plecti
800 2486 875 2511 non
897 2472 1106 2525 possumuS.
1159 2472 1405 2513 Dicmarchus
1426 2475 1586 2527 quidem
1607 2484 1644 2512 ct
1673 2475 1938 2517 Aristoxenus,
1972 2474 2063 2525 quia

662 2538 832 2576 difficilis
852 2547 930 2576 crat
950 2538 1084 2583 animi,
1119 2538 1213 2591 quid
1234 2549 1298 2577 aut
1325 2540 1448 2594 qualis
1469 2541 1573 2587 effe-t,
1607 2540 1876 2594 intelligentia,
1906 2538 2062 2578 nullum

660 2603 823 2643 omuino
841 2604 1018 2644 animum
1037 2603 1107 2644 effe
1127 2605 1322 2646 dixerunt.
