2330 2983
592 271 911 309 LIBER
987 271 1391 310 PRIMUs.
1646 286 1693 327 71

306 362 512 415 quandam,
533 373 800 415 procurantem
820 363 979 402 caelestia
993 365 1174 409 maxime,
1194 365 1330 403 deinde
1349 365 1389 403 in
1410 365 1518 404 terris
1537 379 1592 411 ea,
1613 381 1698 420 quae

305 429 498 482 pertinent
517 429 561 467 ad
578 427 753 467 homines
769 444 777 467 :
800 444 918 482 quam
934 431 1130 469 interdum
1149 431 1323 476 eandem,
1337 431 1608 471 Neceffitatem
1628 447 1697 487 ap-

305 495 461 547 pellant,
482 495 573 547 quia
591 494 689 532 nihil
709 496 817 533 aliter
836 496 906 534 effe
926 497 1051 549 poffit,
1072 507 1187 549 atque
1212 497 1259 534 ab
1278 510 1321 534 ea
1340 499 1593 538 constitutum
1624 500 1667 538 s1t
1682 518 1695 545 ;

305 560 499 599 interdum
517 561 618 613 quasi
639 559 795 599 fatalem
815 571 853 599 et
884 562 1173 600 immutabilem
1200 563 1530 602 continuationem
1555 566 1699 604 ordinis

306 625 548 680 sempiterni:
572 640 853 679 nonnunquam
873 628 1032 679 quidem
1051 628 1226 673 eandem,
1242 629 1467 674 Fortunam,
1489 631 1594 682 quod
1613 632 1699 669 effi-

305 692 380 730 ciat
399 692 523 730 multa
541 693 744 745 improvisa
763 692 859 738 haec,
878 707 947 732 nec
963 695 1116 747 opinata
1132 693 1244 732 nobis
1258 704 1413 748 propter
1427 696 1700 737 obscuritatem

305 757 661 812 ignorationemque
680 758 890 797 causarum.

360 823 473 862 VIII.
496 824 630 861 Tertia
649 824 786 861 deinde
806 822 1059 877 philosophiae
1075 838 1173 878 pars,
1195 839 1279 877 quae
1294 835 1371 864 erat
1388 827 1428 865 in
1448 827 1591 866 ratione
1605 838 1643 866 et
1658 829 1700 867 in

305 889 528 934 differendo,
562 890 612 928 fic
641 890 870 928 trastabatur
903 890 949 928 ab
983 891 1165 943 utrisque.
1224 892 1459 945 Qanquam
1489 894 1650 932 oriretur
1679 908 1701 932 a

305 955 483 1000 sensibus,
503 965 630 993 tamen
651 969 728 993 non
748 955 818 993 ess'e
833 955 1028 1008 judicium
1047 956 1214 994 veritatis
1233 957 1274 994 in
1294 957 1473 997 senfibus.
1519 959 1700 998 Met-item

305 1021 483 1059 volebant
503 1034 629 1059 rerum
650 1020 719 1058 effe
732 1021 907 1073 judicem
924 1036 933 1059 ε
965 1021 1082 1059 solam
1101 1021 1304 1060 censebant
1322 1023 1514 1069 idoneam,
1536 1025 1599 1062 cui
1615 1039 1699 1063 cre-

306 1087 456 1124 deretur
467 1105 478 1131 3
510 1087 601 1138 quia
634 1085 709 1123 sola
728 1095 899 1124 cerneret
923 1086 976 1131 id,
1008 1087 1112 1138 quod
1145 1087 1291 1140 semper
1321 1088 1422 1134 effet,
1453 1089 1627 1142 simplex,
1662 1100 1701 1129 et

307 1153 540 1198 uniusmodi,
567 1163 605 1190 et
625 1152 710 1197 tale,
733 1152 844 1205 quale
864 1152 965 1190 esset.
1007 1153 1121 1192 Hane
1141 1153 1200 1191 illi
1219 1153 1329 1193 ideam
1345 1156 1599 1208 appellabant,
1616 1158 1700 1210 jam

305 1233 327 1257 a
345 1220 504 1258 Platone
523 1219 576 1257 ita
594 1219 832 1257 nominatam
852 1234 861 1257 :
893 1232 961 1257 nos
982 1220 1236 1276 restespeciem
1254 1220 1450 1273 possumus
1472 1222 1610 1261 dicere.

361 1286 495 1325 Sensus
515 1295 645 1324 autem
665 1299 798 1324 omnes
828 1284 984 1324 hebetes
1004 1295 1041 1324 et
1061 1287 1185 1325 tardos
1212 1287 1282 1325 effe
1306 1288 1596 1335 arbitrabantur,
1630 1304 1700 1329 nec

306 1352 498 1405 percipere
517 1352 598 1390 ullo
627 1352 745 1389 modo
765 1366 820 1390 res
840 1366 914 1396 eas,
950 1366 1034 1404 quae
1065 1352 1240 1404 subjeftae
1271 1353 1436 1392 senfibus
1456 1355 1697 1402 viderentur5

308 1431 392 1471 quoe
411 1417 524 1456 essent
544 1426 609 1455 aut
628 1418 680 1456 ita
699 1430 834 1470 parvae,
856 1427 899 1455 ut
919 1417 987 1455 sub
1008 1417 1156 1456 sensum
1178 1419 1308 1457 cadere
1329 1434 1406 1458 non
1426 1420 1594 1473 possent,
1635 1431 1701 1461 aut

308 1485 361 1522 ita
380 1483 542 1523 mobiles
563 1493 600 1521 et
619 1484 832 1528 concitatae,
864 1493 906 1521 ut
926 1483 1025 1522 nihil
1046 1498 1217 1537 unquam
1238 1499 1360 1524 unum
1390 1487 1477 1525 esset
1496 1487 1667 1526 constans
1685 1507 1697 1533 ;

308 1565 355 1589 ne
383 1550 485 1588 idem
505 1549 677 1602 quidem,
700 1550 789 1601 quia
807 1550 1048 1588 continenter
1067 1550 1283 1589 laberentur
1311 1562 1349 1590 et
1377 1551 1534 1591 fluerent
1554 1555 1696 1594 omnia.

309 1618 442 1668 ltaque
460 1615 559 1653 hanc
580 1628 737 1653 omnem
756 1625 904 1668 partem
925 1629 1054 1654 rerum
1073 1617 1308 1669 opinabilem
1327 1619 1581 1672 appellabant.

363 1681 568 1720 Scientiam
602 1690 729 1719 autern
764 1682 952 1735 nusquam
971 1681 1041 1720 effe
1075 1683 1289 1729 censebant,
1322 1686 1391 1723 nifi
1411 1685 1452 1723 in
1472 1687 1592 1725 animi
1610 1701 1699 1726 mo-

307 1747 491 1792 tionibus,
535 1757 648 1800 atque
684 1747 906 1786 rationibus.
967 1750 1055 1800 Qa
1088 1748 1134 1786 de
1163 1749 1271 1787 causa
1301 1751 1542 1790 definitiones
1570 1767 1699 1792 rerum

305 1814 528 1867 probabant,
559 1822 597 1851 et
627 1812 694 1851 has
714 1814 759 1851 ad
789 1814 934 1859 omnia,
964 1814 1010 1851 de
1043 1815 1184 1867 quibus
1215 1815 1506 1869 disceptabatur,
1537 1818 1698 1858 adhibe-

306 1880 412 1918 bant.
438 1879 657 1917 Verborum
677 1880 792 1917 etiam
813 1880 1018 1932 explicatio
1037 1880 1281 1933 probabatur,
1303 1882 1342 1920 id
1357 1882 1423 1928 est,
1445 1897 1520 1935 qua
1539 1884 1584 1922 de
1605 1898 1696 1923 cau-

306 1945 341 1983 sa
360 1958 520 1998 quaeque
549 1944 664 1982 essent
695 1945 748 1983 ita
767 1946 962 1983 nominata
974 1964 984 1990 ;
1014 1960 1131 1998 quam
1147 1947 1422 2000 etymologiam
1440 1949 1695 2002 appellabant.

306 2011 395 2050 Post
414 2011 662 2064 argumentis,
684 2020 720 2048 et
739 2012 842 2063 quas1
862 2025 988 2050 rerum
1004 2013 1105 2051 notis
1126 2013 1303 2060 ducibus,
1325 2015 1530 2053 utebantur
1545 2017 1591 2054 ad
1606 2031 1697 2069 pro-

306 2077 477 2116 bandum
510 2086 548 2115 et
581 2077 627 2115 ad
647 2078 958 2116 concludendum
988 2079 1042 2123 id,
1074 2079 1179 2132 quod
1209 2081 1402 2133 explanari
1421 2082 1625 2121 volebant:
1656 2084 1700 2122 in

303 2157 382 2196 qua
410 2144 626 2182 tradebatur
655 2145 781 2182 omnis
811 2144 1016 2183 dialefficae
1035 2145 1248 2198 disciplina,
1279 2147 1319 2184 id
1341 2147 1406 2192 est,
1438 2149 1616 2187 orationis
1637 2163 1696 2187 ra-

303 2209 411 2247 tione
431 2209 630 2248 conclusae.
681 2211 789 2248 Huic
810 2211 911 2263 quafi
938 2224 983 2249 ex
1004 2211 1118 2248 altera
1147 2222 1251 2264 parte
1271 2214 1432 2251 oratoria
1460 2215 1514 2251 vis
1546 2214 1697 2252 dicendi

303 2273 568 2319 adhibebatur,
612 2275 837 2327 explicatrix
877 2277 1056 2315 orationis
1091 2286 1282 2331 perpetuae
1315 2279 1362 2316 ad
1395 2279 1697 2332 persuadendum

305 2342 614 2379 accommodatae.

362 2408 433 2445 IX.
466 2407 563 2445 Haec
581 2418 658 2446 erat
677 2408 753 2446 illis
773 2409 897 2461 prima
927 2422 947 2446 a
968 2409 1125 2448 Platone
1157 2410 1292 2449 tradita
1310 2425 1317 2449 :
1344 2411 1453 2462 cujus
1473 2424 1564 2463 quas
1585 2424 1695 2449 acce-

307 2473 429 2525 perim
450 2472 735 2526 disputationeS,
757 2475 782 2513 s1
803 2476 933 2519 vultis,
956 2489 1160 2528 exponam.
1207 2477 1290 2515 Nos
1310 2490 1397 2514 vero
1416 2477 1610 2522 volumus,
1632 2478 1693 2514 in·-

306 2551 438 2591 quam,
453 2547 494 2575 ut
508 2540 717 2591 proAttico
731 2541 844 2579 etiam
859 2540 1117 2593 respondeam.
1139 2542 1191 2581 Et
1204 2543 1314 2587 reste,
1325 2541 1464 2594 inquit,
1480 2542 1692 2595 respondes.
