2330 2983
571 288 652 337 416
835 284 926 322 DE
984 279 1310 319 NATURA
1367 278 1704 318 DEORUM

573 386 676 423 Deos
696 381 978 419 confiteremur.
1003 378 1120 430 Qod
1139 390 1232 415 cum
1251 377 1334 414 leve
1353 389 1420 429 per
1435 375 1484 420 se,
1502 385 1587 414 turn
1607 377 1720 414 etiam
1738 374 1876 414 falsum
1895 379 1960 416 est.

573 449 750 486 Primum
771 446 875 483 enim
896 443 996 481 unde
1015 452 1114 481 notae
1145 442 1218 480 tibi
1241 441 1328 480 sunt
1354 441 1552 494 opiniones
1574 442 1772 479 nationum
1793 443 1805 478 ?
1838 442 1964 493 Equi-

572 514 659 550 dem
682 512 844 549 arbitror
863 510 1004 548 multas
1025 508 1096 547 effe
1116 517 1246 561 gentes
1267 508 1316 546 fic
1337 508 1578 546 immanitate
1597 507 1781 552 efferatas,
1804 516 1846 545 ut
1867 510 1965 561 apud

572 592 631 616 eas
652 578 758 616 nulla
778 576 937 629 suspicio
958 577 1134 614 Deorum
1154 574 1211 612 fit.
1248 574 1388 625 Qid?
1420 574 1620 626 Diagoras,
1641 572 1772 611 atheos
1793 575 1859 626 qui
1881 575 1965 613 dic-

573 653 634 682 tus
668 643 733 688 est,
769 642 972 695 posteaque
1002 639 1246 684 Theodorus,
1283 652 1409 677 nonne
1444 648 1569 692 aperte
1590 640 1765 677 Deorum
1793 650 1966 678 naturam

574 708 825 748 sustulerunt?
849 708 954 745 Nam
971 705 1173 744 Abderites
1195 705 1355 756 quidem
1376 705 1612 756 Protagoras,
1629 706 1738 756 cujus
1759 717 1780 742 a
1799 714 1835 743 te
1851 707 1968 744 modo

574 775 720 812 mentio
740 773 836 810 facta
854 772 919 815 est,
941 770 1121 823 sophistes
1142 770 1381 821 temporibus
1400 769 1476 807 illis
1497 771 1555 807 vel
1577 771 1785 815 maximus,
1816 785 1906 809 cum
1930 772 1968 809 in

574 839 767 892 principio
798 837 887 874 libri
909 836 957 873 fic
979 834 1168 888 posuisset,
1200 835 1263 872 De
1282 835 1370 872 Diis
1389 848 1496 886 neque
1527 844 1568 872 ut
1583 835 1679 885 stnt,
1709 849 1817 887 neque
1837 846 1878 873 ut
1903 851 1969 874 non

561 905 659 954 sint,
688 901 794 939 haheo
812 899 939 944 dicere,
969 897 1265 938 Atheniensium
1281 897 1397 949 juffu,
1421 898 1513 935 urbe
1533 908 1647 950 atque
1667 911 1756 950 agro
1775 899 1828 936 est
1843 909 1969 938 exter-

576 967 759 1011 minatus,
795 965 961 1017 librique
981 965 1061 1016 ejus
1081 964 1121 1001 in
1142 963 1327 1001 concione
1349 962 1554 1000 combusti.
1604 963 1666 1001 Ex
1692 976 1770 1016 quo
1789 964 1970 1016 equidem

575 1032 767 1077 existimo,
798 1031 978 1069 tardiores
999 1030 1045 1068 ad
1073 1029 1174 1067 hanc
1195 1028 1420 1067 sententiam
1441 1028 1696 1080 profitendam
1722 1029 1866 1068 multos
1900 1030 1972 1068 ess'e

577 1097 710 1143 factos,
731 1098 876 1150 quippe
895 1110 988 1134 cum
1008 1108 1163 1148 poenam
1184 1107 1232 1132 ne
1250 1093 1441 1132 dubitatio
1459 1094 1619 1146 quidem
1638 1093 1806 1148 effugere
1825 1095 1971 1148 potuis-

578 1163 643 1202 set.
676 1163 784 1214 Qid
804 1162 850 1200 de
870 1160 1074 1213 sacrilegis,
1091 1160 1186 1212 quid
1206 1159 1252 1197 de
1272 1159 1418 1212 impiis,
1440 1159 1674 1212 perjurisque
1693 1159 1867 1199 dicemus
1886 1161 1898 1196 Ρ

1097 1221 1256 1262 Tubulus
1260 1224 1302 1274 fi
1319 1223 1457 1262 Lucius
1476 1237 1644 1277 unquam,

716 1293 759 1330 Si
776 1293 920 1343 Lupus,
949 1300 1016 1328 aut
1036 1289 1170 1333 Carbo,
1191 1298 1258 1327 aut
1277 1290 1446 1341 Neptuni
1446 1290 1565 1340 filius,

579 1368 624 1398 ut
649 1358 701 1396 ait
721 1358 914 1401 Lucilius,
944 1355 1105 1408 putaffet
1137 1354 1208 1393 effe
1229 1355 1349 1399 Deos,
1383 1363 1461 1393 tam
1493 1355 1681 1407 perjurus,
1714 1365 1778 1394 aut
1798 1365 1875 1395 tam
1897 1358 1974 1395 im-

581 1438 700 1479 purus
732 1423 859 1462 suiss‘et
879 1422 892 1459 ?
923 1422 1017 1461 Non
1050 1421 1103 1460 est
1133 1421 1251 1474 igitur
1281 1429 1361 1459 tam
1394 1421 1588 1473 explorata
1621 1421 1689 1459 ista
1722 1421 1817 1460 ratio
1846 1423 1892 1461 ad
1923 1424 1975 1466 id.

580 1491 686 1543 quod
706 1489 836 1533 vultis,
857 1486 1182 1531 confirmandum,
1204 1499 1323 1538 quam
1342 1485 1506 1524 videtur.
1566 1486 1636 1524 Sed
1656 1487 1748 1539 quia
1767 1500 1977 1526 commune

580 1556 634 1594 est
653 1554 728 1593 hoc
747 1562 1020 1606 argumentum
1040 1552 1203 1590 aliorum
1219 1551 1336 1589 etiam
1352 1549 1689 1604 philosophorum,
1706 1553 1888 1592 omittam
1903 1552 1977 1592 hoc

582 1629 756 1674 tempore
772 1638 783 1665 ;
815 1619 860 1657 ad
881 1618 998 1657 vestra
1017 1618 1167 1671 propria
1185 1616 1313 1654 venire
1332 1617 1449 1655 malo.

639 1685 822 1725 Concedo
851 1683 923 1722 effe
960 1685 1089 1727 Deos-»5
1134 1682 1230 1721 doce
1263 1695 1327 1720 me
1357 1681 1490 1735 igitur,
1535 1682 1636 1720 unde
1663 1683 1748 1727 lint,
1794 1684 1860 1722 ubi
1892 1684 1977 1728 sint,

584 1751 711 1804 quales
734 1750 806 1788 fint
823 1761 996 1801 corpore,
1018 1748 1162 1792 animo,
1184 1748 1287 1785 vita:
1318 1747 1400 1786 haec
1419 1747 1525 1786 enim
1543 1748 1636 1786 scire
1655 1749 1833 1788 desidero.
1864 1750 1980 1788 Abu-

584 1817 673 1854 teris
693 1815 739 1853 ad
759 1814 890 1853 omnia
910 1822 1130 1851 atomorum
1150 1824 1267 1865 regno
1295 1821 1335 1850 et
1354 1811 1522 1857 licentia,
1554 1811 1691 1863 (hinc,
1720 1814 1981 1867 quodcunque

586 1884 626 1920 in
648 1882 772 1920 solum
793 1880 910 1925 venit,
946 1888 990 1917 ut
1019 1877 1176 1923 dicitur,
1208 1878 1359 1930 effingis
1388 1887 1503 1930 atque
1533 1878 1673 1929 efficis)
1704 1891 1790 1930 quae
1808 1879 1981 1932 primum

587 1948 702 1986 nulla:
724 1946 809 1984 sunt
826 1964 838 1990 ς
872 1944 970 1983 nihil
990 1944 1044 1982 est
1062 1944 1182 1988 enim,
1203 1943 1309 1996 quod
1328 1952 1434 1981 vacet
1453 1955 1611 1996 corpore
1629 1957 1638 1981 :
1668 1944 1893 1996 corporibus
1912 1957 1982 1982 au-

588 2022 668 2050 tem
689 2011 815 2049 omnis
845 2009 1037 2047 obsidetur
1057 2009 1164 2047 locus
1182 2023 1191 2046 ε
1223 2009 1275 2046 ita
1305 2009 1458 2047 nullum
1477 2008 1602 2053 inane,
1624 2007 1723 2046 nihil
1742 2008 1814 2047 effe
1837 2009 1982 2047 indivi-

589 2078 712 2116 duum
732 2075 864 2129 potest.

646 2142 796 2181 XXIV.
830 2141 926 2178 Haec
960 2152 1031 2192 ego
1052 2152 1152 2177 nunc
1175 2138 1418 2192 physicorum
1438 2137 1589 2176 oracula
1608 2136 1744 2176 fundo.
1793 2139 1905 2183 Vera,
1936 2152 1982 2177 an

591 2207 693 2252 falsa,
726 2204 850 2245 nescio
869 2224 879 2250 ς
913 2205 973 2243 scd
994 2206 1070 2243 veri
1092 2214 1218 2243 tamen
1240 2204 1434 2248 similiora,
1454 2217 1573 2256 quam
1594 2203 1722 2241 vestra.
1774 2203 1844 2241 Ista
1878 2205 1983 2243 enim

593 2272 736 2325 flagitia
758 2271 988 2314 Democriti,
1007 2270 1077 2307 sive
1097 2271 1211 2307 ctiam
1232 2278 1317 2307 ante
1334 2268 1539 2321 Leucippi,
1553 2268 1623 2306 effe
1638 2267 1860 2321 corpuscula
1877 2282 1982 2321 quae-

592 2337 682 2375 dam
703 2336 821 2379 laevia,
843 2335 913 2373 alia
928 2335 1065 2387 aspera,
1089 2335 1250 2372 rotunda
1270 2335 1353 2378 alia,
1376 2334 1514 2386 partim
1536 2342 1662 2372 autem
1683 2334 1873 2386 angulata,
1893 2348 1983 2372 cur·

593 2412 677 2441 vata
697 2400 871 2454 quaedam
891 2409 928 2437 et
948 2400 1049 2452 quasi
1067 2399 1235 2437 adunca:
1271 2413 1317 2438 ex
1340 2398 1399 2437 his
1416 2398 1595 2437 effectum
1617 2398 1688 2437 effe
1707 2399 1844 2437 caelum
1872 2410 1986 2452 atque

594 2477 750 2512 terram,
792 2465 898 2504 nulla
930 2475 1089 2518 cogente
1123 2475 1266 2509 natura,
1299 2465 1358 2502 scd
1388 2465 1572 2502 concursu
1606 2465 1773 2517 quodam
1809 2464 1981 2503 fortuito.

596 2534 711 2572 Hanc
733 2542 774 2570 tu
794 2532 1032 2585 opinionem,
1064 2533 1110 2569 C.
1136 2531 1273 2574 Vellei,
1311 2530 1426 2582 usquc
1457 2531 1502 2568 ad
1524 2530 1621 2569 hanc
1641 2541 1789 2569 aetatem
1816 2530 1984 2583 perdux-

597 2598 671 2644 isti,
694 2597 872 2651 priusque
895 2606 930 2636 te
949 2597 1035 2651 quis
1055 2596 1102 2635 de
1122 2597 1230 2635 omni
1247 2597 1331 2635 vitae
1348 2596 1457 2641 statu,
1471 2609 1589 2649 quam
1604 2596 1650 2635 de
1670 2596 1737 2635 ista
1750 2595 1984 2639 auctoritate,
