2330 2983
394 246 468 299 398
652 243 747 282 DE
804 239 1130 280 NATURA
1187 237 1529 281 DEORUM

390 342 587 382 curatione
606 349 644 379 et
663 338 988 378 administratione
1007 349 1135 375 rerum
1155 345 1313 383 vacent;
1344 350 1391 375 an
1411 345 1544 375 contra
1561 336 1609 374 ab
1633 335 1694 375 his
1713 345 1752 376 et
1771 351 1792 376 a

392 408 584 462 principio
604 405 737 444 omnia
766 403 864 442 faeta
882 412 921 442 et
939 403 1146 442 constituta
1165 403 1251 448 sint,
1282 412 1321 442 et
1350 403 1397 441 ad
1416 402 1616 441 infinitum
1637 412 1790 456 tempus

392 483 571 526 regantur
589 480 705 524 atque
724 478 964 515 moveantur,
997 465 1195 523 in'primis
1216 483 1355 523 magna
1373 467 1544 507 diss‘enfio
1564 468 1616 507 est
1631 487 1644 514 3
1675 480 1794 521 eaque

392 539 462 577 nifi
482 537 728 591 dijudicetur,
760 535 801 574 in
825 535 980 574 summo
1010 548 1135 574 errore
1155 535 1298 574 necesse
1327 535 1379 573 est
1399 533 1576 573 homines
1608 544 1722 587 atque
1752 534 1794 572 in

393 605 653 644 maximarum
675 615 802 641 rerum
823 601 1062 654 ignoratione
1080 600 1230 640 versari·

450 671 503 710 11.
536 671 633 710 Sunt
651 669 758 707 enim
778 665 1015 720 philosophi,
1036 676 1074 705 et
1093 666 1264 712 fuerunt,
1286 666 1355 719 qui
1374 665 1704 706 omnino'nullam
1724 664 1794 704 ha-

393 737 482 776 bere
501 736 695 775 censerent
713 733 974 772 humanarum
994 745 1122 770 rerum
1142 732 1454 784 procurationem
1469 733 1589 770 Deos.
1613 733 1796 783 Qorum

395 803 422 841 fi
443 816 527 841 vera
546 800 728 840 sententia
752 798 819 844 est,
849 811 935 851 quae
954 797 1077 850 potest
1101 795 1172 834 effe
1195 797 1344 849 pietas?
1376 810 1461 848 quae
1481 797 1681 834 sanetitas?
1713 809 1798 848 quae

395 870 533 922 religio
550 868 563 904 ?
595 867 693 905 Haec
712 864 821 903 enim
848 864 981 902 omnia
999 875 1094 916 pure
1112 875 1156 900 ac
1174 862 1273 900 caste
1293 862 1495 901 tribuenda
1519 863 1696 901 Deorum
1723 875 1798 899 nu-

396 936 497 975 mini
516 935 569 972 ita
588 933 688 977 sunt,
724 931 750 970 s1
770 929 1128 969 animadvertuntur
1146 929 1193 968 ab
1213 927 1290 974 his,
1317 938 1356 967 et
1374 928 1401 967 fi
1423 928 1475 967 est
1495 928 1643 980 aliquid
1670 942 1691 966 a
1711 929 1798 968 Diis

396 999 685 1041 immortalibus
718 996 929 1035 hominum
961 995 1091 1049 generi
1124 995 1331 1034 tributum.
1377 995 1443 1034 Sin
1473 1004 1604 1033 autem
1630 995 1700 1034 Dii
1730 1008 1801 1033 nec

397 1067 552 1122 pofi‘unt
570 1078 638 1104 nos
657 1065 805 1116 juvare,
835 1075 907 1102 nec
926 1061 1065 1100 volunt
1079 1080 1092 1108 ς
1123 1074 1194 1100 nec
1214 1061 1378 1101 omnino
1399 1070 1557 1107 curant;
1590 1074 1673 1106 nec,
1706 1061 1801 1114 quid

398 1145 571 1187 agamus,
593 1129 902 1168 animadvertunt
918 1145 931 1173 ς
959 1140 1030 1166 nec
1049 1127 1103 1166 est
1121 1127 1227 1180 quod
1245 1127 1294 1166 ab
1309 1125 1370 1166 his
1390 1128 1435 1165 ad
1455 1126 1666 1166 hominum
1682 1127 1803 1165 vitam

399 1209 622 1253 permanare
637 1194 750 1248 poffit
765 1212 777 1239 ς
800 1193 896 1246 quid
915 1192 981 1238 est,
1003 1193 1110 1245 quod
1129 1192 1229 1232 ullos
1247 1193 1336 1232 Diis
1351 1193 1639 1232 immortalibus
1659 1193 1803 1239 cultus,

399 1263 580 1307 honores,
600 1271 730 1313 preces
750 1257 1028 1296 adhibeamus?
1058 1258 1105 1296 In
1125 1256 1249 1310 specie
1268 1266 1398 1296 autem
1418 1258 1515 1296 fictae
1535 1258 1804 1305 fimulationis,

399 1329 497 1369 ficut
517 1327 674 1379 reliquae
693 1324 868 1369 virtutes,
885 1323 939 1361 ita
951 1322 1072 1376 pietas
1093 1321 1208 1361 ineffe
1227 1336 1304 1362 non
1321 1323 1441 1376 potest
1453 1341 1466 1368 5
1488 1336 1581 1361 cum
1601 1337 1677 1375 qua
1693 1324 1807 1362 fimul

399 1404 440 1435 et
470 1392 708 1433 sanctitatem
741 1398 780 1429 et
810 1389 1039 1442 religionem
1072 1388 1159 1428 tolli
1188 1388 1333 1427 neceffe
1359 1389 1438 1428 est:
1471 1389 1612 1441 quibus
1633 1388 1806 1435 sublatis,

401 1458 642 1515 perturbatio
660 1457 748 1496 vitae
768 1455 952 1509 sequitur,
983 1464 1023 1495 et
1042 1468 1182 1509 magna
1197 1453 1385 1494 confufio.
1427 1457 1560 1508 Atque
1590 1455 1695 1493 haud
1715 1455 1809 1503 scio,

403 1540 467 1573 an,
498 1526 639 1579 pietate
658 1522 832 1562 adversus
854 1523 960 1561 Deos
980 1521 1140 1567 sublata,
1161 1520 1254 1560 fides
1274 1521 1391 1560 etiam
1413 1530 1451 1560 et
1471 1521 1626 1561 societas
1646 1520 1811 1562 humani

403 1592 569 1648 generis,
590 1599 628 1629 et
648 1602 722 1628 una
740 1587 1054 1627 excellentiffima
1071 1588 1208 1633 virtus,
1224 1587 1386 1639 justitia,
1408 1587 1579 1626 tollatur.

452 1660 550 1698 Sunt
569 1665 699 1695 autem
717 1654 782 1693 alii
802 1652 1041 1707 philosophi,
1061 1663 1099 1691 et
1118 1652 1162 1691 hi
1182 1653 1341 1706 quidem
1363 1654 1495 1706 magni
1515 1663 1630 1706 atque
1646 1653 1810 1699 nobiles,

405 1725 477 1778 qui
507 1725 684 1762 Deorum
704 1729 834 1759 mente
854 1728 969 1772 atque
989 1720 1134 1757 ratione
1159 1731 1320 1757 omnem
1343 1719 1536 1757 mundum
1558 1719 1811 1758 administrari

406 1799 446 1829 et
464 1788 544 1842 regi
564 1785 738 1826 censeant
753 1803 765 1830 ς
797 1797 922 1837 neque
941 1796 1031 1822 vero
1050 1784 1090 1842 id
1114 1783 1254 1829 solum,
1285 1782 1347 1821 sed
1366 1785 1483 1822 etiam
1503 1784 1550 1822 ab
1570 1784 1705 1822 iisdem
1726 1785 1812 1823 vitae

406 1853 619 1894 hominum
638 1850 786 1891 consuli
805 1859 844 1888 et
871 1849 1076 1903 provideri.
1119 1849 1226 1888 Nam
1246 1858 1284 1887 et
1304 1847 1448 1902 fruges,
1478 1858 1517 1888 et
1537 1849 1697 1901 reliqua,
1729 1863 1814 1902 quae

410 1931 509 1961 terra
541 1919 676 1973 pariat,
716 1927 754 1957 et
785 1917 1041 1969 tempestates,
1082 1929 1126 1955 ac
1157 1925 1379 1969 temporum
1413 1916 1624 1961 varietates,
1656 1915 1816 1969 caelique

410 1987 658 2029 mutationes,
677 1983 819 2036 quibus
839 1983 983 2027 omnia,
1001 1996 1086 2034 quae
1106 1991 1202 2020 terra
1217 1983 1364 2035 gignat,
1386 1992 1573 2021 maturata
1588 1981 1814 2034 pubescant,

411 2067 433 2092 a
453 2053 541 2092 Diis
567 2049 856 2090 immortalibus
888 2048 1006 2087 tribui
1037 2049 1167 2101 generi
1198 2047 1371 2086 humano
1400 2057 1538 2102 putant
1555 2066 1566 2092 ς
1599 2048 1814 2099 multaque,

413 2133 500 2173 quae
519 2118 697 2156 dicentur
728 2115 769 2153 in
789 2113 850 2153 his
881 2115 1004 2160 libris,
1036 2114 1242 2167 colligunt,
1264 2128 1348 2167 quae
1370 2114 1458 2152 talia
1481 2114 1580 2159 sunt,
1607 2123 1649 2152 ut
1668 2127 1710 2151 ea
1740 2113 1817 2167 ipsa

416 2190 484 2229 Dii
515 2186 752 2228 immortales
792 2186 838 2224 ad
873 2186 984 2224 usum
1017 2185 1229 2225 hominum
1261 2184 1437 2224 fabricati
1471 2199 1567 2238 pene
1602 2184 1815 2223 videantur.

416 2257 563 2294 Contra
591 2266 687 2306 quos
709 2252 919 2290 Carneades
941 2253 993 2290 ita
1012 2252 1138 2290 multa
1156 2251 1339 2296 differuit,
1374 2261 1417 2289 ut
1435 2251 1618 2290 excitaret
1639 2249 1817 2288 homines

418 2335 496 2360 non
517 2319 687 2360 socordes
715 2319 758 2357 ad
784 2319 862 2356 veri
893 2318 1143 2371 investigandi
1174 2318 1443 2371 cupiditatem.
1490 2317 1566 2355 Rcs
1587 2317 1692 2355 enim
1714 2317 1820 2355 nulla

417 2387 483 2431 cst,
505 2387 552 2425 de
571 2399 647 2439 qua
667 2394 861 2438 tantopere
882 2398 959 2423 non
980 2384 1104 2422 solum
1124 2383 1283 2428 indocti,
1312 2383 1371 2421 sed
1392 2384 1508 2421 etiam
1530 2383 1647 2428 docti,
1679 2382 1819 2421 diffen-

421 2454 530 2491 tiant.
591 2453 773 2503 Qorum
803 2451 1004 2504 opiniones
1024 2463 1117 2488 cum
1148 2459 1224 2488 tam
1246 2449 1355 2487 variae
1377 2449 1460 2494 sint,
1491 2459 1646 2501 tamque
1667 2450 1765 2487 inter
1786 2448 1821 2487 se

417 2519 662 2562 dissidcntes5
695 2518 856 2556 alterum
880 2517 960 2555 ficri
983 2515 1154 2571 profecto
1174 2515 1310 2570 potest.
1341 2526 1383 2555 ut
1410 2531 1541 2555 carum
1575 2517 1692 2561 nulla,
1722 2516 1817 2554 alte-

423 2598 509 2624 rum
528 2594 628 2623 certe
650 2598 726 2622 non
750 2583 886 2636 potest,
907 2593 950 2622 ut
970 2583 1059 2637 plus
1078 2582 1169 2629 uni,
1189 2591 1274 2622 v'era
1293 2581 1351 2620 lit.
