2330 2983
678 263 955 302 LIBER
1012 261 1450 315 QUARTUS.
1690 272 1763 313 177

362 371 531 424 preffius.
564 370 661 420 Qae
680 371 786 408 enim
806 369 932 408 adhuc
952 368 1157 423 protulisti,
1178 369 1375 422 popularia
1394 367 1481 406 sunt
1498 381 1508 405 ε
1541 378 1613 419 ego
1632 373 1762 404 autem

361 450 383 474 a
403 447 439 475 te
458 437 686 489 elegantiora
706 435 887 474 defidero.

403 504 440 540 A
459 515 570 540 mene
591 511 646 546 tu,
662 502 850 554 inquam?
873 500 935 538 sed
957 509 1085 538 tamen
1107 501 1239 545 enitar,
1254 508 1304 544 et,
1327 499 1353 537 fi
1374 499 1503 537 minus
1521 497 1620 536 mihi
1638 496 1762 536 multa

359 577 574 613 occurrent,
606 582 682 606 non
703 567 852 620 fugiam
884 566 950 604 ista
968 566 1179 619 popularia.
1223 567 1294 604 Sed
1314 564 1486 618 primum
1513 564 1679 616 pofitum
1700 564 1758 608 sit,

356 633 606 686 nosmetipsos
627 633 918 671 commendatos
938 631 1008 670 effe
1030 632 1157 676 nobis,
1181 631 1423 684 primamque
1442 643 1489 668 ex
1510 638 1643 667 natura
1661 627 1759 666 hanc

355 696 497 737 habere
530 699 821 751 appetitionem,
853 707 896 736 ut
916 697 1181 736 conservemus
1207 695 1470 749 nosmetipsos.
1503 695 1595 733 Hoc
1615 706 1757 732 conve-

358 765 431 803 nit.
478 766 656 816 Sequitur
675 764 786 809 illud,
818 774 862 802 ut
892 763 1251 808 animadvertamus,
1282 763 1350 815 qui
1370 762 1486 800 fimus
1506 760 1590 814 ipfi,
1612 769 1655 798 ut
1675 773 1758 804 nos,

358 831 489 882 quales
510 839 660 882 oportet
679 829 764 877 effe,
787 830 989 868 servemus.
1023 830 1163 867 Sumus
1184 829 1304 881 igitur
1323 827 1502 866 homines
1519 841 1546 875 ε,
1562 839 1608 864 ex
1629 826 1758 863 animo

355 896 573 935 constamus
594 906 631 934 et
651 908 821 948 corpore,
844 909 929 948 quae
948 895 1035 934 sunt
1060 894 1257 947 cujusdam
1279 893 1410 937 modi,
1434 892 1574 945 nosque
1591 900 1757 944 oportet,

358 971 401 1000 ut
433 962 559 1014 prima
591 961 776 1014 appetitio
810 961 992 999 naturalis
1024 960 1203 1013 postulat,
1234 959 1316 998 haec
1346 959 1518 1011 diligere,
1544 957 1756 995 constitue-

358 1040 472 1079 reque
502 1040 549 1064 ex
568 1025 628 1064 his
660 1026 776 1064 finem
798 1026 911 1064 illum
932 1026 1074 1064 summi
1103 1025 1196 1063 boni
1215 1033 1329 1076 atque
1349 1024 1493 1062 ultimi.
1554 1023 1700 1073 Qem,
1730 1021 1758 1058 fi

355 1093 481 1145 prima
501 1105 584 1130 vera
604 1092 690 1137 s1nt,
718 1093 770 1130 ita
789 1091 970 1130 constitui
991 1090 1133 1129 neceffe
1153 1090 1218 1134 est,
1239 1103 1372 1128 earum
1393 1102 1534 1133 rerum,
1567 1101 1651 1140 quae
1671 1087 1758 1125 sunt

356 1157 568 1196 secundum
603 1166 792 1202 naturam,
828 1170 945 1209 quam
980 1156 1147 1209 plurima
1177 1164 1215 1194 et
1245 1169 1363 1208 quam
1394 1155 1565 1193 maxima
1583 1151 1753 1205 adipisci.

355 1225 478 1262 Hunc
500 1225 620 1276 igitur
639 1223 757 1262 finem
777 1223 834 1261 illi
855 1232 1084 1260 tenuerunt:
1117 1222 1300 1274 quodque
1325 1235 1396 1274 ego
1415 1219 1595 1274 plurimis
1615 1218 1754 1263 verbis,

351 1289 414 1327 illi
434 1289 599 1334 brevius,
617 1287 812 1343 stcundum
831 1297 1002 1326 naturam
1032 1287 1171 1326 vivere.
1232 1287 1324 1325 Hoc
1343 1285 1405 1325 his
1436 1286 1630 1324 bonorum
1648 1283 1753 1322 vide-

352 1363 419 1392 tur
437 1363 670 1393 extremum.

409 1420 483 1457 XI.
516 1421 601 1472 Age
622 1431 725 1456 nunc
747 1418 806 1456 isti
826 1418 999 1462 doceant,
1020 1418 1080 1456 vel
1101 1426 1143 1456 tu
1162 1417 1307 1471 potius,
1331 1416 1436 1469 (quis
1457 1416 1562 1454 enim
1583 1415 1649 1452 ista
1668 1427 1753 1452 me-

354 1484 429 1522 lius
447 1485 478 1535 ?)
501 1497 670 1536 quonam
697 1484 813 1521 modo
841 1484 887 1521 ab
908 1484 1043 1521 iisdem
1070 1483 1269 1536 principiis
1289 1480 1465 1534 profedfi,
1493 1481 1680 1524 efficiatis,
1711 1488 1754 1517 ut

354 1550 509 1589 honeste
530 1551 652 1588 vivere
674 1550 732 1601 (id
751 1550 804 1587 est
823 1550 928 1588 enim
945 1550 1004 1587 vel
1024 1563 1071 1587 ex
1092 1549 1245 1593 virtute,
1260 1548 1320 1585 vel
1337 1556 1479 1585 naturae
1499 1556 1754 1599 congruenter

354 1617 496 1667 vivere)
519 1615 717 1653 summum
738 1615 885 1653 bonurn
907 1616 965 1660 fit,
987 1625 1024 1653 et
1045 1628 1217 1667 quonam
1237 1614 1355 1652 modo
1375 1623 1441 1652 aut
1461 1626 1539 1664 quo
1560 1613 1647 1650 loco
1662 1625 1751 1650 cor-

350 1694 423 1734 pus
450 1680 575 1718 subito
595 1680 844 1726 deserueritis,
874 1681 1081 1732 omniaque
1100 1693 1155 1724 ea,
1184 1693 1269 1732 quae
1292 1692 1383 1716 cum
1406 1677 1616 1716 secundum
1637 1686 1751 1715 natu-

348 1759 430 1784 ram
447 1746 531 1792 fint,
546 1746 667 1785 absint
683 1760 703 1784 a
717 1746 840 1784 nostra
854 1746 1058 1801 potestate,
1077 1745 1204 1798 ipsum
1220 1745 1385 1797 denique
1401 1744 1590 1782 officium.
1609 1745 1752 1795 Qaero

346 1813 480 1865 igitur,
513 1827 591 1866 quo
611 1813 728 1851 modo
749 1812 807 1851 hae
828 1822 940 1851 tantae
960 1811 1329 1856 commendationes,
1360 1824 1380 1849 a
1398 1819 1531 1848 natura
1555 1809 1749 1863 profectae,

349 1879 476 1916 subito
497 1892 517 1916 a
537 1879 717 1932 sapientia
737 1879 874 1918 relietae
894 1879 980 1917 fint.

405 1945 525 1997 Qod
545 1945 571 1982 fi
602 1958 680 1983 non
710 1944 882 1984 hominis
902 1945 1101 1983 summum
1121 1944 1270 1983 bonum
1296 1955 1568 1996 quaereremus,
1595 1940 1658 1981 sed
1676 1956 1749 1982 cu-

343 2010 495 2062 jusdam
517 2012 735 2057 animantis,
767 2012 797 2050 is
818 2021 946 2050 autem
967 2011 1056 2050 esset
1076 2010 1190 2057 nihil,
1214 2010 1281 2049 nifi
1297 2011 1449 2049 animus
1467 2028 1478 2055 ς
1509 2009 1624 2061 (licet
1643 2010 1749 2048 enim

348 2075 490 2129 fingere
510 2077 656 2129 aliquid
676 2078 878 2129 ejusmodi,
913 2091 992 2130 quo
1011 2086 1146 2116 verum
1166 2076 1317 2115 facilius
1338 2076 1590 2129 reperiamus)
1619 2084 1749 2114 tamen

345 2142 404 2180 illi
423 2143 555 2181 animo
574 2157 650 2181 non
670 2143 757 2182 effet
791 2143 856 2182 hic
876 2144 993 2182 vester
1012 2144 1113 2182 finis.
1159 2142 1395 2181 Defideraret
1423 2142 1529 2180 enim
1558 2141 1747 2180 valetudi-

345 2222 449 2253 nem,
477 2209 707 2248 vacuitatem
742 2211 882 2248 doloris
901 2226 908 2248 :
942 2219 1133 2263 appeteret
1165 2210 1283 2248 etiam
1313 2209 1639 2248 conservationem
1673 2207 1745 2253 sui,

345 2288 553 2328 earumque
574 2290 700 2314 rerum
732 2278 942 2315 custodiam
956 2296 967 2322 ;
1000 2277 1196 2329 finemque
1227 2276 1297 2314 fibi
1317 2275 1577 2320 constitueret,
1609 2274 1745 2312 secun-

346 2341 441 2377 dum
461 2350 636 2379 naturam
666 2343 806 2387 vivere,
834 2343 938 2396 quod
959 2343 1023 2388 est,
1049 2352 1092 2381 ut
1126 2343 1220 2386 dixi,
1252 2340 1391 2380 habere
1410 2355 1465 2386 ea,
1502 2354 1586 2393 quae
1607 2340 1744 2378 secun-

345 2406 440 2443 dum
461 2416 634 2444 naturam
656 2407 755 2453 sunt,
786 2409 845 2447 vel
866 2410 1009 2453 omnia,
1041 2409 1099 2446 vel
1123 2409 1290 2462 plurima
1308 2417 1346 2445 et
1367 2407 1548 2445 maxima.
1600 2405 1743 2458 Cujus-

344 2485 498 2523 cunque
519 2473 623 2510 enim
644 2475 748 2512 modi
780 2476 921 2513 animal
951 2474 1218 2518 constitueris;
1252 2473 1392 2512 neccfl‘e
1414 2473 1479 2517 est,
1510 2472 1627 2510 etiam
1648 2472 1674 2510 s1
1704 2472 1745 2510 id

341 2537 420 2575 fine
440 2551 597 2590 corpore
618 2538 675 2583 fit,
698 2550 739 2578 ut
760 2540 958 2593 fingimus,
991 2550 1116 2578 tamen
1139 2540 1209 2578 effe
1231 2541 1269 2577 in
1290 2540 1422 2577 animo
1439 2538 1613 2591 quaedam
1636 2537 1743 2576 fimi-

345 2602 394 2640 lia
413 2616 561 2648 eorum,
582 2617 668 2656 quae
689 2606 760 2645 fint
782 2607 818 2645 in
841 2620 997 2660 corpore
1010 2625 1021 2652 ς
1055 2615 1096 2645 ut
1117 2606 1226 2644 nullo
1246 2605 1377 2651 modo,
1409 2605 1476 2643 nisi
1509 2614 1553 2644 ut
1572 2603 1742 2657 exposui,

441 2670 479 2708 T
494 2684 517 2708 0
534 2683 584 2709 M.
617 2671 670 2710 11.
1409 2672 1443 2710 Z
