<?xml version="1.0" encoding="UTF-8"?>
<!DOCTYPE html PUBLIC "-//W3C//DTD XHTML 1.0 Transitional//EN"
    "http://www.w3.org/TR/xhtml1/DTD/xhtml1-transitional.dtd">
<html xmlns="http://www.w3.org/1999/xhtml" xml:lang="en" lang="en">
 <head>
  <title>
</title>
<meta http-equiv="Content-Type" content="text/html;charset=utf-8" />
  <meta name='ocr-system' content='tesseract 3.04.00' />
  <meta name='ocr-capabilities' content='ocr_page ocr_carea ocr_par ocr_line ocrx_word'/>
</head>
<body>
  <div class='ocr_page' id='page_1' title='image "./operacumindicibu02ciceuoft_0355.png"; bbox 0 0 2330 2983; ppageno 0'>
   <div class='ocr_carea' id='block_1_1' title="bbox 679 214 1748 272">
    <p class='ocr_par' dir='ltr' id='par_1_1' title="bbox 679 214 1748 272">
     <span class='ocr_line' id='line_1_1' title="bbox 679 214 1748 272; baseline 0.005 -21"><span class='ocrx_word' id='word_1_1' title='bbox 679 214 950 252; x_wconf 82' lang='lat' dir='ltr'>LIBER</span> <span class='ocrx_word' id='word_1_2' title='bbox 1008 215 1437 266; x_wconf 66' lang='lat' dir='ltr'>QUARTUS.</span> <span class='ocrx_word' id='word_1_3' title='bbox 1673 231 1748 272; x_wconf 85' lang='lat'>347</span> 
     </span>
    </p>
   </div>
   <div class='ocr_carea' id='block_1_2' title="bbox 346 309 1749 2502">
    <p class='ocr_par' dir='ltr' id='par_1_2' title="bbox 364 309 1749 620">
     <span class='ocr_line' id='line_1_2' title="bbox 367 309 1746 356; baseline 0.004 -10"><span class='ocrx_word' id='word_1_4' title='bbox 367 321 432 346; x_wconf 86' lang='lat' dir='ltr'>vos</span> <span class='ocrx_word' id='word_1_5' title='bbox 463 309 698 347; x_wconf 87' lang='lat' dir='ltr'>iracundiam</span> <span class='ocrx_word' id='word_1_6' title='bbox 731 309 803 347; x_wconf 84' lang='lat' dir='ltr'>effe</span> <span class='ocrx_word' id='word_1_7' title='bbox 833 310 962 355; x_wconf 85' lang='lat' dir='ltr'>vultis,</span> <span class='ocrx_word' id='word_1_8' title='bbox 997 310 1145 350; x_wconf 86' lang='lat' dir='ltr'>sustulit</span> <span class='ocrx_word' id='word_1_9' title='bbox 1174 310 1374 356; x_wconf 90' lang='lat' dir='ltr'>fortitudo,</span> <span class='ocrx_word' id='word_1_10' title='bbox 1405 312 1594 350; x_wconf 86' lang='lat' dir='ltr'>iratumne</span> <span class='ocrx_word' id='word_1_11' title='bbox 1624 315 1746 352; x_wconf 86' lang='lat' dir='ltr'>censes</span> 
     </span>
     <span class='ocr_line' id='line_1_3' title="bbox 365 373 1749 427; baseline 0.005 -16"><span class='ocrx_word' id='word_1_12' title='bbox 365 373 572 412; x_wconf 84' lang='lat' dir='ltr'>conflixisse</span> <span class='ocrx_word' id='word_1_13' title='bbox 592 387 684 411; x_wconf 89' lang='lat' dir='ltr'>cum</span> <span class='ocrx_word' id='word_1_14' title='bbox 705 373 959 425; x_wconf 88' lang='lat' dir='ltr'>Erymanthio</span> <span class='ocrx_word' id='word_1_15' title='bbox 979 388 1081 427; x_wconf 91' lang='lat' dir='ltr'>apro,</span> <span class='ocrx_word' id='word_1_16' title='bbox 1102 385 1166 413; x_wconf 90' lang='lat' dir='ltr'>aut</span> <span class='ocrx_word' id='word_1_17' title='bbox 1186 376 1293 415; x_wconf 91' lang='lat' dir='ltr'>leone</span> <span class='ocrx_word' id='word_1_18' title='bbox 1311 378 1494 415; x_wconf 67' lang='lat' dir='ltr'>Nemeaeo</span> <span class='ocrx_word' id='word_1_19' title='bbox 1512 378 1525 414; x_wconf 91' lang='lat'>?</span> <span class='ocrx_word' id='word_1_20' title='bbox 1548 380 1610 417; x_wconf 83' lang='lat' dir='ltr'>An</span> <span class='ocrx_word' id='word_1_21' title='bbox 1628 379 1749 420; x_wconf 80' lang='lat' dir='ltr'>etiam,</span> 
     </span>
     <span class='ocr_line' id='line_1_4' title="bbox 365 437 1747 490; baseline 0.004 -15"><span class='ocrx_word' id='word_1_22' title='bbox 365 437 534 475; x_wconf 86' lang='lat' dir='ltr'>Theseus</span> <span class='ocrx_word' id='word_1_23' title='bbox 555 437 791 476; x_wconf 90' lang='lat' dir='ltr'>Marathonii</span> <span class='ocrx_word' id='word_1_24' title='bbox 812 439 907 475; x_wconf 89' lang='lat' dir='ltr'>tauri</span> <span class='ocrx_word' id='word_1_25' title='bbox 927 451 1068 476; x_wconf 90' lang='lat' dir='ltr'>cornua</span> <span class='ocrx_word' id='word_1_26' title='bbox 1086 439 1378 490; x_wconf 88' lang='lat' dir='ltr'>comprehendit</span> <span class='ocrx_word' id='word_1_27' title='bbox 1398 441 1512 479; x_wconf 85' lang='lat' dir='ltr'>iratus</span> <span class='ocrx_word' id='word_1_28' title='bbox 1529 442 1541 478; x_wconf 91' lang='lat'>?</span> <span class='ocrx_word' id='word_1_29' title='bbox 1570 443 1682 487; x_wconf 85' lang='lat' dir='ltr'>Vide,</span> <span class='ocrx_word' id='word_1_30' title='bbox 1700 457 1747 481; x_wconf 89' lang='lat' dir='ltr'>ne</span> 
     </span>
     <span class='ocr_line' id='line_1_5' title="bbox 364 502 1745 555; baseline 0.004 -15"><span class='ocrx_word' id='word_1_31' title='bbox 364 502 550 540; x_wconf 90' lang='lat' dir='ltr'>fortitudo</span> <span class='ocrx_word' id='word_1_32' title='bbox 569 502 731 540; x_wconf 90' lang='lat' dir='ltr'>minime</span> <span class='ocrx_word' id='word_1_33' title='bbox 751 502 796 540; x_wconf 81' lang='lat' dir='ltr'>fit</span> <span class='ocrx_word' id='word_1_34' title='bbox 815 502 970 547; x_wconf 88' lang='lat' dir='ltr'>rabiosa,</span> <span class='ocrx_word' id='word_1_35' title='bbox 1004 503 1123 555; x_wconf 82' lang='lat' dir='ltr'>sitque</span> <span class='ocrx_word' id='word_1_36' title='bbox 1143 504 1336 541; x_wconf 88' lang='lat' dir='ltr'>iracundia</span> <span class='ocrx_word' id='word_1_37' title='bbox 1355 513 1433 542; x_wconf 91' lang='lat' dir='ltr'>tota</span> <span class='ocrx_word' id='word_1_38' title='bbox 1452 505 1614 545; x_wconf 87' lang='lat' dir='ltr'>levitatis</span> <span class='ocrx_word' id='word_1_39' title='bbox 1630 526 1642 552; x_wconf 81' lang='lat'>;</span> <span class='ocrx_word' id='word_1_40' title='bbox 1678 522 1745 546; x_wconf 90' lang='lat' dir='ltr'>ne-</span> 
     </span>
     <span class='ocr_line' id='line_1_6' title="bbox 365 565 1467 620; baseline 0.004 -18"><span class='ocrx_word' id='word_1_41' title='bbox 365 579 439 618; x_wconf 88' lang='lat' dir='ltr'>que</span> <span class='ocrx_word' id='word_1_42' title='bbox 457 566 562 603; x_wconf 89' lang='lat' dir='ltr'>enim</span> <span class='ocrx_word' id='word_1_43' title='bbox 583 566 635 603; x_wconf 91' lang='lat' dir='ltr'>est</span> <span class='ocrx_word' id='word_1_44' title='bbox 654 566 730 603; x_wconf 85' lang='lat' dir='ltr'>ulla</span> <span class='ocrx_word' id='word_1_45' title='bbox 748 565 948 611; x_wconf 90' lang='lat' dir='ltr'>fortitudo,</span> <span class='ocrx_word' id='word_1_46' title='bbox 970 581 1054 619; x_wconf 84' lang='lat' dir='ltr'>quae</span> <span class='ocrx_word' id='word_1_47' title='bbox 1074 567 1230 605; x_wconf 90' lang='lat' dir='ltr'>rationis</span> <span class='ocrx_word' id='word_1_48' title='bbox 1249 567 1303 605; x_wconf 89' lang='lat' dir='ltr'>est</span> <span class='ocrx_word' id='word_1_49' title='bbox 1320 580 1467 620; x_wconf 85' lang='lat' dir='ltr'>expers.</span> 
     </span>
    </p>

    <p class='ocr_par' dir='ltr' id='par_1_3' title="bbox 346 630 1746 1319">
     <span class='ocr_line' id='line_1_7' title="bbox 404 630 1744 685; baseline 0.004 -17"><span class='ocrx_word' id='word_1_50' title='bbox 404 631 557 669; x_wconf 94' lang='lat' dir='ltr'>XXIII.</span> <span class='ocrx_word' id='word_1_51' title='bbox 581 631 881 669; x_wconf 84' lang='lat' dir='ltr'>Contemnendae</span> <span class='ocrx_word' id='word_1_52' title='bbox 900 644 955 670; x_wconf 87' lang='lat' dir='ltr'>res</span> <span class='ocrx_word' id='word_1_53' title='bbox 976 631 1063 669; x_wconf 93' lang='lat' dir='ltr'>sunt</span> <span class='ocrx_word' id='word_1_54' title='bbox 1081 630 1282 676; x_wconf 84' lang='lat' dir='ltr'>humanae;</span> <span class='ocrx_word' id='word_1_55' title='bbox 1305 633 1532 685; x_wconf 87' lang='lat' dir='ltr'>negligenda</span> <span class='ocrx_word' id='word_1_56' title='bbox 1552 647 1653 673; x_wconf 89' lang='lat' dir='ltr'>mors</span> <span class='ocrx_word' id='word_1_57' title='bbox 1673 637 1724 674; x_wconf 90' lang='lat' dir='ltr'>est</span> <span class='ocrx_word' id='word_1_58' title='bbox 1732 656 1744 681; x_wconf 85' lang='lat'>;</span> 
     </span>
     <span class='ocr_line' id='line_1_8' title="bbox 364 695 1746 749; baseline 0.004 -17"><span class='ocrx_word' id='word_1_59' title='bbox 364 695 538 747; x_wconf 83' lang='lat' dir='ltr'>patibiles</span> <span class='ocrx_word' id='word_1_60' title='bbox 559 705 596 734; x_wconf 86' lang='lat' dir='ltr'>et</span> <span class='ocrx_word' id='word_1_61' title='bbox 616 695 763 733; x_wconf 89' lang='lat' dir='ltr'>dolores</span> <span class='ocrx_word' id='word_1_62' title='bbox 783 704 821 734; x_wconf 93' lang='lat' dir='ltr'>et</span> <span class='ocrx_word' id='word_1_63' title='bbox 839 696 986 734; x_wconf 88' lang='lat' dir='ltr'>labores</span> <span class='ocrx_word' id='word_1_64' title='bbox 1005 697 1179 749; x_wconf 91' lang='lat' dir='ltr'>putandi.</span> <span class='ocrx_word' id='word_1_65' title='bbox 1224 697 1323 735; x_wconf 87' lang='lat' dir='ltr'>Haec</span> <span class='ocrx_word' id='word_1_66' title='bbox 1341 711 1433 736; x_wconf 89' lang='lat' dir='ltr'>cum</span> <span class='ocrx_word' id='word_1_67' title='bbox 1453 699 1656 738; x_wconf 82' lang='lat' dir='ltr'>constituta</span> <span class='ocrx_word' id='word_1_68' title='bbox 1675 701 1746 739; x_wconf 80' lang='lat' dir='ltr'>sint</span> 
     </span>
     <span class='ocr_line' id='line_1_9' title="bbox 356 760 1743 812; baseline 0.006 -16"><span class='ocrx_word' id='word_1_69' title='bbox 356 760 505 811; x_wconf 88' lang='lat' dir='ltr'>judicio</span> <span class='ocrx_word' id='word_1_70' title='bbox 524 769 638 812; x_wconf 89' lang='lat' dir='ltr'>atque</span> <span class='ocrx_word' id='word_1_71' title='bbox 658 760 851 805; x_wconf 83' lang='lat' dir='ltr'>sententia,</span> <span class='ocrx_word' id='word_1_72' title='bbox 882 770 967 799; x_wconf 88' lang='lat' dir='ltr'>tum</span> <span class='ocrx_word' id='word_1_73' title='bbox 987 761 1039 799; x_wconf 93' lang='lat' dir='ltr'>est</span> <span class='ocrx_word' id='word_1_74' title='bbox 1056 761 1207 800; x_wconf 85' lang='lat' dir='ltr'>robusta</span> <span class='ocrx_word' id='word_1_75' title='bbox 1225 762 1292 800; x_wconf 88' lang='lat' dir='ltr'>illa</span> <span class='ocrx_word' id='word_1_76' title='bbox 1309 771 1348 800; x_wconf 91' lang='lat' dir='ltr'>et</span> <span class='ocrx_word' id='word_1_77' title='bbox 1366 762 1508 802; x_wconf 83' lang='lat' dir='ltr'>stabilis</span> <span class='ocrx_word' id='word_1_78' title='bbox 1533 762 1743 809; x_wconf 84' lang='lat' dir='ltr'>fortitudo;</span> 
     </span>
     <span class='ocr_line' id='line_1_10' title="bbox 363 824 1745 877; baseline 0.004 -15"><span class='ocrx_word' id='word_1_79' title='bbox 363 825 430 863; x_wconf 87' lang='lat' dir='ltr'>nifi</span> <span class='ocrx_word' id='word_1_80' title='bbox 450 825 548 863; x_wconf 85' lang='lat' dir='ltr'>forte</span> <span class='ocrx_word' id='word_1_81' title='bbox 566 839 650 877; x_wconf 83' lang='lat' dir='ltr'>quae</span> <span class='ocrx_word' id='word_1_82' title='bbox 668 824 925 870; x_wconf 85' lang='lat' dir='ltr'>vehementer,</span> <span class='ocrx_word' id='word_1_83' title='bbox 956 827 1102 871; x_wconf 87' lang='lat' dir='ltr'>acriter,</span> <span class='ocrx_word' id='word_1_84' title='bbox 1130 827 1295 865; x_wconf 89' lang='lat' dir='ltr'>animose</span> <span class='ocrx_word' id='word_1_85' title='bbox 1313 826 1426 872; x_wconf 86' lang='lat' dir='ltr'>fiunt,</span> <span class='ocrx_word' id='word_1_86' title='bbox 1457 828 1635 867; x_wconf 86' lang='lat' dir='ltr'>iracunde</span> <span class='ocrx_word' id='word_1_87' title='bbox 1664 830 1745 868; x_wconf 89' lang='lat' dir='ltr'>fieri</span> 
     </span>
     <span class='ocr_line' id='line_1_11' title="bbox 363 890 1744 944; baseline 0.004 -16"><span class='ocrx_word' id='word_1_88' title='bbox 363 890 608 943; x_wconf 88' lang='lat' dir='ltr'>suspicamur.</span> <span class='ocrx_word' id='word_1_89' title='bbox 667 890 774 929; x_wconf 87' lang='lat' dir='ltr'>Mihi</span> <span class='ocrx_word' id='word_1_90' title='bbox 803 904 850 929; x_wconf 90' lang='lat' dir='ltr'>ne</span> <span class='ocrx_word' id='word_1_91' title='bbox 881 892 1010 944; x_wconf 87' lang='lat' dir='ltr'>Scipio</span> <span class='ocrx_word' id='word_1_92' title='bbox 1035 892 1194 944; x_wconf 89' lang='lat' dir='ltr'>quidem</span> <span class='ocrx_word' id='word_1_93' title='bbox 1219 892 1298 936; x_wconf 84' lang='lat' dir='ltr'>ille,</span> <span class='ocrx_word' id='word_1_94' title='bbox 1330 892 1509 932; x_wconf 86' lang='lat' dir='ltr'>Pontifex</span> <span class='ocrx_word' id='word_1_95' title='bbox 1537 895 1744 940; x_wconf 82' lang='lat' dir='ltr'>maximus,</span> 
     </span>
     <span class='ocr_line' id='line_1_12' title="bbox 360 955 1745 1012; baseline 0.004 -20"><span class='ocrx_word' id='word_1_96' title='bbox 360 956 429 1007; x_wconf 89' lang='lat' dir='ltr'>qui</span> <span class='ocrx_word' id='word_1_97' title='bbox 447 955 522 993; x_wconf 92' lang='lat' dir='ltr'>hoc</span> <span class='ocrx_word' id='word_1_98' title='bbox 543 955 760 993; x_wconf 89' lang='lat' dir='ltr'>Stoicorum</span> <span class='ocrx_word' id='word_1_99' title='bbox 779 968 910 993; x_wconf 89' lang='lat' dir='ltr'>verum</span> <span class='ocrx_word' id='word_1_100' title='bbox 929 956 999 994; x_wconf 78' lang='lat' dir='ltr'>effe</span> <span class='ocrx_word' id='word_1_101' title='bbox 1018 956 1232 1001; x_wconf 85' lang='lat' dir='ltr'>declaravit,</span> <span class='ocrx_word' id='word_1_102' title='bbox 1263 958 1462 1010; x_wconf 85' lang='lat' dir='ltr'>Nunquam</span> <span class='ocrx_word' id='word_1_103' title='bbox 1473 958 1667 1010; x_wconf 86' lang='lat' dir='ltr'>privatum</span> <span class='ocrx_word' id='word_1_104' title='bbox 1686 960 1745 1012; x_wconf 73' lang='lat' dir='ltr'>eff·</span> 
     </span>
     <span class='ocr_line' id='line_1_13' title="bbox 346 1019 1744 1074; baseline 0.004 -17"><span class='ocrx_word' id='word_1_105' title='bbox 346 1020 558 1074; x_wconf 73' lang='lat' dir='ltr'>fhpientm,</span> <span class='ocrx_word' id='word_1_106' title='bbox 579 1019 694 1057; x_wconf 88' lang='lat' dir='ltr'>iratus</span> <span class='ocrx_word' id='word_1_107' title='bbox 714 1020 864 1058; x_wconf 91' lang='lat' dir='ltr'>videtur</span> <span class='ocrx_word' id='word_1_108' title='bbox 882 1019 992 1058; x_wconf 81' lang='lat' dir='ltr'>fuiffe</span> <span class='ocrx_word' id='word_1_109' title='bbox 1010 1020 1104 1059; x_wconf 92' lang='lat' dir='ltr'>Tib.</span> <span class='ocrx_word' id='word_1_110' title='bbox 1127 1020 1319 1065; x_wconf 84' lang='lat' dir='ltr'>Graccho,</span> <span class='ocrx_word' id='word_1_111' title='bbox 1341 1029 1441 1066; x_wconf 87' lang='lat' dir='ltr'>tum,</span> <span class='ocrx_word' id='word_1_112' title='bbox 1474 1035 1566 1061; x_wconf 89' lang='lat' dir='ltr'>cum</span> <span class='ocrx_word' id='word_1_113' title='bbox 1593 1024 1744 1062; x_wconf 87' lang='lat' dir='ltr'>Consu-</span> 
     </span>
     <span class='ocr_line' id='line_1_14' title="bbox 359 1084 1744 1138; baseline 0.001 -15"><span class='ocrx_word' id='word_1_114' title='bbox 359 1085 437 1123; x_wconf 88' lang='lat' dir='ltr'>lem</span> <span class='ocrx_word' id='word_1_115' title='bbox 458 1085 704 1138; x_wconf 85' lang='lat' dir='ltr'>languentem</span> <span class='ocrx_word' id='word_1_116' title='bbox 723 1084 892 1136; x_wconf 90' lang='lat' dir='ltr'>reliquit‚</span> <span class='ocrx_word' id='word_1_117' title='bbox 923 1093 1037 1136; x_wconf 91' lang='lat' dir='ltr'>atque</span> <span class='ocrx_word' id='word_1_118' title='bbox 1056 1085 1133 1137; x_wconf 89' lang='lat' dir='ltr'>ipse</span> <span class='ocrx_word' id='word_1_119' title='bbox 1151 1086 1334 1137; x_wconf 81' lang='lat' dir='ltr'>privatuS,</span> <span class='ocrx_word' id='word_1_120' title='bbox 1366 1094 1410 1125; x_wconf 88' lang='lat' dir='ltr'>ut</span> <span class='ocrx_word' id='word_1_121' title='bbox 1429 1085 1456 1123; x_wconf 91' lang='lat' dir='ltr'>s1</span> <span class='ocrx_word' id='word_1_122' title='bbox 1477 1086 1622 1125; x_wconf 91' lang='lat' dir='ltr'>Consul</span> <span class='ocrx_word' id='word_1_123' title='bbox 1642 1088 1744 1132; x_wconf 82' lang='lat' dir='ltr'>effet,</span> 
     </span>
     <span class='ocr_line' id='line_1_15' title="bbox 361 1148 1744 1202; baseline 0.001 -14"><span class='ocrx_word' id='word_1_124' title='bbox 361 1150 431 1202; x_wconf 91' lang='lat' dir='ltr'>qui</span> <span class='ocrx_word' id='word_1_125' title='bbox 451 1149 731 1202; x_wconf 87' lang='lat' dir='ltr'>rempublicam</span> <span class='ocrx_word' id='word_1_126' title='bbox 750 1148 889 1187; x_wconf 89' lang='lat' dir='ltr'>salvam</span> <span class='ocrx_word' id='word_1_127' title='bbox 908 1148 977 1186; x_wconf 84' lang='lat' dir='ltr'>effe</span> <span class='ocrx_word' id='word_1_128' title='bbox 995 1149 1123 1194; x_wconf 91' lang='lat' dir='ltr'>vellet,</span> <span class='ocrx_word' id='word_1_129' title='bbox 1154 1149 1189 1187; x_wconf 91' lang='lat' dir='ltr'>se</span> <span class='ocrx_word' id='word_1_130' title='bbox 1207 1148 1312 1200; x_wconf 88' lang='lat' dir='ltr'>sequi</span> <span class='ocrx_word' id='word_1_131' title='bbox 1325 1149 1445 1201; x_wconf 81' lang='lat' dir='ltr'>jussit.</span> <span class='ocrx_word' id='word_1_132' title='bbox 1495 1150 1650 1196; x_wconf 87' lang='lat' dir='ltr'>Nescio,</span> <span class='ocrx_word' id='word_1_133' title='bbox 1680 1165 1744 1190; x_wconf 87' lang='lat' dir='ltr'>ec-</span> 
     </span>
     <span class='ocr_line' id='line_1_16' title="bbox 360 1213 1742 1268; baseline 0.002 -16"><span class='ocrx_word' id='word_1_134' title='bbox 360 1215 456 1268; x_wconf 91' lang='lat' dir='ltr'>quid</span> <span class='ocrx_word' id='word_1_135' title='bbox 486 1215 554 1268; x_wconf 87' lang='lat' dir='ltr'>ipfi</span> <span class='ocrx_word' id='word_1_136' title='bbox 584 1228 652 1253; x_wconf 86' lang='lat' dir='ltr'>nos</span> <span class='ocrx_word' id='word_1_137' title='bbox 672 1213 820 1252; x_wconf 90' lang='lat' dir='ltr'>fortiter</span> <span class='ocrx_word' id='word_1_138' title='bbox 845 1214 886 1252; x_wconf 91' lang='lat' dir='ltr'>in</span> <span class='ocrx_word' id='word_1_139' title='bbox 905 1213 1101 1267; x_wconf 90' lang='lat' dir='ltr'>republica</span> <span class='ocrx_word' id='word_1_140' title='bbox 1118 1213 1338 1253; x_wconf 86' lang='lat' dir='ltr'>fecerimus.</span> <span class='ocrx_word' id='word_1_141' title='bbox 1380 1215 1419 1254; x_wconf 92' lang='lat' dir='ltr'>Si</span> <span class='ocrx_word' id='word_1_142' title='bbox 1449 1214 1545 1267; x_wconf 88' lang='lat' dir='ltr'>quid</span> <span class='ocrx_word' id='word_1_143' title='bbox 1564 1214 1742 1263; x_wconf 89' lang='lat' dir='ltr'>fecimus,</span> 
     </span>
     <span class='ocr_line' id='line_1_17' title="bbox 362 1279 863 1319; baseline 0.002 -1"><span class='ocrx_word' id='word_1_144' title='bbox 362 1289 463 1319; x_wconf 90' lang='lat' dir='ltr'>certe</span> <span class='ocrx_word' id='word_1_145' title='bbox 483 1281 567 1318; x_wconf 87' lang='lat' dir='ltr'>irati</span> <span class='ocrx_word' id='word_1_146' title='bbox 587 1293 665 1318; x_wconf 91' lang='lat' dir='ltr'>non</span> <span class='ocrx_word' id='word_1_147' title='bbox 684 1279 863 1319; x_wconf 89' lang='lat' dir='ltr'>fecimus.</span> 
     </span>
    </p>

    <p class='ocr_par' dir='ltr' id='par_1_4' title="bbox 358 1344 1746 1982">
     <span class='ocr_line' id='line_1_18' title="bbox 415 1344 1746 1398; baseline 0.002 -14"><span class='ocrx_word' id='word_1_148' title='bbox 415 1347 479 1384; x_wconf 90' lang='lat' dir='ltr'>An</span> <span class='ocrx_word' id='word_1_149' title='bbox 510 1345 562 1382; x_wconf 90' lang='lat' dir='ltr'>est</span> <span class='ocrx_word' id='word_1_150' title='bbox 591 1345 804 1397; x_wconf 90' lang='lat' dir='ltr'>quidquam</span> <span class='ocrx_word' id='word_1_151' title='bbox 833 1344 994 1384; x_wconf 86' lang='lat' dir='ltr'>fimilius</span> <span class='ocrx_word' id='word_1_152' title='bbox 1027 1345 1190 1390; x_wconf 88' lang='lat' dir='ltr'>insaniae,</span> <span class='ocrx_word' id='word_1_153' title='bbox 1225 1358 1342 1398; x_wconf 90' lang='lat' dir='ltr'>quam</span> <span class='ocrx_word' id='word_1_154' title='bbox 1373 1344 1428 1383; x_wconf 87' lang='lat' dir='ltr'>ira</span> <span class='ocrx_word' id='word_1_155' title='bbox 1445 1346 1459 1382; x_wconf 88' lang='lat'>?</span> <span class='ocrx_word' id='word_1_156' title='bbox 1499 1358 1615 1398; x_wconf 88' lang='lat' dir='ltr'>quam</span> <span class='ocrx_word' id='word_1_157' title='bbox 1648 1346 1746 1386; x_wconf 85' lang='lat' dir='ltr'>bene</span> 
     </span>
     <span class='ocr_line' id='line_1_19' title="bbox 360 1410 1744 1465; baseline 0 -14"><span class='ocrx_word' id='word_1_158' title='bbox 360 1411 510 1451; x_wconf 88' lang='lat' dir='ltr'>Ennius</span> <span class='ocrx_word' id='word_1_159' title='bbox 530 1410 686 1448; x_wconf 85' lang='lat' dir='ltr'>initium</span> <span class='ocrx_word' id='word_1_160' title='bbox 706 1411 804 1448; x_wconf 88' lang='lat' dir='ltr'>dixit</span> <span class='ocrx_word' id='word_1_161' title='bbox 823 1410 986 1449; x_wconf 83' lang='lat' dir='ltr'>insaniae.</span> <span class='ocrx_word' id='word_1_162' title='bbox 1018 1410 1150 1455; x_wconf 91' lang='lat' dir='ltr'>Color,</span> <span class='ocrx_word' id='word_1_163' title='bbox 1179 1424 1268 1455; x_wconf 83' lang='lat' dir='ltr'>vox,</span> <span class='ocrx_word' id='word_1_164' title='bbox 1288 1411 1406 1455; x_wconf 90' lang='lat' dir='ltr'>oculi,</span> <span class='ocrx_word' id='word_1_165' title='bbox 1427 1411 1594 1463; x_wconf 85' lang='lat' dir='ltr'>spiritus,</span> <span class='ocrx_word' id='word_1_166' title='bbox 1614 1412 1744 1465; x_wconf 90' lang='lat' dir='ltr'>impo-</span> 
     </span>
     <span class='ocr_line' id='line_1_20' title="bbox 361 1475 1742 1528; baseline -0.002 -13"><span class='ocrx_word' id='word_1_167' title='bbox 361 1476 480 1515; x_wconf 88' lang='lat' dir='ltr'>tentia</span> <span class='ocrx_word' id='word_1_168' title='bbox 499 1475 688 1515; x_wconf 63' lang='lat' dir='ltr'>dictorum</span> <span class='ocrx_word' id='word_1_169' title='bbox 707 1483 820 1527; x_wconf 91' lang='lat' dir='ltr'>atque</span> <span class='ocrx_word' id='word_1_170' title='bbox 845 1475 1046 1520; x_wconf 71' lang='lat' dir='ltr'>fastorum,</span> <span class='ocrx_word' id='word_1_171' title='bbox 1078 1489 1195 1527; x_wconf 89' lang='lat' dir='ltr'>quam</span> <span class='ocrx_word' id='word_1_172' title='bbox 1213 1485 1359 1528; x_wconf 86' lang='lat' dir='ltr'>partem</span> <span class='ocrx_word' id='word_1_173' title='bbox 1378 1475 1522 1514; x_wconf 89' lang='lat' dir='ltr'>habent</span> <span class='ocrx_word' id='word_1_174' title='bbox 1547 1476 1710 1514; x_wconf 87' lang='lat' dir='ltr'>sanitatis</span> <span class='ocrx_word' id='word_1_175' title='bbox 1729 1477 1742 1512; x_wconf 83' lang='lat'>?</span> 
     </span>
     <span class='ocr_line' id='line_1_21' title="bbox 361 1538 1741 1592; baseline -0.001 -14"><span class='ocrx_word' id='word_1_176' title='bbox 361 1541 468 1592; x_wconf 83' lang='lat' dir='ltr'>Qid</span> <span class='ocrx_word' id='word_1_177' title='bbox 488 1539 642 1579; x_wconf 90' lang='lat' dir='ltr'>Achille</span> <span class='ocrx_word' id='word_1_178' title='bbox 662 1540 874 1578; x_wconf 89' lang='lat' dir='ltr'>Homerico</span> <span class='ocrx_word' id='word_1_179' title='bbox 892 1538 1033 1577; x_wconf 84' lang='lat' dir='ltr'>foedius</span> <span class='ocrx_word' id='word_1_180' title='bbox 1049 1541 1062 1576; x_wconf 91' lang='lat'>?</span> <span class='ocrx_word' id='word_1_181' title='bbox 1093 1540 1202 1590; x_wconf 84' lang='lat' dir='ltr'>Qid</span> <span class='ocrx_word' id='word_1_182' title='bbox 1221 1541 1514 1591; x_wconf 87' lang='lat' dir='ltr'>Agamemnone</span> <span class='ocrx_word' id='word_1_183' title='bbox 1533 1540 1741 1592; x_wconf 88' lang='lat' dir='ltr'>injurgio?</span> 
     </span>
     <span class='ocr_line' id='line_1_22' title="bbox 359 1602 1745 1657; baseline -0.001 -13"><span class='ocrx_word' id='word_1_184' title='bbox 359 1606 464 1644; x_wconf 87' lang='lat' dir='ltr'>Nam</span> <span class='ocrx_word' id='word_1_185' title='bbox 484 1606 643 1657; x_wconf 87' lang='lat' dir='ltr'>Ajacem</span> <span class='ocrx_word' id='word_1_186' title='bbox 663 1603 821 1655; x_wconf 90' lang='lat' dir='ltr'>quidem</span> <span class='ocrx_word' id='word_1_187' title='bbox 841 1604 894 1640; x_wconf 92' lang='lat' dir='ltr'>ira</span> <span class='ocrx_word' id='word_1_188' title='bbox 912 1604 958 1641; x_wconf 92' lang='lat' dir='ltr'>ad</span> <span class='ocrx_word' id='word_1_189' title='bbox 977 1602 1147 1641; x_wconf 82' lang='lat' dir='ltr'>furorem</span> <span class='ocrx_word' id='word_1_190' title='bbox 1166 1613 1411 1655; x_wconf 86' lang='lat' dir='ltr'>mortemque</span> <span class='ocrx_word' id='word_1_191' title='bbox 1430 1604 1620 1655; x_wconf 82' lang='lat' dir='ltr'>perduxit.</span> <span class='ocrx_word' id='word_1_192' title='bbox 1650 1605 1745 1643; x_wconf 86' lang='lat' dir='ltr'>Non</span> 
     </span>
     <span class='ocr_line' id='line_1_23' title="bbox 358 1667 1742 1723; baseline 0 -15"><span class='ocrx_word' id='word_1_193' title='bbox 358 1671 475 1723; x_wconf 87' lang='lat' dir='ltr'>igitur</span> <span class='ocrx_word' id='word_1_194' title='bbox 493 1669 672 1708; x_wconf 70' lang='lat' dir='ltr'>desiderat</span> <span class='ocrx_word' id='word_1_195' title='bbox 686 1667 872 1706; x_wconf 87' lang='lat' dir='ltr'>fortitudo</span> <span class='ocrx_word' id='word_1_196' title='bbox 888 1668 1106 1706; x_wconf 88' lang='lat' dir='ltr'>advocatam</span> <span class='ocrx_word' id='word_1_197' title='bbox 1123 1668 1370 1706; x_wconf 88' lang='lat' dir='ltr'>iracundiam.</span> <span class='ocrx_word' id='word_1_198' title='bbox 1395 1668 1559 1707; x_wconf 69' lang='lat' dir='ltr'>Satis&#39;est</span> <span class='ocrx_word' id='word_1_199' title='bbox 1578 1669 1742 1709; x_wconf 90' lang='lat' dir='ltr'>instruc-</span> 
     </span>
     <span class='ocr_line' id='line_1_24' title="bbox 359 1732 1741 1787; baseline -0.001 -13"><span class='ocrx_word' id='word_1_200' title='bbox 359 1746 410 1781; x_wconf 83' lang='lat' dir='ltr'>ta,</span> <span class='ocrx_word' id='word_1_201' title='bbox 431 1743 584 1779; x_wconf 83' lang='lat' dir='ltr'>armata,</span> <span class='ocrx_word' id='word_1_202' title='bbox 615 1743 740 1787; x_wconf 85' lang='lat' dir='ltr'>parata</span> <span class='ocrx_word' id='word_1_203' title='bbox 758 1747 824 1786; x_wconf 86' lang='lat' dir='ltr'>per</span> <span class='ocrx_word' id='word_1_204' title='bbox 842 1733 927 1771; x_wconf 91' lang='lat' dir='ltr'>sese.</span> <span class='ocrx_word' id='word_1_205' title='bbox 965 1734 1071 1771; x_wconf 88' lang='lat' dir='ltr'>Nam</span> <span class='ocrx_word' id='word_1_206' title='bbox 1091 1733 1161 1771; x_wconf 89' lang='lat' dir='ltr'>isto</span> <span class='ocrx_word' id='word_1_207' title='bbox 1180 1732 1296 1771; x_wconf 89' lang='lat' dir='ltr'>modo</span> <span class='ocrx_word' id='word_1_208' title='bbox 1315 1732 1473 1784; x_wconf 84' lang='lat' dir='ltr'>quidem</span> <span class='ocrx_word' id='word_1_209' title='bbox 1491 1733 1583 1771; x_wconf 87' lang='lat' dir='ltr'>licet</span> <span class='ocrx_word' id='word_1_210' title='bbox 1602 1733 1741 1780; x_wconf 85' lang='lat' dir='ltr'>dicere,</span> 
     </span>
     <span class='ocr_line' id='line_1_25' title="bbox 358 1796 1740 1843; baseline -0.002 -4"><span class='ocrx_word' id='word_1_211' title='bbox 358 1801 497 1839; x_wconf 88' lang='lat' dir='ltr'>utilem</span> <span class='ocrx_word' id='word_1_212' title='bbox 523 1799 775 1837; x_wconf 89' lang='lat' dir='ltr'>vinolentiam</span> <span class='ocrx_word' id='word_1_213' title='bbox 805 1798 851 1836; x_wconf 92' lang='lat' dir='ltr'>ad</span> <span class='ocrx_word' id='word_1_214' title='bbox 880 1797 1162 1841; x_wconf 87' lang='lat' dir='ltr'>fortitudinem,</span> <span class='ocrx_word' id='word_1_215' title='bbox 1191 1797 1326 1835; x_wconf 86' lang='lat' dir='ltr'>utilem</span> <span class='ocrx_word' id='word_1_216' title='bbox 1355 1796 1471 1834; x_wconf 88' lang='lat' dir='ltr'>etiam</span> <span class='ocrx_word' id='word_1_217' title='bbox 1491 1797 1740 1843; x_wconf 87' lang='lat' dir='ltr'>dementiam,</span> 
     </span>
     <span class='ocr_line' id='line_1_26' title="bbox 358 1860 1742 1918; baseline -0.001 -15"><span class='ocrx_word' id='word_1_218' title='bbox 358 1866 463 1918; x_wconf 91' lang='lat' dir='ltr'>quod</span> <span class='ocrx_word' id='word_1_219' title='bbox 481 1873 519 1902; x_wconf 92' lang='lat' dir='ltr'>et</span> <span class='ocrx_word' id='word_1_220' title='bbox 538 1863 656 1902; x_wconf 87' lang='lat' dir='ltr'>insani</span> <span class='ocrx_word' id='word_1_221' title='bbox 676 1873 714 1901; x_wconf 91' lang='lat' dir='ltr'>et</span> <span class='ocrx_word' id='word_1_222' title='bbox 733 1863 829 1901; x_wconf 90' lang='lat' dir='ltr'>ebrii</span> <span class='ocrx_word' id='word_1_223' title='bbox 849 1863 972 1900; x_wconf 89' lang='lat' dir='ltr'>multa</span> <span class='ocrx_word' id='word_1_224' title='bbox 990 1862 1137 1900; x_wconf 85' lang='lat' dir='ltr'>faciunt</span> <span class='ocrx_word' id='word_1_225' title='bbox 1157 1862 1250 1914; x_wconf 87' lang='lat' dir='ltr'>saepe</span> <span class='ocrx_word' id='word_1_226' title='bbox 1269 1860 1547 1900; x_wconf 86' lang='lat' dir='ltr'>vehementius.</span> <span class='ocrx_word' id='word_1_227' title='bbox 1587 1864 1742 1916; x_wconf 88' lang='lat' dir='ltr'>Semper</span> 
     </span>
     <span class='ocr_line' id='line_1_27' title="bbox 359 1926 1240 1982; baseline -0.003 -14"><span class='ocrx_word' id='word_1_228' title='bbox 359 1931 458 1982; x_wconf 87' lang='lat' dir='ltr'>Ajax</span> <span class='ocrx_word' id='word_1_229' title='bbox 476 1929 585 1967; x_wconf 91' lang='lat' dir='ltr'>fortis</span> <span class='ocrx_word' id='word_1_230' title='bbox 601 1947 613 1973; x_wconf 68' lang='grc' dir='ltr'><strong><em>ς</em></strong></span> <span class='ocrx_word' id='word_1_231' title='bbox 644 1927 866 1966; x_wconf 80' lang='lat' dir='ltr'>fortissimus</span> <span class='ocrx_word' id='word_1_232' title='bbox 886 1938 1012 1966; x_wconf 89' lang='lat' dir='ltr'>tamen</span> <span class='ocrx_word' id='word_1_233' title='bbox 1031 1928 1071 1965; x_wconf 93' lang='lat' dir='ltr'>in</span> <span class='ocrx_word' id='word_1_234' title='bbox 1090 1926 1240 1965; x_wconf 85' lang='lat' dir='ltr'>furore:</span> 
     </span>
    </p>

    <p class='ocr_par' dir='ltr' id='par_1_5' title="bbox 493 1991 1636 2112">
     <span class='ocr_line' id='line_1_28' title="bbox 493 1991 1631 2047; baseline -0.003 -14"><span class='ocrx_word' id='word_1_235' title='bbox 493 1997 592 2034; x_wconf 86' lang='lat' dir='ltr'>Nam</span> <span class='ocrx_word' id='word_1_236' title='bbox 596 1995 750 2047; x_wconf 78' lang='lat' dir='ltr'>fhcinus</span> <span class='ocrx_word' id='word_1_237' title='bbox 753 1994 851 2046; x_wconf 76' lang='lat' dir='ltr'>ficit</span> <span class='ocrx_word' id='word_1_238' title='bbox 870 1994 1071 2038; x_wconf 85' lang='lat' dir='ltr'>maximum,</span> <span class='ocrx_word' id='word_1_239' title='bbox 1093 2007 1182 2037; x_wconf 78' lang='lat' dir='ltr'>cum,</span> <span class='ocrx_word' id='word_1_240' title='bbox 1202 1993 1349 2031; x_wconf 81' lang='lat' dir='ltr'>Danais</span> <span class='ocrx_word' id='word_1_241' title='bbox 1367 1991 1631 2038; x_wconf 84' lang='lat' dir='ltr'>inclinantibus,</span> 
     </span>
     <span class='ocr_line' id='line_1_29' title="bbox 493 2057 1636 2112; baseline -0.003 -14"><span class='ocrx_word' id='word_1_242' title='bbox 493 2061 670 2099; x_wconf 82' lang='lat' dir='ltr'>Summam</span> <span class='ocrx_word' id='word_1_243' title='bbox 688 2074 761 2097; x_wconf 83' lang='lat' dir='ltr'>rem</span> <span class='ocrx_word' id='word_1_244' title='bbox 773 2059 927 2112; x_wconf 77' lang='lat' dir='ltr'>perfecit</span> <span class='ocrx_word' id='word_1_245' title='bbox 946 2073 1082 2103; x_wconf 86' lang='lat' dir='ltr'>manus,</span> <span class='ocrx_word' id='word_1_246' title='bbox 1095 2059 1263 2111; x_wconf 69' lang='lat' dir='ltr'>proelium</span> <span class='ocrx_word' id='word_1_247' title='bbox 1281 2057 1434 2110; x_wconf 60' lang='lat' dir='ltr'>restituit</span> <span class='ocrx_word' id='word_1_248' title='bbox 1451 2058 1636 2110; x_wconf 68' lang='lat' dir='ltr'>tnstmiens.</span> 
     </span>
    </p>

    <p class='ocr_par' dir='ltr' id='par_1_6' title="bbox 357 2121 1739 2502">
     <span class='ocr_line' id='line_1_30' title="bbox 412 2121 1738 2176; baseline -0.001 -14"><span class='ocrx_word' id='word_1_249' title='bbox 412 2125 563 2163; x_wconf 92' lang='lat' dir='ltr'>XXIV.</span> <span class='ocrx_word' id='word_1_250' title='bbox 595 2125 780 2162; x_wconf 89' lang='lat' dir='ltr'>Dicamus</span> <span class='ocrx_word' id='word_1_251' title='bbox 801 2125 919 2176; x_wconf 88' lang='lat' dir='ltr'>igitur</span> <span class='ocrx_word' id='word_1_252' title='bbox 937 2124 1074 2162; x_wconf 88' lang='lat' dir='ltr'>utilem</span> <span class='ocrx_word' id='word_1_253' title='bbox 1094 2122 1302 2160; x_wconf 80' lang='lat' dir='ltr'>insaniam?</span> <span class='ocrx_word' id='word_1_254' title='bbox 1324 2123 1461 2160; x_wconf 63' lang='lat' dir='ltr'>Trafta</span> <span class='ocrx_word' id='word_1_255' title='bbox 1477 2121 1738 2161; x_wconf 88' lang='lat' dir='ltr'>definitionem</span> 
     </span>
     <span class='ocr_line' id='line_1_31' title="bbox 358 2187 1739 2241; baseline -0.002 -13"><span class='ocrx_word' id='word_1_256' title='bbox 358 2190 594 2229; x_wconf 84' lang='lat' dir='ltr'>fortitudinis</span> <span class='ocrx_word' id='word_1_257' title='bbox 611 2207 622 2233; x_wconf 79' lang='lat'>3</span> <span class='ocrx_word' id='word_1_258' title='bbox 654 2189 859 2241; x_wconf 87' lang='lat' dir='ltr'>intelliges,</span> <span class='ocrx_word' id='word_1_259' title='bbox 889 2201 972 2226; x_wconf 87' lang='lat' dir='ltr'>eam</span> <span class='ocrx_word' id='word_1_260' title='bbox 992 2187 1188 2226; x_wconf 88' lang='lat' dir='ltr'>stomacho</span> <span class='ocrx_word' id='word_1_261' title='bbox 1208 2201 1283 2225; x_wconf 88' lang='lat' dir='ltr'>non</span> <span class='ocrx_word' id='word_1_262' title='bbox 1303 2200 1423 2239; x_wconf 85' lang='lat' dir='ltr'>egere.</span> <span class='ocrx_word' id='word_1_263' title='bbox 1466 2187 1668 2226; x_wconf 88' lang='lat' dir='ltr'>Fortitudo</span> <span class='ocrx_word' id='word_1_264' title='bbox 1687 2189 1739 2225; x_wconf 89' lang='lat' dir='ltr'>est</span> 
     </span>
     <span class='ocr_line' id='line_1_32' title="bbox 360 2252 1737 2307; baseline -0.003 -14"><span class='ocrx_word' id='word_1_265' title='bbox 360 2255 477 2307; x_wconf 85' lang='lat' dir='ltr'>igitur</span> <span class='ocrx_word' id='word_1_266' title='bbox 496 2254 660 2292; x_wconf 71' lang='lat' dir='ltr'>Affeffio</span> <span class='ocrx_word' id='word_1_267' title='bbox 679 2254 811 2298; x_wconf 88' lang='lat' dir='ltr'>animi,</span> <span class='ocrx_word' id='word_1_268' title='bbox 843 2254 917 2306; x_wconf 88' lang='lat' dir='ltr'>legi</span> <span class='ocrx_word' id='word_1_269' title='bbox 939 2253 1095 2291; x_wconf 83' lang='lat' dir='ltr'>summae</span> <span class='ocrx_word' id='word_1_270' title='bbox 1116 2254 1155 2290; x_wconf 90' lang='lat' dir='ltr'>in</span> <span class='ocrx_word' id='word_1_271' title='bbox 1182 2252 1432 2305; x_wconf 86' lang='lat' dir='ltr'>perpetiendis</span> <span class='ocrx_word' id='word_1_272' title='bbox 1454 2252 1562 2290; x_wconf 88' lang='lat' dir='ltr'>rebus</span> <span class='ocrx_word' id='word_1_273' title='bbox 1583 2252 1737 2290; x_wconf 88' lang='lat' dir='ltr'>obtem-</span> 
     </span>
     <span class='ocr_line' id='line_1_33' title="bbox 359 2316 1737 2372; baseline -0.003 -15"><span class='ocrx_word' id='word_1_274' title='bbox 359 2332 489 2372; x_wconf 89' lang='lat' dir='ltr'>perans</span> <span class='ocrx_word' id='word_1_275' title='bbox 507 2337 519 2364; x_wconf 87' lang='lat'>;</span> <span class='ocrx_word' id='word_1_276' title='bbox 550 2319 609 2356; x_wconf 83' lang='lat' dir='ltr'>vel</span> <span class='ocrx_word' id='word_1_277' title='bbox 641 2319 881 2357; x_wconf 80' lang='lat' dir='ltr'>conservatio</span> <span class='ocrx_word' id='word_1_278' title='bbox 913 2319 1053 2357; x_wconf 82' lang='lat' dir='ltr'>stabilis</span> <span class='ocrx_word' id='word_1_279' title='bbox 1078 2319 1218 2369; x_wconf 88' lang='lat' dir='ltr'>judicii</span> <span class='ocrx_word' id='word_1_280' title='bbox 1241 2319 1281 2355; x_wconf 91' lang='lat' dir='ltr'>in</span> <span class='ocrx_word' id='word_1_281' title='bbox 1314 2318 1367 2355; x_wconf 90' lang='lat' dir='ltr'>eis</span> <span class='ocrx_word' id='word_1_282' title='bbox 1399 2317 1524 2360; x_wconf 91' lang='lat' dir='ltr'>rebus,</span> <span class='ocrx_word' id='word_1_283' title='bbox 1555 2330 1638 2367; x_wconf 80' lang='lat' dir='ltr'>quae</span> <span class='ocrx_word' id='word_1_284' title='bbox 1656 2316 1737 2354; x_wconf 91' lang='lat' dir='ltr'>for-</span> 
     </span>
     <span class='ocr_line' id='line_1_34' title="bbox 359 2382 1738 2437; baseline -0.002 -14"><span class='ocrx_word' id='word_1_285' title='bbox 359 2384 552 2424; x_wconf 75' lang='lat' dir='ltr'>midolosa:</span> <span class='ocrx_word' id='word_1_286' title='bbox 572 2385 760 2430; x_wconf 87' lang='lat' dir='ltr'>videntur,</span> <span class='ocrx_word' id='word_1_287' title='bbox 791 2385 993 2423; x_wconf 84' lang='lat' dir='ltr'>subeundis</span> <span class='ocrx_word' id='word_1_288' title='bbox 1012 2394 1049 2422; x_wconf 91' lang='lat' dir='ltr'>et</span> <span class='ocrx_word' id='word_1_289' title='bbox 1068 2384 1292 2437; x_wconf 88' lang='lat' dir='ltr'>repellendis</span> <span class='ocrx_word' id='word_1_290' title='bbox 1308 2401 1320 2427; x_wconf 89' lang='lat'>;</span> <span class='ocrx_word' id='word_1_291' title='bbox 1351 2382 1409 2420; x_wconf 91' lang='lat' dir='ltr'>vel</span> <span class='ocrx_word' id='word_1_292' title='bbox 1430 2382 1591 2419; x_wconf 84' lang='lat' dir='ltr'>Scientia</span> <span class='ocrx_word' id='word_1_293' title='bbox 1611 2394 1738 2420; x_wconf 89' lang='lat' dir='ltr'>rerum</span> 
     </span>
     <span class='ocr_line' id='line_1_35' title="bbox 357 2447 1736 2502; baseline -0.003 -14"><span class='ocrx_word' id='word_1_294' title='bbox 357 2449 688 2488; x_wconf 75' lang='lat' dir='ltr'>formidolosarum</span> <span class='ocrx_word' id='word_1_295' title='bbox 727 2451 1075 2501; x_wconf 85' lang='lat' dir='ltr'>contrariarumque</span> <span class='ocrx_word' id='word_1_296' title='bbox 1112 2448 1434 2502; x_wconf 86' lang='lat' dir='ltr'>perferendarum,</span> <span class='ocrx_word' id='word_1_297' title='bbox 1479 2456 1543 2483; x_wconf 87' lang='lat' dir='ltr'>aut</span> <span class='ocrx_word' id='word_1_298' title='bbox 1576 2447 1736 2484; x_wconf 86' lang='lat' dir='ltr'>omnino</span> 
     </span>
    </p>
   </div>
   <div class='ocr_carea' id='block_1_3' title="bbox 359 2511 1737 2618">
    <p class='ocr_par' dir='ltr' id='par_1_7' title="bbox 359 2511 1737 2618">
     <span class='ocr_line' id='line_1_36' title="bbox 359 2511 1737 2569; baseline -0.004 -15"><span class='ocrx_word' id='word_1_299' title='bbox 359 2515 686 2569; x_wconf 69' lang='lat' dir='ltr'>negligentiarum,</span> <span class='ocrx_word' id='word_1_300' title='bbox 716 2516 934 2554; x_wconf 85' lang='lat' dir='ltr'>conservans</span> <span class='ocrx_word' id='word_1_301' title='bbox 965 2528 1094 2553; x_wconf 86' lang='lat' dir='ltr'>earum</span> <span class='ocrx_word' id='word_1_302' title='bbox 1128 2527 1253 2553; x_wconf 88' lang='lat' dir='ltr'>rerum</span> <span class='ocrx_word' id='word_1_303' title='bbox 1273 2511 1403 2550; x_wconf 91' lang='lat' dir='ltr'>stabile</span> <span class='ocrx_word' id='word_1_304' title='bbox 1426 2511 1621 2563; x_wconf 88' lang='lat' dir='ltr'>judicium</span> <span class='ocrx_word' id='word_1_305' title='bbox 1636 2530 1648 2558; x_wconf 93' lang='grc'>,-</span> <span class='ocrx_word' id='word_1_306' title='bbox 1680 2512 1737 2549; x_wconf 85' lang='lat' dir='ltr'>vel</span> 
     </span>
     <span class='ocr_line' id='line_1_37' title="bbox 1298 2579 1439 2618; baseline -0.014 0"><span class='ocrx_word' id='word_1_307' title='bbox 1298 2579 1336 2618; x_wconf 88' lang='lat' dir='ltr'>X</span> <span class='ocrx_word' id='word_1_308' title='bbox 1361 2591 1387 2617; x_wconf 79' lang='lat' dir='ltr'>x</span> <span class='ocrx_word' id='word_1_309' title='bbox 1418 2590 1439 2616; x_wconf 89' lang='lat'>2</span> 
     </span>
    </p>
   </div>
  </div>
 </body>
</html>
