2330 2983
664 237 938 279 LIBER
994 232 1489 275 SECUNDUS.
1693 235 1769 285 461

389 341 544 395 ipseque
569 353 630 379 aer
650 338 852 378 nobiscum
882 337 998 382 videt,
1030 335 1230 374 nobiscum
1260 334 1379 378 audit,
1412 332 1613 372 nobiscum
1642 333 1770 373 sonat:

389 407 490 446 nihil
509 408 613 446 enim
632 419 765 444 eorum
785 405 861 443 fine
890 417 935 442 eo
955 403 1036 441 fieri
1056 402 1190 454 potest.
1233 401 1342 453 Qin
1370 400 1486 438 etiam
1506 409 1681 439 movetur
1701 415 1772 440 no-

391 473 565 511 biscum:
597 484 824 524 quacunque
853 469 958 506 enim
984 469 1100 513 imus,
1129 479 1358 518 quacunque
1386 479 1599 511 movemur,
1626 467 1774 505 videtur

390 537 491 589 quafi
510 537 641 574 locum
661 535 746 573 dare
764 544 802 572 et
820 533 964 572 cedere.

445 603 619 653 Qaeque
648 600 689 637 in
722 599 897 637 medium
916 598 1049 636 locum
1079 595 1231 640 mundi,
1264 594 1332 647 qui
1351 595 1402 633 est
1426 594 1598 640 infimus,
1631 606 1668 634 et
1689 611 1773 649 quae

389 680 410 704 a
429 667 555 704 medio
589 667 630 703 in
659 665 852 718 superum,
882 676 1042 716 quaeque
1061 661 1303 700 converfione
1332 661 1493 699 rotunda
1512 661 1659 699 circum
1689 676 1773 701 me-

389 732 500 770 dium
532 730 720 775 feruntur,
749 743 791 767 ea
810 729 1074 768 continentem
1104 726 1242 766 mundi
1270 726 1458 771 efficiunt,
1489 740 1681 779 unamque
1706 741 1774 766 na-

389 807 530 835 turam.
569 798 623 834 Et
640 809 732 834 cum
751 804 914 848 quatuor
943 795 1014 832 fint
1038 806 1174 846 genera
1191 806 1412 846 corporum,
1431 792 1684 831 viciffitudine
1707 807 1775 832 eo-

391 877 479 901 rum
498 862 635 901 mundi
661 861 882 900 continuata
901 868 1031 898 natura
1048 859 1115 897 est.
1156 859 1262 897 Nam
1283 871 1329 896 ex
1349 867 1445 896 terra
1462 871 1559 911 aqua
1574 877 1586 904 3
1617 873 1662 897 ex
1680 873 1776 912 aqua

391 929 512 966 oritur
531 941 591 965 aer
605 945 618 972 ;
649 940 694 965 ex
714 939 794 964 aere
824 924 963 964 aether:
994 924 1128 962 deinde
1148 924 1351 962 retrorsum
1371 923 1532 962 viciffim
1560 937 1608 963 ex
1638 924 1776 963 aethere

391 1007 451 1031 aer
466 1012 477 1038 ς
500 1006 547 1031 ex
566 1005 647 1030 aere
666 1006 763 1044 aqua
773 1009 785 1036 3
808 1005 854 1030 ex
874 1005 970 1043 aqua
989 1000 1084 1029 terra
1103 989 1248 1028 infima.
1281 990 1342 1027 Sic
1363 991 1504 1028 naturis
1522 988 1596 1034 his,
1618 1003 1664 1029 ex
1685 990 1775 1042 qui—

391 1059 461 1096 bus
481 1058 612 1096 omnia
630 1057 815 1102 constant,
836 1057 997 1101 sursum,
1016 1055 1204 1100 deorsum,
1222 1056 1339 1100 ultro,
1360 1055 1532 1107 citroque
1551 1068 1775 1093 commean-

390 1124 507 1167 tibus,
525 1123 663 1161 mundi
681 1122 850 1174 partium
869 1121 1090 1172 conjunctio
1109 1121 1340 1164 continetur,
1364 1134 1448 1172 quae
1469 1129 1533 1157 aut
1552 1120 1779 1172 sempiterna

390 1188 434 1226 fit
453 1188 593 1226 necefl'e
613 1187 678 1232 est,
700 1186 775 1224 hoc
795 1187 931 1224 eodem
950 1195 1098 1231 ornatu,
1116 1199 1234 1237 quem
1255 1185 1428 1223 videmus
1445 1204 1457 1230 3
1489 1195 1552 1223 aut
1572 1195 1671 1224 certe
1688 1199 1775 1238 per-

390 1254 581 1298 diuturna‚
596 1266 821 1306 permanens
840 1252 886 1289 ad
900 1252 1159 1304 longinquum
1175 1260 1212 1288 et
1227 1251 1462 1288 immensum
1481 1264 1577 1303 pene
1598 1260 1747 1303 tempus
1763 1266 1775 1290 ;

390 1333 556 1371 quorum
576 1319 764 1356 utrumvis
785 1327 828 1355 ut
848 1317 905 1361 sit,
937 1317 1116 1369 sequitur,
1148 1325 1278 1354 natura
1298 1316 1491 1354 mundum
1511 1316 1775 1355 administrari.

392 1386 490 1435 Qae
510 1385 615 1422 enim
633 1383 804 1421 claffium
826 1383 1028 1435 navigatio,
1056 1391 1120 1420 aut
1153 1396 1236 1434 quae
1256 1382 1451 1420 instructio
1480 1381 1681 1426 exercitus,
1712 1391 1777 1420 aut

393 1450 515 1488 rursus
553 1451 625 1501 (ut
643 1463 698 1495 ea,
737 1463 821 1501 quae
850 1458 982 1487 natura
1000 1448 1132 1493 efficit,
1153 1446 1424 1500 conferamus)
1454 1462 1540 1500 quae
1569 1448 1778 1500 procreatio

393 1515 480 1553 vitis
510 1523 574 1552 aut
607 1515 764 1560 arboris,
795 1527 880 1566 quae
907 1527 1019 1566 porro
1051 1513 1253 1551 animantis
1283 1512 1416 1565 figura,
1445 1511 1778 1564 conformatioque

393 1581 672 1624 membrorum,
708 1589 851 1617 tantam
882 1589 1022 1615 naturae
1052 1579 1241 1615 solertiam
1263 1578 1468 1629 fignificat,.
1492 1586 1674 1628 quantam
1700 1577 1778 1630 ipse

393 1645 591 1683 mundus?
622 1646 704 1681 Aut
738 1643 857 1695 igitur
882 1641 980 1680 nihil
1013 1641 1080 1686 est,
1108 1641 1212 1693 quod
1238 1641 1419 1679 sentiente
1452 1651 1582 1679 natura
1612 1651 1777 1694 regatur,

391 1719 456 1747 aut
475 1708 666 1748 mundum
687 1708 766 1760 regi
784 1706 1048 1745 confitendum
1068 1706 1134 1745 est.
1166 1708 1324 1744 Etenim
1351 1707 1419 1758 qui
1449 1706 1610 1757 reliquas
1628 1716 1776 1746 naturas

390 1788 539 1820 omnes,
569 1786 777 1826 earumque
797 1773 939 1811 semina
956 1772 1164 1816 contineat,
1198 1771 1269 1823 qui
1295 1771 1415 1823 potest
1434 1771 1511 1823 ipse
1540 1785 1616 1809 non
1645 1781 1778 1810 natura

392 1840 643 1879 administrari
661 1840 674 1876 ?
706 1840 776 1883 Ut,
797 1839 823 1876 fi
844 1838 912 1889 qui
931 1838 1062 1876 dentes
1081 1846 1120 1875 et
1139 1836 1380 1889 pubertatem
1406 1837 1539 1876 natura
1557 1837 1659 1876 dicat
1677 1838 1776 1876 exis-

392 1915 484 1950 tere,
502 1905 627 1957 ipsum
642 1912 769 1942 autem
785 1902 1000 1948 hominem,
1017 1902 1080 1941 cui
1095 1915 1137 1940 ea
1155 1902 1328 1947 existant,
1346 1916 1422 1940 non
1438 1902 1605 1940 constare
1624 1912 1753 1941 natura
1762 1922 1774 1948 5

394 1983 470 2010 non
492 1970 694 2023 intelligat,
708 1982 762 2014 ea,
781 1983 865 2021 quae
884 1967 1041 2006 efferant
1059 1967 1205 2020 aliquid
1223 1980 1270 2006 ex
1286 1967 1371 2012 sese,
1385 1966 1624 2020 perfectiores
1640 1966 1777 2007 habere

393 2045 556 2079 naturas,
575 2048 692 2087 quam
709 2047 764 2079 ea,
785 2047 869 2086 quae
887 2047 936 2072 ex
950 2033 995 2071 iis
1016 2032 1234 2071 efferantur.

447 2100 637 2139 XXXIV.
670 2099 866 2137 Omnium
883 2107 1010 2136 autem
1038 2111 1166 2136 rerum
1196 2111 1279 2149 quae
1306 2097 1436 2136 natura
1453 2098 1774 2145 administrantur,

395 2165 593 2204 seminator
607 2173 646 2202 et
660 2164 769 2208 sator,
786 2173 824 2201 et
838 2176 984 2215 parens,
1006 2173 1048 2200 ut
1069 2163 1120 2200 ita
1135 2163 1275 2207 dicam,
1305 2172 1418 2216 atque
1436 2164 1615 2202 educator
1629 2174 1665 2202 et
1680 2165 1775 2202 altor

394 2231 446 2269 est
467 2230 632 2268 mundus
648 2248 660 2275 3
692 2230 912 2281 omniaque,
933 2229 1027 2267 ficut
1044 2229 1217 2267 membra
1241 2237 1280 2267 et
1298 2239 1419 2282 partes
1440 2230 1533 2274 suas,
1564 2231 1776 2268 nutricatur

395 2304 433 2334 et
450 2295 635 2334 continet.

450 2360 569 2411 Qod
586 2360 611 2398 fi
629 2359 764 2397 mundi
790 2369 910 2412 partes
933 2369 1064 2398 natura
1078 2360 1399 2405 administrantur,
1428 2358 1568 2398 neceffe
1586 2359 1638 2397 est
1657 2373 1773 2398 mun-

395 2426 490 2463 dum
511 2424 635 2477 ipsum
654 2433 785 2462 natura
803 2425 1051 2462 administrari
1059 2443 1072 2469 ς
1093 2426 1202 2477 cujus
1216 2426 1372 2478 quidem
1388 2423 1660 2462 administratio
1676 2424 1775 2463 nihil

396 2490 509 2528 habet
530 2490 568 2527 in
589 2489 639 2534 se,
669 2490 772 2542 quod
800 2489 1023 2543 reprehendi
1050 2491 1174 2542 poffit.
1220 2492 1281 2528 Ex
1301 2491 1347 2528 iis
1367 2490 1468 2528 enim
1500 2490 1656 2534 naturis,
1691 2504 1776 2541 quae

397 2564 515 2601 erant,
546 2555 649 2609 quod
679 2554 780 2593 effici
801 2555 927 2608 potuit
952 2556 1167 2609 optimum,
1192 2554 1372 2593 effectum
1402 2554 1468 2593 est.
1513 2555 1662 2594 Doceat
1685 2568 1782 2609 ergo
