2330 2983
611 294 687 321 202
1029 280 1137 319 DE
1195 279 1579 320 FINIBUS

609 383 727 435 igitur
747 381 865 420 ullam
886 380 956 419 esse
986 392 1120 428 artem,
1150 397 1236 436 quae
1255 383 1334 436 ipsa
1362 397 1384 421 a
1413 383 1449 422 se
1476 381 1789 437 proficisceretur.
1848 382 2009 423 Etenim

608 448 755 500 semper
774 448 871 486 illud
890 457 994 487 extra
1013 449 1079 494 est,
1100 449 1205 502 quod
1220 460 1298 488 arte
1317 449 1672 503 comprehenditur.
1704 448 1820 488 Nihil
1839 463 1936 503 opus
1955 449 2010 488 est

608 513 795 566 exemplis
815 513 890 552 hoc
910 512 1032 552 facere
1052 515 1219 567 longius.
1278 515 1347 554 Est
1365 517 1471 554 enim
1491 515 1751 569 perspicuum,
1779 515 1927 553 nullam
1947 529 2008 553 ar-

609 589 689 618 tem
720 580 760 618 in
782 579 816 618 se
849 579 1087 625 versarissed
1117 581 1188 620 effe
1212 581 1317 620 aliud
1339 591 1459 620 artem
1489 581 1625 635 ipsam,
1655 581 1760 620 aliud
1785 581 1890 634 quod
1915 595 2008 635 pro-

610 645 776 697 pofitum
796 645 839 683 fit
859 646 942 684 arti.
988 647 1187 698 Qoniam
1218 656 1261 685 ut
1280 647 1475 686 medicina
1492 647 1734 692 valetudinis,
1757 646 2010 700 navigationis

608 710 848 762 gubernatio,
871 711 919 748 fic
939 712 1092 750 vivendi
1112 725 1169 750 ars
1188 712 1240 750 est
1260 712 1462 765 prudentia
1475 731 1490 758 5
1513 711 1657 751 necesse
1675 712 1730 751 est
1746 725 1832 751 eam
1852 725 2010 765 quoque

610 776 656 813 ab
677 777 748 814 alia
768 791 805 814 re
824 776 894 815 effe
914 777 1174 823 constitutam,
1195 787 1233 816 et
1253 777 1478 831 profectam.

666 842 849 880 Constitit
871 851 1001 880 autem
1023 841 1101 881 fere
1118 843 1219 881 inter
1247 857 1397 889 omnes,
1427 843 1482 888 id,
1512 844 1554 881 in
1578 856 1657 895 quo
1686 841 1889 895 prudentia
1922 855 2008 882 ver-

611 906 764 954 saretur,
791 917 829 946 et
848 909 954 961 quod
977 908 1118 961 affequi
1144 909 1273 955 vellet,
1302 919 1438 963 aptum
1464 919 1503 948 et
1527 909 1867 948 accommodatum
1893 918 2008 948 natu-

610 986 658 1011 rae
691 972 761 1011 effe
790 983 978 1027 oportere,
1005 984 1043 1013 et
1073 975 1161 1021 tale,
1191 985 1234 1014 ut
1259 975 1387 1028 ipsum
1416 989 1484 1029 per
1516 975 1552 1014 se
1571 975 1748 1014 invitaret
1766 983 1805 1013 et
1836 974 2010 1013 alliceret

610 1038 827 1091 appetitum
848 1040 993 1085 animi,
1024 1054 1143 1092 quem
1169 1036 1261 1090 ὁρμῆν
1293 1041 1422 1080 Graeci
1442 1050 1593 1080 vocant.
1652 1040 1761 1092 Qid
1787 1049 1918 1079 autem
1946 1040 2009 1086 fit,

609 1104 714 1156 quod
743 1105 796 1142 ita
814 1114 979 1151 moveat,
1009 1105 1138 1159 itaque
1164 1119 1185 1144 a
1204 1116 1336 1145 natura
1361 1107 1402 1145 in
1422 1107 1550 1160 primo
1577 1115 1664 1145 ortu
1684 1115 1894 1159 appetatur,
1928 1119 2008 1145 non

610 1169 767 1215 constat,
798 1171 921 1223 deque
940 1185 986 1209 eo
1015 1171 1068 1209 est
1094 1172 1195 1210 inter
1213 1170 1479 1225 philosophos,
1505 1186 1599 1211 cum
1631 1171 1829 1210 summum
1856 1171 2009 1210 bonum

609 1236 836 1286 exquiritur,
866 1237 994 1275 omnis
1014 1236 1196 1277 diffenfio.
1243 1238 1384 1276 Totius
1418 1239 1523 1276 enim
1555 1237 1773 1290 quaestionis
1792 1238 1888 1289 ejuS,
1921 1251 2008 1289 quae

609 1298 772 1338 habetur
792 1301 837 1339 de
856 1301 998 1340 finibus
1020 1302 1212 1340 bonorum
1243 1312 1281 1340 et
1307 1302 1514 1349 malorum,
1545 1317 1637 1341 cum
1658 1303 1855 1354 quaeritur,
1884 1303 1924 1340 in
1943 1301 2009 1341 his

609 1365 704 1418 quid
724 1366 767 1404 fit
786 1377 1004 1406 extremum
1024 1377 1062 1405 et
1082 1368 1286 1414 ultimum,
1305 1368 1392 1407 fons
1413 1369 1654 1422 reperiendus
1673 1367 1739 1413 est,
1770 1368 1811 1406 in
1831 1381 1910 1420 quo
1934 1368 2008 1407 sint

606 1432 732 1484 prima
749 1433 1000 1472 invitamenta
1015 1444 1171 1474 naturae.
1203 1436 1295 1487 Qo
1320 1435 1491 1480 invento,
1509 1435 1636 1474 omnis
1660 1433 1707 1473 ab
1726 1447 1786 1479 e0,
1807 1433 1910 1488 quafi
1938 1447 2007 1473 ca-

605 1499 698 1551 pite,
721 1499 766 1537 de
786 1499 939 1539 summo
959 1501 1061 1539 bono
1080 1510 1118 1540 et
1137 1502 1241 1540 malo
1260 1501 1466 1555 disputatio
1486 1502 1654 1540 ducitur.

653 1565 743 1602 VII.
767 1566 987 1618 Voluptatis
1008 1566 1070 1605 alii
1092 1568 1263 1620 primum
1283 1568 1498 1621 appetitum
1518 1576 1670 1620 putant,
1692 1576 1730 1605 et
1749 1567 1915 1620 primam
1935 1567 2006 1606 de-

605 1630 819 1683 pulsionem
849 1631 989 1670 doloris
1005 1651 1017 1677 ς
1048 1633 1113 1671 alii
1143 1633 1295 1672 censent
1316 1634 1488 1686 primum
1508 1633 1684 1678 ascitum,
1709 1633 1851 1672 doloris
1871 1634 2005 1671 vacui-

605 1706 739 1741 tatem,
760 1706 798 1735 et
817 1698 991 1749 primum
1012 1697 1263 1745 declinatum,
1289 1699 1476 1738 dolorem.
1510 1699 1574 1738 Ab
1594 1698 1655 1737 his
1675 1699 1754 1744 alii,
1776 1712 1861 1751 quae
1880 1699 2006 1752 prima

606 1761 814 1800 secundum
844 1773 1017 1802 naturam
1039 1765 1255 1810 nominant,
1286 1765 1605 1818 proficiscuntur;
1638 1765 1679 1804 in
1699 1765 1842 1818 quibus
1862 1778 2004 1804 nume-

605 1838 686 1866 rant
708 1828 1017 1868 incolumitatem
1051 1831 1454 1884 conservationemque
1479 1832 1659 1870 omnium
1682 1831 1866 1884 patrium,
1898 1831 2003 1870 vale-

605 1895 794 1939 tudinem,
826 1895 949 1934 sensus
980 1897 1162 1949 integrOS,
1192 1897 1335 1936 doloris
1361 1897 1606 1943 vacuitatem,
1637 1898 1749 1941 vires,
1780 1895 2003 1950 pulchritu-

604 1959 749 2004 dinem,
782 1969 990 2013 caeteraque
1020 1962 1167 2013 generis
1187 1963 1384 2014 ejusdem3
1417 1977 1585 2015 quorum
1606 1962 1741 2001 similia
1766 1963 1853 2001 sunt
1879 1963 2004 2016 prima

604 2026 643 2063 in
664 2026 802 2063 animis
823 2026 923 2078 quafi
946 2027 1134 2066 virtutum
1156 2028 1317 2080 igniculi
1337 2038 1374 2067 et
1395 2029 1550 2067 semina.
1597 2029 1658 2066 Ex
1679 2027 1739 2066 his
1768 2029 1888 2067 tribus
1908 2042 2001 2067 cum

604 2105 727 2129 unum
748 2091 902 2143 aliquod
924 2091 980 2136 sit,
1001 2106 1080 2144 quo
1105 2094 1277 2146 primum
1299 2102 1431 2132 natura
1450 2103 1648 2132 moveatur
1673 2093 1732 2131 vel
1753 2093 1798 2131 ad
1818 2103 2002 2147 appeten-

603 2157 713 2202 dum,
746 2157 801 2196 vel
834 2157 879 2195 ad
910 2158 1188 2211 repellendum,
1218 2174 1286 2198 nec
1307 2160 1520 2213 quidquam
1547 2160 1723 2204 omnino,
1757 2170 1889 2213 praeter
1919 2159 2001 2199 haec

604 2224 687 2267 tria,
724 2222 834 2275 poffit
853 2223 952 2269 esse,
984 2224 1126 2262 necesse
1146 2225 1199 2263 est
1224 2226 1387 2264 omnino
1416 2226 1592 2264 officium
1623 2235 1687 2263 aut
1718 2225 1906 2279 fugiendi,
1937 2236 2003 2265 aut

601 2289 798 2341 sequendi,
819 2289 865 2327 ad
884 2303 1017 2328 eorum
1038 2291 1183 2343 aliquid
1197 2291 1325 2330 referri
1341 2311 1353 2337 ς
1372 2302 1414 2331 ut
1433 2292 1498 2331 illa
1512 2292 1727 2345 prudentia,
1743 2306 1861 2344 quam
1880 2302 2002 2332 artem

602 2356 689 2393 vitae
709 2355 779 2394 effe
800 2355 984 2401 diximus,
1015 2357 1053 2395 in
1077 2371 1207 2396 earum
1228 2359 1346 2397 trium
1369 2373 1494 2397 rerum
1515 2359 1643 2412 aliqua
1663 2358 1841 2404 versetur,
1871 2372 1891 2397 a
1924 2372 2002 2412 qua

602 2421 718 2459 totius
740 2422 826 2460 vitae
845 2421 958 2460 ducat
977 2424 1194 2462 exordium.

658 2488 717 2525 Ex
752 2502 797 2526 eo
818 2498 960 2534 autem,
991 2491 1095 2542 quod
1127 2491 1294 2529 statuerit
1319 2491 1405 2536 effe,
1436 2505 1514 2543 quo
1545 2492 1715 2544 primum
1748 2501 1879 2530 natum
1910 2505 1999 2530 mo·

602 2563 744 2597 veatur,
775 2554 905 2593 existet
925 2555 1042 2593 etiam
1063 2556 1153 2594 resti
1176 2557 1270 2595 ratio
1289 2565 1402 2609 atquc
1423 2555 1583 2601 honesti,
1612 2572 1697 2609 quae
1716 2571 1808 2596 cum
1830 2570 1906 2595 uno
1925 2557 1998 2595 ali-

600 2632 679 2672 quo
698 2633 743 2658 cx
767 2620 887 2659 tribus
915 2621 993 2660 illis
1012 2636 1219 2675 congruere
1239 2623 1350 2676 possit
1365 2642 1378 2670 3
1411 2633 1452 2662 ut
1485 2623 1525 2662 id
1556 2623 1758 2662 honestum
1786 2622 1843 2667 fit,
1875 2621 1999 2662 facere
