2330 2983
596 323 670 372 146
804 331 806 333 “
1016 318 1562 359 DE·FrN·IBUs

587 421 751 474 gloriam
783 419 853 459 tibi
888 433 979 458 cum
999 418 1196 472 Pyrrhone
1224 429 1263 458 et
1281 418 1474 464 Aristone,
1505 419 1575 472 qui
1609 418 1741 458 omnia
1770 416 1998 474 exaequenss.

588 486 659 525 efl'e
671 499 924 525 communem
939 487 953 524 ?
969 486 1016 524 de
1030 487 1172 539 quibus
1189 485 1306 540 cupio
1321 485 1414 524 scire
1429 486 1526 538 quid
1541 485 1691 525 sentias.
1709 487 1858 539 Egone,
1879 500 1987 540 quae-

589 553 652 598 ris,
674 553 817 606 inquit,
839 552 931 590 scire
952 551 1048 605 quid
1068 552 1227 590 sentiam
1245 552 1258 588 ?
1289 565 1386 605 quos
1407 551 1528 590 bonos
1553 552 1668 597 viros,
1690 551 1821 598 fortes,
1847 552 1998 605 justos,-

587 619 816 664 moderatos,
833 628 899 656 aut
911 618 1129 657 audivimus
1142 619 1181 656 in
1195 617 1391 671 republica
1405 617 1530 663 fuiffe,
1546 627 1612 656 aut
1627 618 1694 671 ips]
1706 618 1985 671 vidimus,qui,

586 685 664 723 fine
694 685 773 722 ulla
792 676 962 723 dostrina
982 693 1157 723 naturam
1190 683 1311 736 ipsam
1331 683 1464 728 secuti,
1498 683 1625 722 multa
1652 684 1857 722 laudabilia
1880 683 1986 722 fece-

586 758 677 788 runt
688 768 701 796 5
719 763 780 788 eos
802 749 941 788 melius
954 763 975 787 a
993 758 1125 787 natura
1137 747 1330 787 institutos
1346 747 1469 793 fuisse,
1485 761 1603 800 quam
1620 747 1766 786 institui
1779 748 1987 802 potuissent

586 829 606 853 a
626 815 881 868 philosophia,
914 815 940 853 fi
962 815 1083 853 ullam
1102 815 1216 852 aliam
1236 813 1503 866 probavissent,
1525 822 1659 866 praeter
1686 827 1786 858 eam,
1818 828 1903 866 quae
1923 816 1985 852 ni-

583 880 642 919 hil
661 881 765 919 aliud
784 881 824 920 in
844 880 955 918 bonis
975 879 1103 924 habet,
1121 879 1189 918 nis1
1209 878 1410 917 honestum
1424 897 1438 924 ³
1468 877 1583 924 nihil,
1604 878 1673 916 nis1
1694 887 1818 932 turpe,
1839 880 1880 918 in
1900 893 1985 918 ma-

584 947 644 986 lis.
694 948 847 986 Caeterae
876 945 1199 1000 philosophorum
1218 945 1444 998 disciplinae,
1474 945 1638 983 omnino
1656 945 1729 983 alia
1747 945 1869 998 magis
1898 946 1997 991 alia,

584 1013 646 1052 sed
667 1022 794 1050 tamen
815 1025 962 1057 omneS,
991 1026 1075 1065 quae
1096 1025 1176 1050 rem
1196 1011 1317 1049 ullam
1337 1011 1491 1049 virtutis
1510 1020 1707 1063 expertem
1727 1019 1793 1048 aut
1812 1011 1852 1048 in
1873 1010 1995 1049 bonis-

583 1089 648 1116 aut
669 1079 707 1116 in
729 1078 840 1116 malis
861 1087 1063 1115 numerent
1078 1095 1090 1122 5
1112 1090 1170 1115 eas
1187 1090 1264 1115 non
1285 1076 1403 1114 modo
1419 1075 1517 1113 nihil
1533 1076 1706 1128 adjuvare
1722 1077 1898 1121 arbitror,
1914 1090 1994 1115 ne*

582 1158 659 1197 que
693 1143 824 1182 afferre
858 1157 936 1196 quo
970 1144 1146 1182 meliores
1180 1143 1310 1187 fimus,
1343 1143 1403 1181 sed
1424 1141 1544 1195 ipsam
1574 1142 1773 1195 depravare
1793 1152 1983 1182 naturam.

583 1211 689 1249 Nam
707 1211 731 1253 fi
752 1210 826 1249 hoc
843 1225 919 1248 non
940 1211 1171 1255 obtineatur,
1190 1210 1228 1247 id
1248 1209 1371 1248 solum
1388 1209 1536 1247 bonum
1552 1208 1637 1255 effe,
1655 1208 1997 1262 quodhonestum.

582 1277 649 1322 fit;
673 1277 782 1315 nullo
801 1277 920 1314 modo
939 1276 1089 1329 probari
1107 1276 1230 1329 poffit,
1250 1277 1398 1314 beatam
1420 1276 1539 1313 vitam
1559 1275 1699 1313 virtute
1713 1275 1828 1314 effici.
1864 1277 1984 1328 Qod

582 1342 606 1380 fi
627 1343 678 1380 ita
698 1342 768 1388 fit3
791 1355 860 1379 cur
877 1355 990 1394 opera
1010 1341 1263 1394 philosophiae
1279 1342 1322 1379 sit
1341 1341 1477 1385 danda,
1495 1341 1634 1379 nescio.
1656 1341 1693 1379 Si
1713 1341 1820 1379 enim
1835 1341 1984 1394 sapiens

579 1408 718 1459 aliquis
739 1407 851 1446 miser
869 1407 939 1445 effe
952 1407 1077 1460 possit,
1093 1421 1149 1446 nae
1169 1421 1241 1460 ego
1262 1407 1370 1445 istam
1383 1406 1588 1459 gloriosam
1608 1406 1983 1459 memorabilemque

579 1475 764 1512 virtutem
785 1487 861 1512 non
883 1488 1024 1527 magno
1043 1473 1303 1512 aestimandam
1324 1483 1473 1526 putem.

634 1541 706 1579 IV.
740 1542 838 1592 Qae
857 1539 997 1585 adhuc,
1021 1542 1132 1585 Cato,
1150 1553 1170 1577 a
1191 1549 1227 1577 te
1247 1540 1346 1577 clieca
1367 1539 1469 1584 sunt,
1490 1538 1637 1584 eadem,
1658 1540 1833 1592 inquam,
1855 1539 1982 1578 dicere

579 1605 713 1660 pofl‘es,
735 1606 761 1645 fi
782 1606 975 1659 sequerere
997 1605 1249 1658 Pyrrhonem,
1271 1614 1335 1644 aut
1355 1605 1588 1644 Aristonem.
1629 1606 1716 1644 Nec
1739 1607 1844 1644 enim
1865 1606 1980 1659 igno-

579 1686 649 1716 raS,
684 1671 745 1710 his
768 1672 864 1710 istud
883 1671 1102 1717 honestum,
1135 1685 1211 1710 non
1243 1671 1443 1709 summum
1471 1671 1603 1716 mod0‚
1632 1671 1693 1709 sed
1715 1672 1830 1709 etiam
1855 1673 1916 1723 (ut
1938 1682 1981 1710 tu

578 1739 651 1788 vis)
675 1738 798 1776 solum
819 1738 966 1776 bonum
988 1737 1121 1776 videri.
1144 1738 1259 1789 Qod
1276 1737 1300 1775 si
1319 1737 1370 1775 ita
1385 1737 1450 1782 est,
1473 1737 1642 1789 sequitur
1658 1737 1697 1775 id
1714 1737 1854 1791 ipsum,
1874 1738 1980 1789 quod

579 1814 615 1842 te
635 1805 732 1842 velle
751 1805 875 1849 video,
896 1817 1031 1842 omnes
1061 1800 1213 1857 semper*
1227 1805 1354 1842 beatos
1372 1802 1441 1841 effe
1462 1803 1658 1856 sapientes.
1706 1803 1838 1842 Hosne
1859 1805 1981 1857 i’gitur

577 1870 718 1914 laudas,
740 1880 776 1908 et
795 1869 892 1908 hanc
914 1883 1048 1908 eorum
1070 1869 1294 1908 sententiam
1317 1869 1422 1921 sequi
1444 1883 1511 1907 nos
1532 1870 1657 1907 censes
1678 1879 1852 1922 oportere
1872 1871 1883 1906 ?

633 1937 803 1974 Minime
823 1950 910 1974 vero
931 1936 1087 1974 istorum
1109 1935 1283 1988 quidem,
1306 1936 1448 1988 inquit.
1481 1936 1586 1974 Cum
1607 1935 1712 1974 enim
1729 1936 1881 1974 virtutis
1902 1935 1979 1974 hoe

575 2002 775 2055 proprium
798 2002 855 2046 slt,
877 2015 1006 2040 earum
1029 2015 1170 2046 rerum,
1192 2016 1278 2054 quae
1299 2001 1507 2039 secundum
1530 2011 1704 2039 naturam
1726 2002 1810 2046 sint,
1840 2001 1980 2040 habere

575 2068 766 2106 delectum
784 2087 795 2113 ;
828 2069 894 2120 qui
916 2068 1047 2105 omnia
1067 2068 1115 2105 sic
1135 2077 1441 2119 exa-quamnim,
1473 2077 1516 2104 ut
1537 2067 1577 2104 in
1606 2077 1808 2119 utramque
1828 2077 1977 2120 partem

575 2135 626 2172 ita
647 2135 748 2187 paria
767 2134 980 2179 redderent,
998 2135 1053 2172 uti
1077 2133 1181 2172 nulla
1203 2133 1399 2172 selcffione
1420 2143 1628 2178 uterentur,
1650 2134 1834 2171 virtutem
1857 2133 1976 2187 ipsam

575 2199 817 2239 sustulerunt.

630 2266 732 2305 Istud
753 2266 928 2319 quidem,
962 2267 1136 2319 inquam,
1170 2266 1316 2319 optimc
1338 2265 1457 2303 dicis:
1493 2265 1550 2303 sed
1571 2279 1713 2317 qurcro,
1747 2279 1873 2303 nonne
1904 2266 1975 2303 tibi

572 2330 792 2371 faciendum
826 2333 927 2371 idem
951 2332 1008 2378 sit,
1038 2331 1133 2370 nihil
1156 2333 1299 2370 dicenti
1322 2332 1483 2376 bonnm,
1512 2332 1616 2384 quod
1636 2345 1714 2370 non
1731 2334 1877 2370 reClum
1899 2331 1974 2370 ho-

576 2399 800 2452 nestumque
823 2399 879 2443 sit,
913 2399 1145 2452 reliquarum
1169 2412 1296 2436 rerum
1329 2398 1531 2436 discrimen
1564 2412 1679 2436 omne
1712 2398 1859 2436 tollenti
1877 2398 1890 2435 ?
1937 2399 1974 2436 Si

573 2465 744 2517 quidem,
768 2465 909 2518 inquit,
931 2465 1104 2503 tollerem
1125 2480 1133 2503 :
1159 2465 1217 2503 sed
1236 2465 1425 2516 relinquo.
1446 2467 1627 2517 (Qionam
1646 2464 1776 2508 modo,
1799 2464 1972 2515 inquam,

573 2532 595 2568 ii
621 2545 691 2569 nna
714 2534 845 2577 virtus,
869 2545 989 2570 unum
1012 2531 1123 2576 istud,
1145 2531 1249 2585 qnod
1271 2530 1474 2569 honestum
1503 2532 1682 2584 appellas,
1706 2533 1864 2574 ret‘hnn,
1888 2531 1972 2568 lau-

571 2597 708 2642 dabile,
744 2599 939 2643 decorum,
974 2598 1060 2649 (erit
1091 2598 1195 2636 enim
1218 2597 1344 2635 notius
1375 2598 1486 2649 quale
1506 2597 1562 2641 sit,
1600 2597 1773 2649 pluribus
1796 2606 1971 2634 notatum

571 2662 763 2704 vocabulis
803 2663 905 2703 idem
941 2663 1238 2714 declarantibus)
1282 2662 1321 2701 id
1353 2676 1455 2715 ergo,
1487 2662 1677 2714 inquam.
1698 2661 1722 2700 si
1760 2661 1882 2700 solnm
1918 2661 1969 2699 cst
