2330 2983
691 296 962 335 LIBER
1019 295 1429 334 TERTIUS.
1678 309 1754 349 317

426 400 480 436 At
498 397 600 436 idem
619 397 684 441 ait,
708 399 791 435 Non
811 398 958 450 crestere
977 397 1207 448 voluptatem,
1228 396 1339 435 dolore
1353 396 1510 435 detrazflo
1525 414 1536 441 3
1554 397 1754 449 sttmmam-

373 478 438 516 que
469 464 699 514 voluptatem,
731 462 824 500 nihil
851 461 973 499 dolere.
1018 461 1152 499 Paucis
1171 462 1295 498 verbis
1326 462 1396 498 tria
1416 475 1553 513 magna
1586 472 1752 515 peccata.

373 529 522 571 Unum,
553 526 657 579 quod
678 526 804 564 secum
825 525 901 578 ipse
921 533 1066 578 pugnat
1085 539 1094 563 ε
1126 525 1244 563 modo
1262 526 1382 569 enim,
1405 539 1451 563 ne
1472 526 1645 577 suspicari
1666 528 1754 580 qui-

371 593 460 630 dem
482 592 516 630 se
546 592 759 644 quidquam·
788 592 950 636 bonum,
981 591 1048 628 nisi
1082 590 1204 628 sensus
1225 591 1325 643 quafi
1348 591 1593 629 titillarentur
1618 594 1756 646 volup-

372 667 447 696 tate
464 676 474 702 ;
517 671 618 695 nunc
651 667 792 702 autem,
834 657 1024 695 summam
1058 656 1295 709 voluptatem
1333 657 1416 702 effe,
1457 657 1586 695 dolore
1618 671 1754 696 carere.

373 722 547 761 Potestne
568 723 687 774 magis
715 722 843 760 secum
863 721 939 775 ipse
959 734 1126 775 pugnare
1145 723 1158 759 ?
1188 722 1366 760 Alterum
1388 732 1602 774 peccatum,
1638 724 1756 775 quod,

373 802 464 826 cum
485 789 525 826 in
546 797 677 826 natura
696 788 767 825 tria
786 788 870 832 sint,
902 801 1038 831 unum,
1069 788 1231 840 gaudere
1246 807 1256 832 ς
1289 788 1464 833 alterum,
1496 788 1621 826 dolere
1636 807 1648 833 3
1681 799 1758 826 ter-

375 855 487 898 tium,
522 867 590 891 nec
623 854 796 906 gaudere,
828 866 896 891 nec
931 853 1055 891 dolere
1071 872 1082 898 ;
1113 852 1178 891 hic
1196 855 1368 907 primum
1402 864 1440 892 et
1460 855 1617 892 tertium
1650 864 1759 907 putat

376 919 478 956 idem
497 919 579 962 effe,
610 932 679 956 nec
707 918 906 970 distinguit
935 932 956 955 a
986 932 1062 956 non
1097 918 1261 957 dolendo
1281 919 1528 972 voluptatem.
1578 920 1760 958 Tertium

374 993 575 1036 peccatum
601 997 808 1021 commune
828 997 920 1021 curn
941 983 1183 1035 quibusdam,
1201 985 1320 1035 quod,
1341 998 1433 1022 cum
1453 985 1571 1023 virtus
1594 986 1761 1022 maxime

375 1058 585 1101 expetatur,
607 1048 762 1100 ejusque
781 1047 1025 1100 adipiscendae
1055 1048 1164 1086 causa
1187 1048 1430 1102 philosophia
1448 1050 1598 1102 quaefita
1618 1049 1674 1095 fit,
1697 1050 1761 1087 ille

376 1127 396 1151 a
415 1114 554 1151 virtute
574 1114 771 1151 summum
788 1114 935 1151 bonum
955 1113 1148 1165 separavit.

431 1181 486 1218 At
506 1179 646 1223 laudat,
676 1189 713 1216 et
729 1179 836 1231 saepe,
866 1179 1063 1216 virtutem.
1104 1180 1157 1217 Et
1176 1179 1333 1231 quidem
1355 1181 1402 1218 C.
1425 1178 1640 1225 Gracchus,
1671 1193 1763 1218 cum

377 1245 593 1297 largitiones
613 1245 799 1282 maximas
820 1243 976 1288 feciss‘et‚
1011 1253 1049 1281 et
1067 1244 1253 1282 effudisset
1273 1246 1460 1290 aerarium,
1492 1246 1614 1283 verbis
1636 1255 1762 1283 tamen

378 1310 603 1348 defendebat
628 1310 813 1348 aerarium.
861 1309 968 1360 Qid
998 1309 1110 1347 verba
1140 1311 1306 1355 audiam,
1337 1325 1428 1348 cum
1458 1310 1555 1349 facta
1582 1311 1763 1350 videam?

380 1375 465 1414 Piso
485 1375 550 1413 ille
570 1376 688 1427 Frugi
709 1374 855 1427 semper
879 1384 1011 1412 contra
1039 1375 1164 1427 legem
1193 1375 1482 1414 frumentariam
1502 1377 1660 1415 dixerat.
1710 1377 1764 1422 Is,

380 1442 464 1494 lege
483 1441 570 1486 lata,
603 1440 820 1479 Consularis
840 1441 886 1478 ad
905 1439 1143 1478 frumentum
1164 1442 1428 1494 accipiendum
1454 1451 1618 1480 venerat.
1662 1443 1763 1480 Ani-

381 1508 582 1546 madvertit
603 1505 801 1545 Gracchus
822 1507 861 1544 in
881 1506 1065 1543 concione
1085 1507 1263 1544 Pisonem
1282 1507 1456 1545 stantem.
1502 1508 1664 1559 Qaerit,
1696 1521 1764 1546 au-

382 1574 508 1611 diente
526 1572 670 1624 populo
685 1572 877 1615 Romano,
900 1571 967 1623 qui
986 1571 1054 1608 fibi
1074 1571 1232 1616 constet,
1250 1570 1341 1611 cum
1361 1586 1402 1610 ea
1421 1573 1504 1625 lege
1522 1572 1765 1612 frumentum

380 1647 495 1692 petat,
518 1650 635 1690 quam
655 1635 877 1674 dissuaserat.
937 1636 1069 1681 Nolim,
1100 1637 1240 1690 inquit,
1270 1653 1345 1676 mea
1364 1638 1465 1683 bona,
1494 1639 1672 1684 Gracche,
1701 1639 1770 1678 tibi

381 1704 522 1742 viritim
554 1702 710 1741 dividere
741 1702 867 1747 liceat5
895 1701 975 1755 st'd’
995 1702 1038 1752 st
1051 1703 1191 1754 facias,
1224 1712 1369 1756 partem
1380 1712 1516 1756 petam.
1577 1705 1768 1743 Parumne

382 1769 583 1807 declaravit
614 1768 671 1806 vir
703 1768 825 1820 gravis
856 1776 894 1805 et
927 1767 1083 1819 sapienS,
1128 1768 1211 1820 lege
1240 1769 1461 1820 Sempronia
1490 1769 1767 1821 patrimonium

381 1834 585 1887 publicum
606 1832 805 1885 dispensari
824 1833 837 1869 ?
868 1833 972 1885 Lege
994 1832 1180 1870 orationes
1201 1832 1370 1871 Gracchi
1385 1851 1397 1877 ς
1427 1843 1632 1887 patronum
1650 1835 1768 1873 aerarii

383 1898 454 1936 effe
475 1898 590 1936 dices.

438 1964 565 2017 Negat
586 1963 776 2015 Epicurus
791 1963 960 2015 jucunde
978 1963 1078 2017 poffe
1098 1963 1188 2009 vivi,
1219 1963 1286 2001 nifi
1313 1977 1405 2003 cum
1434 1965 1574 2003 virtute
1606 1965 1766 2004 vivatur.

384 2029 511 2082 Negat
542 2029 660 2067 ullam
694 2029 734 2066 in
768 2028 974 2081 sapientem
1008 2030 1089 2068 vim
1114 2028 1184 2067 effe
1217 2028 1378 2068 fortunae
1395 2049 1406 2075 ς
1438 2040 1592 2069 tenuem
1622 2031 1768 2069 victum

384 2093 545 2133 antefert
565 2093 716 2146 copioso
730 2112 742 2139 ;
774 2103 886 2146 negat
906 2094 1032 2133 ullum
1052 2095 1122 2133 effe
1139 2104 1303 2147 tempus,
1320 2109 1399 2147 quo
1417 2096 1561 2149 sapiens
1582 2110 1659 2134 non
1678 2097 1768 2134 bea-

386 2170 447 2198 tus
467 2160 523 2198 fit.
571 2159 716 2198 Omnia
733 2158 964 2212 philosopho
983 2161 1111 2213 digna,
1142 2160 1203 2198 sed
1222 2174 1313 2199 cum
1333 2162 1528 2214 voluptate
1546 2163 1771 2215 pugnantia.

387 2227 480 2265 Non
501 2225 608 2263 istam
629 2225 722 2262 dicit
742 2225 993 2277 voluptatem.
1037 2227 1152 2264 Dicat
1171 2227 1398 2279 quamlibet.
1430 2228 1584 2280 Nempe
1605 2240 1687 2265 eam
1707 2227 1767 2264 di-

387 2291 454 2335 cit,
476 2290 515 2328 in
539 2303 614 2341 qua
631 2289 782 2327 virtutis
803 2290 908 2327 nulla
922 2304 1005 2343 pars
1025 2291 1124 2329 infit.
1144 2293 1241 2344 Age,
1259 2291 1283 2329 fi
1301 2292 1537 2345 voluptatem
1557 2305 1633 2330 non
1652 2291 1768 2329 intel-

387 2355 559 2407 ligimus,
591 2367 639 2392 ne
658 2354 830 2394 dolorem
849 2357 1034 2408 quidem?
1065 2358 1180 2410 Nego
1201 2358 1316 2410 igitur
1335 2359 1414 2410 ejus
1434 2358 1517 2402 effe,
1545 2357 1612 2409 qui
1641 2357 1774 2395 dolore

388 2421 584 2460 summum
604 2421 750 2459 malum
769 2421 962 2467 metiatur,
985 2424 1221 2460 mentionem
1241 2422 1362 2461 facere
1379 2423 1541 2460 virtutis.

429 2485 540 2524 XXI.
559 2485 611 2523 Et
623 2496 835 2538 queruntur
849 2487 1005 2539 quidam
1022 2488 1217 2540 Epicurei,
1234 2488 1304 2525 viri
1321 2487 1474 2540 optimi,
1494 2487 1602 2538 (nam
1617 2486 1771 2525 nullum

389 2564 508 2604 genus
529 2551 580 2589 est
610 2551 738 2590 minus
759 2552 1011 2604 malitiosum)
1042 2566 1105 2590 me
1124 2552 1283 2589 studiose
1308 2552 1432 2589 dicere
1460 2561 1591 2590 contra
1620 2552 1769 2604 Epicu-

390 2630 490 2657 rum.
521 2617 580 2656 Ita
597 2617 722 2664 credo,
743 2617 789 2656 de
807 2616 950 2657 honore
970 2627 1034 2656 aut
1063 2617 1108 2655 de
1129 2617 1311 2670 dignitate
1335 2617 1619 2657 contendimus.
1662 2616 1773 2656 Mihi
