2330 2983
593 226 665 266 118
904 222 1667 262 DEFINIBUS

585 321 853 375 magnificum,
884 321 929 359 ad
951 319 1220 372 imperandum
1239 321 1361 373 magis
1382 333 1500 373 quam
1531 320 1575 358 ad
1596 318 1807 373 parendum
1827 332 1984 359 accom-

586 389 790 427 modatum
809 402 818 425 :
862 387 998 425 omnia
1027 385 1194 424 humana
1227 399 1304 424 non
1346 387 1556 426 tolerabilia
1587 386 1726 430 solum,
1772 385 1835 424 sed
1866 387 1984 425 etiam

584 455 695 499 levia,
716 454 858 492 ducens
877 468 886 491 :
910 451 1032 491 altum
1053 451 1237 505 quiddam
1258 461 1296 490 et
1311 452 1519 497 excelsum,
1541 450 1639 490 nihil
1659 453 1815 497 timens,
1837 452 1984 490 nemini

582 520 738 564 cedens,
757 519 905 571 semper
924 518 1126 556 invictum.

640 589 772 639 Atque
801 585 862 624 his
882 585 1005 623 tribus
1035 585 1239 638 generibus
1268 584 1514 624 honestorum
1538 586 1694 630 notatis,
1724 593 1905 637 quartum
1926 584 1982 623 se-

581 652 731 704 quitur,
766 659 803 689 et
823 651 862 689 in
883 651 1015 688 eadem
1036 649 1338 703 pulchritudine,
1370 659 1409 688 et
1429 660 1564 703 aptum
1583 663 1631 689 ex
1662 650 1738 688 illis
1759 650 1881 689 tribus
1899 668 1910 695 ;
1942 650 1982 688 in

583 731 664 770 quo
684 718 776 756 inest
799 717 893 755 ordo
912 726 950 754 et
968 716 1192 755 moderatio.
1226 717 1348 767 Cujus
1369 716 1620 754 fimilitudine
1639 716 1830 769 perspedh
1845 717 1884 754 in
1902 715 1982 755 for-

584 797 737 821 marum
757 783 879 836 specie
898 795 940 819 ac
960 782 1160 833 dignitate,
1181 781 1380 819 tranfitum
1402 781 1455 819 est
1473 782 1520 819 ad
1534 780 1771 819 honestatem
1791 781 1982 819 dietorum

585 859 699 901 atque
718 848 920 886 factorum.
958 847 1066 885 Nam
1085 859 1133 884 ex
1156 845 1216 884 his
1237 846 1359 885 tribus
1379 846 1572 891 laudibus,
1594 859 1687 899 quas
1707 856 1794 885 ante
1819 846 1915 891 dixi,
1945 855 1983 884 et

582 915 837 954 temeritatem
859 912 1095 957 reformidat,
1111 921 1150 950 et
1169 926 1246 950 non
1262 913 1374 950 audet
1389 913 1573 965 cuiquam
1589 921 1655 950 aut
1673 912 1776 951 dieto
1791 921 1982 965 protervo,

581 990 648 1019 aut
668 980 767 1018 facto
783 992 930 1024 nocere,
945 988 1171 1031 vereturque
1186 978 1400 1031 quidquam
1419 987 1485 1017 aut
1502 977 1640 1023 facere,
1654 987 1720 1016 aut
1738 977 1861 1030 loqui,
1878 977 1982 1030 quod

582 1060 718 1100 parum
738 1045 847 1084 virile
866 1045 1050 1083 videatur.

638 1113 729 1151 XV.
762 1111 894 1150 Habes
926 1111 1098 1163 undique
1130 1110 1323 1163 expletam
1343 1120 1381 1148 et
1400 1109 1622 1164 perfectam,
1650 1112 1864 1163 Torquate,
1898 1108 1980 1149 for-

581 1193 688 1218 mam
707 1177 936 1223 honestatis;
968 1191 1053 1230 quae
1073 1185 1153 1216 tota
1171 1176 1232 1215 his
1254 1186 1418 1229 quatuor
1436 1177 1660 1222 virtutibus,
1681 1191 1767 1230 quae
1786 1191 1806 1215 a
1821 1186 1858 1215 te
1879 1190 1979 1229 quo-

579 1258 656 1298 que
687 1252 1001 1283 commemoratae
1030 1242 1131 1287 sunt,
1163 1243 1398 1281 continetur.
1459 1243 1576 1281 Hanc
1605 1243 1640 1282 se
1670 1252 1760 1282 tuus
1787 1243 1980 1296 Epicurus

577 1311 740 1349 omnino
756 1311 927 1363 ignorare
944 1309 1054 1353 dicit,
1068 1321 1187 1360 quam
1206 1317 1271 1346 aut
1291 1308 1444 1360 qualem
1460 1308 1532 1346 effe
1551 1309 1686 1354 velint,
1702 1308 1771 1362 qui
1787 1307 1980 1347 honestate

579 1377 778 1416 summum
800 1377 949 1415 bonum
971 1375 1191 1414 metiantur.
1252 1375 1290 1413 Si
1310 1375 1415 1413 enim
1439 1375 1485 1412 ad
1501 1373 1738 1414 honestatem
1763 1375 1896 1414 omnia
1917 1389 1978 1414 re-

578 1443 761 1488 ferantur,
798 1457 921 1496 neque
952 1443 992 1480 in
1021 1455 1064 1479 ea
1096 1442 1336 1494 voluptatem
1371 1442 1500 1481 dicant
1531 1441 1671 1487 ineffe,
1702 1443 1755 1481 ait
1784 1455 1848 1481 eos
1873 1442 1979 1482 inani

579 1524 672 1549 voce
693 1510 834 1555 sonare,
868 1509 946 1562 (his
965 1508 1071 1546 enim
1091 1507 1178 1561 ipsis
1206 1508 1333 1546 verbis
1354 1509 1494 1561 utitur)
1512 1521 1638 1561 neque
1659 1508 1887 1562 intelligere,
1908 1523 1978 1548 ne-

577 1588 654 1629 que
674 1576 815 1621 videre,
836 1575 906 1614 sub
925 1574 996 1613 hac
1017 1587 1110 1615 voce
1129 1573 1348 1620 honestam,
1379 1588 1464 1627 quae
1484 1575 1529 1613 fit
1558 1575 1792 1627 subjicienda
1825 1575 1977 1616 senten-

577 1645 643 1681 tia.
691 1644 747 1681 Ut
766 1643 872 1681 enim
901 1641 1138 1680 consuetudo
1164 1640 1352 1693 loquitur,
1384 1641 1423 1679 id
1443 1640 1567 1679 solum
1597 1641 1741 1679 dicitur
1759 1641 1977 1689 honestum,

578 1709 682 1761 quod
701 1709 753 1747 est
773 1708 947 1762 populari
968 1706 1069 1745 fama
1088 1707 1314 1759 gloriosum.
1347 1707 1479 1759 Qod,
1501 1707 1644 1759 inquit,
1664 1721 1885 1760 quanquam
1905 1722 1975 1748 vo-

578 1774 790 1827 luptatibus
812 1772 1042 1826 quibusdam
1061 1772 1113 1810 est
1131 1771 1224 1825 saepe
1238 1772 1464 1824 jucundius,
1499 1782 1625 1810 tamen
1645 1773 1840 1825 expetitur
1858 1787 1975 1827 prop-

576 1850 632 1879 ter
652 1841 904 1893 voluptatem.

634 1906 798 1944 Videsne
819 1919 935 1958 quam
957 1905 1001 1943 s1t
1018 1918 1156 1958 magna
1171 1903 1341 1944 diffenfio
1359 1906 1372 1942 ?
1403 1903 1661 1958 Philosophus
1683 1905 1837 1950 nobilis,
1858 1919 1878 1944 a
1897 1920 1978 1960 quo

576 1986 653 2012 non
674 1972 799 2011 solum
820 1972 970 2010 Graecia
988 1981 1026 2009 et
1048 1971 1169 2015 Italia,
1200 1971 1262 2009 sed
1291 1972 1406 2010 etiam
1425 1971 1554 2009 omnis
1581 1971 1750 2009 barbaria
1778 1982 1976 2011 commota

575 2039 641 2083 est,
663 2037 866 2076 honestum
887 2037 982 2090 quid
1003 2037 1061 2082 fit,
1083 2036 1108 2075 s1
1130 2036 1169 2074 id
1196 2050 1272 2074 non
1292 2036 1344 2075 est
1364 2037 1403 2074 in
1424 2037 1634 2089 voluptate,
1664 2045 1776 2088 negat
1802 2037 1837 2075 se
1857 2037 1973 2076 intel-

577 2105 693 2157 ligere
713 2119 720 2142 :
755 2103 822 2142 nist
843 2102 941 2141 forte
961 2102 1072 2148 illud,
1090 2103 1195 2155 quod
1212 2102 1475 2141 multitudinis
1495 2116 1647 2140 rumore
1667 2102 1854 2141 laudetur.
1889 2104 1975 2157 Ego

574 2179 704 2207 autem
740 2167 814 2206 hoc
847 2169 964 2206 etiam
1000 2176 1110 2221 turpe
1144 2167 1214 2206 effe
1240 2167 1332 2221 saepe
1353 2168 1488 2221 judico
1502 2186 1515 2212 5
1546 2176 1597 2212 et,
1630 2167 1654 2205 si
1675 2168 1829 2220 quando
1863 2178 1974 2222 turpe

576 2249 652 2273 non
675 2236 732 2280 sit,
763 2243 889 2273 tamen
926 2248 1001 2273 non
1035 2234 1106 2272 css'e
1128 2248 1203 2273 non
1227 2244 1350 2288 turpe,
1380 2247 1473 2272 curn
1505 2233 1543 2271 id
1575 2247 1595 2271 a
1616 2233 1866 2272 multitudine
1888 2234 1972 2273 lau-

574 2301 699 2339 detur.
760 2300 877 2353 Qod
900 2300 922 2338 si
946 2301 988 2338 sit
1011 2300 1134 2353 ipsum
1158 2314 1222 2353 per
1241 2300 1273 2337 sc
1297 2303 1444 2338 rectum
1463 2310 1576 2352 atque
1598 2299 1801 2345 laudabile,
1823 2314 1900 2339 non
1920 2301 1972 2340 ob

574 2381 658 2405 eam
679 2367 826 2405 causam
850 2376 976 2405 tamen
998 2366 1094 2404 illud
1111 2367 1186 2404 dici
1209 2365 1412 2404 honestum
1429 2365 1513 2411 effe,
1531 2366 1621 2418 quia
1640 2366 1846 2405 laudetura
1865 2367 1971 2405 mul-

576 2429 638 2472 n'S,
668 2428 726 2466 sed
761 2429 850 2481 quia
882 2427 953 2466 tale
987 2428 1044 2472 sit,
1080 2437 1121 2465 ut
1155 2428 1230 2478 (vel
1263 2427 1287 2465 si
1321 2428 1536 2480 ignorarent
1563 2427 1601 2465 id
1635 2426 1827 2473 homines,
1858 2428 1916 2466 vel
1944 2428 1971 2467 fi

572 2500 868 2553 obmutuissent)
891 2500 953 2539 sua
973 2509 1099 2539 tamen
1121 2498 1410 2553 pulchritudine
1437 2499 1524 2538 esset
1549 2499 1745 2553 specieque
1767 2499 1967 2540 laudabile.
