2330 2983
1170 262 1396 316 [196]

953 511 1070 550 DE
1157 511 1618 551 FINIBUS

602 715 1151 779 BONORUM
1217 733 1317 772 ET
1383 715 1964 786 MALORUM‚

829 945 1149 984 LIBER
1238 944 1727 998 QUINTUS.

582 1153 615 1191 1.
639 1146 863 1282 CUM
883 1149 1103 1189 audivissem
1125 1148 1384 1195 Antiochum,
1407 1150 1537 1195 Brute,
1559 1158 1603 1188 ut
1622 1149 1777 1194 solebat,
1798 1162 1890 1187 cum
1911 1147 1975 1187 M.

794 1216 943 1261 Pisone,
975 1216 1015 1254 in
1046 1230 1091 1254 eo
1120 1216 1329 1269 gymnasio,
1364 1216 1469 1268 quod
1504 1216 1774 1255 Ptolemaeium
1805 1223 1975 1259 vocatur,

793 1295 944 1335 unaque
974 1281 1175 1320 nobiscum
1207 1280 1409 1334 erater,
1439 1291 1477 1320 et
1503 1283 1556 1320 T.
1580 1282 1834 1335 Pomponius»,
1866 1290 1905 1319 et
1925 1281 1977 1320 L.

582 1348 734 1392 Cicero,
765 1347 880 1386 frater
916 1347 1053 1393 noster,
1088 1348 1317 1401 cognatione
1346 1348 1540 1401 patruelis,
1585 1361 1713 1386 amore
1743 1359 1946 1400 germanus
1962 1364 1975 1392 ς

580 1414 851 1453 constituimus
872 1415 971 1452 inter
989 1427 1074 1459 nOS,
1106 1423 1150 1452 ut
1169 1413 1473 1453 ambulationem
1496 1413 1831 1467 postmeridianam
1850 1412 1983 1451 confi-

580 1493 752 1518 ceremus
784 1481 823 1518 in
853 1480 1074 1523 Academia,
1107 1480 1276 1518 maxime
1295 1480 1400 1531 quod
1421 1480 1451 1518 is
1471 1479 1579 1518 locus
1600 1479 1646 1518 ab
1666 1479 1776 1518 omni
1797 1478 1909 1517 turba
1938 1478 1978 1516 id

581 1546 765 1599 temporis
787 1559 926 1584 vacuus
946 1545 1046 1583 effet.
1067 1546 1200 1597 Itaque
1220 1545 1266 1583 ad
1283 1555 1434 1598 tempus
1454 1545 1499 1583 ad
1516 1545 1694 1584 Pisonem
1710 1557 1860 1583 omnes.
1883 1543 1979 1583 Inde

580 1614 683 1650 vario
702 1612 873 1650 sermone
895 1611 955 1649 sex
977 1611 1092 1648 ill-aa
1112 1611 1259 1664 Dipylo
1286 1611 1398 1649 stadia
1423 1610 1677 1650 confecimus.
1716 1613 1821 1650 Cum
1847 1619 1980 1648 autem

579 1679 804 1717 venissemus
825 1679 864 1716 in
887 1678 1105 1716 Academiae
1125 1691 1202 1716 non
1223 1677 1298 1716 fine
1318 1677 1425 1716 causa
1443 1678 1646 1716 nobilitata
1662 1677 1791 1731 spatia,
1813 1676 1978 1716 solitudo

579 1755 655 1784 erat
674 1759 730 1790 ea,
761 1758 879 1797 quam
898 1744 1154 1782 volueramus.
1502 1778 1506 1780 .

634 1813 744 1849 Tum
779 1811 878 1855 Piso,
920 1810 1116 1848 Naturane
1149 1810 1261 1849 nobis
1292 1809 1382 1856 hoc,
1414 1811 1557 1863 inquit,
1590 1810 1723 1849 datum
1755 1809 1896 1854 dicam,
1928 1822 1976 1848 an

578 1890 701 1915 errore
731 1877 900 1929 quodam
917 1894 928 1921 ;
961 1885 1017 1921 ut,
1052 1890 1144 1914 cum
1175 1890 1218 1914 ea
1247 1876 1332 1914 loca
1362 1876 1571 1922 videamus,
1598 1877 1639 1914 in
1659 1876 1802 1929 quibus
1823 1889 1976 1914 memo-

579 1945 631 1982 ria
651 1944 786 1996 dignos
813 1944 912 1981 viros
932 1943 1191 1995 acceperimus
1223 1943 1397 1981 multum
1425 1942 1496 1981 effe
1527 1942 1702 1987 versatos,
1734 1942 1856 1994 magis
1887 1955 1977 1981 mo·-

579 2023 746 2053 veamur,
768 2021 884 2061 quam
904 2007 928 2046 fi
952 2007 1105 2060 quando
1125 2021 1258 2046 eorum
1280 2008 1450 2060 ipsorum
1469 2017 1534 2046 aut
1554 2006 1652 2045 faeta
1670 2008 1885 2052 audiamus,
1911 2017 1977 2045 aut

578 2076 763 2128 scriptum
783 2074 939 2127 aliquod
960 2074 1130 2127 legamus
1149 2075 1162 2111 ?
1197 2074 1302 2112 velut
1321 2088 1393 2127 ego
1413 2087 1515 2112 nunc
1536 2087 1705 2113 moveor.
1737 2074 1855 2111 Venit
1871 2074 1977 2112 enim

578 2141 678 2181 mihi
700 2141 867 2180 Platonis
888 2141 928 2179 in
960 2150 1146 2186 mentem,
1168 2154 1286 2193 quem
1306 2141 1525 2193 accepimus
1546 2140 1719 2193 primum
1751 2138 1815 2177 hic
1843 2139 1976 2192 dispu-

571 2218 655 2248 -tare
676 2208 831 2246 solitum
849 2226 860 2253 ;
891 2208 1000 2259 cujus
1021 2207 1138 2245 etiam
1160 2207 1216 2245 illi
1247 2206 1392 2246 hortuli
1420 2207 1628 2259 propinqui
1650 2220 1726 2245 non
1749 2207 1977 2245 memoriam

580 2275 701 2314 solum
734 2273 832 2312 mihi
867 2273 1044 2319 afferunt,
1076 2273 1136 2311 sed
1167 2274 1294 2326 ipsum
1314 2273 1489 2311 videntur
1509 2273 1548 2310 in
1569 2272 1773 2325 conspestu
1794 2286 1880 2311 meo
1911 2271 1976 2310 hic

578 2355 729 2394 ponere.
763 2341 843 2379 Hic
864 2340 1107 2393 Speusippus,
1130 2339 1193 2378 hic
1215 2341 1460 2384 Xenocrates,
1495 2338 1558 2377 hic
1590 2340 1670 2391 ejus
1691 2339 1840 2377 auditor
1862 2339 1976 2377 Pole-

579 2422 667 2452 mo;
699 2408 808 2459 cujus
831 2406 907 2460 ipsa
926 2407 991 2444 illa
1011 2406 1114 2445 sellio
1133 2406 1222 2450 fuit,
1263 2420 1379 2459 quam
1400 2406 1590 2444 videmus.
1642 2406 1837 2458 Equidem
1857 2405 1976 2443 etiam

576 2474 721 2511 curiam
744 2473 907 2511 nostram
931 2472 1156 2524 (Hostiliam
1178 2473 1279 2516 dico,
1299 2486 1373 2511 non
1392 2471 1490 2510 hanc
1511 2485 1663 2517 novam,
1681 2486 1766 2524 quae
1782 2470 1880 2510 mihi
1897 2471 1975 2509 mi-

577 2553 646 2577 nor
665 2539 734 2576 esse
754 2539 916 2584 videtur,
941 2539 1182 2592 posteaquam
1204 2539 1254 2576 cst
1277 2540 1414 2590 major)
1450 2538 1613 2576 solebam
1635 2539 1800 2582 intuens,
1823 2537 1975 2588 Scipio-

579 2619 682 2651 nem,
706 2607 910 2651 Catonem,
932 2605 1113 2651 Lai-lium,
1136 2605 1306 2645 nostrum
1327 2618 1414 2644 vcro
1435 2604 1473 2643 in
1492 2604 1628 2659 primis
1656 2616 1771 2642 avum
1791 2602 1974 2656 cogitare.
