2330 2983
558 228 635 266 104
974 216 1078 255 DE
1147 215 1530 255 FINIBUS

553 313 671 351 finem
690 312 749 351 illi
768 311 902 357 videri,
924 311 1022 350 nihil
1043 313 1181 351 dolere.
1205 313 1341 365 Qid?
1362 312 1466 351 idem
1485 312 1553 351 iste
1572 311 1619 350 de
1638 311 1833 366 voluptate
1851 313 1948 366 quid

554 377 666 415 sentit
683 378 695 413 ?
731 377 860 429 Negat
890 376 961 414 effe
995 390 1092 422 eam,
1124 377 1266 430 inquit,
1300 386 1455 431 propter
1486 377 1645 430 seipsam
1678 378 1944 430 expetendam.

553 442 674 480 Aliud
705 443 823 495 igitur
850 441 920 480 effe
944 442 1069 481 censet
1087 443 1263 496 gaudere,
1298 443 1401 481 aliud
1420 455 1499 481 non
1515 442 1654 482 dolere..
1699 444 1753 482 Et
1772 443 1946 496 quidem,

553 508 695 559 inquit,
731 506 976 546 vehementer
995 518 1116 546 errat:
1153 522 1257 553 nam,
1289 517 1333 546 ut
1352 508 1467 561 paulo
1499 518 1585 547 ante
1610 507 1738 554 docui,
1766 508 1947 562 augendae

554 573 761 625 voluptatis
782 573 869 611 finis
889 573 941 610 est
960 573 1101 612 doloris
1122 574 1248 612 omnis
1269 575 1427 612 amotio.

607 635 701 677 Non
732 638 873 682 dolere,
905 638 1081 691 inquam,
1101 639 1202 677 istud
1221 652 1338 692 quam
1359 639 1439 677 vim
1458 638 1610 684 habeat,
1636 639 1764 692 postea
1791 639 1945 678 videro:

552 703 668 742 aliam
700 717 788 741 vero
816 704 897 741 vim
918 704 1124 756 voluptatis
1158 704 1243 749 effe,
1275 704 1389 742 aliam
1422 703 1521 742 nihil
1542 704 1712 750 dolendi,
1743 704 1812 743 nist
1838 704 1947 743 valde

551 769 724 822 pertinax
744 768 875 813 fueris,
897 769 1080 807 concedas
1099 769 1243 807 neceffe
1262 769 1326 807 est.
1375 770 1502 821 Atqui
1521 769 1694 822 reperies,
1728 770 1870 821 inquit,
1905 771 1946 807 in

552 834 628 873 hoc
662 835 821 887 quidem
853 834 1115 886 pertinacem:
1147 834 1224 873 dici
1243 834 1350 872 enim
1369 833 1470 872 nihil
1490 834 1611 886 potest
1633 834 1771 872 verius.
1830 834 1948 872 Estne

552 900 690 951 quaeso,
711 899 886 951 inquam,
908 898 1048 937 fitienti
1064 899 1107 937 in
1129 898 1297 938 bibendo
1315 898 1489 951 voluptas
1507 898 1521 935 ?
1550 898 1649 950 Qlis
1668 899 1783 944 istud,
1803 898 1946 952 inquit,

551 964 670 1018 poffet
690 978 823 1018 negare
838 965 851 1002 ?
883 964 1094 1010 Eadmnne,
1111 965 1289 1018 inquam,
1310 978 1396 1018 quae
1415 964 1590 1003 restincta
1608 964 1695 1003 siti?
1724 966 1855 1004 Immo
1873 965 1949 1003 alio

550 1044 700 1084 genere.
722 1030 916 1068 Restinc‘ta
935 1031 1041 1069 enim
1056 1030 1134 1069 fitis
1152 1030 1399 1069 stabilitatem
1418 1030 1624 1083 voluptatis
1642 1029 1774 1075 habet,
1795 1031 1944 1083 inquit:

550 1097 617 1135 illa
635 1106 764 1135 autem
783 1096 959 1149 voluptas
979 1097 1094 1149 ipfius
1111 1097 1366 1135 restinctionis
1396 1097 1437 1135 in
1456 1105 1569 1135 motu
1586 1096 1652 1135 est.
1712 1097 1794 1136 Cur
1812 1096 1946 1149 igitur,

552 1163 726 1214 inquam,
747 1175 803 1200 res
824 1171 904 1200 tam
923 1162 1120 1201 diffimiles
1139 1162 1275 1201 eodem
1295 1163 1453 1201 nomine
1472 1162 1638 1215 appellas
1657 1163 1670 1199 ?

607 1228 717 1279 Qid
749 1227 864 1280 paulo
900 1236 1001 1271 ante,
1035 1228 1179 1279 inquit,
1215 1228 1396 1273 dixerim,
1431 1240 1558 1266 nonne
1588 1226 1812 1272 meministi,
1853 1240 1947 1267 cum

550 1294 679 1331 omnis
689 1293 800 1331 dolor
813 1293 1002 1331 detractus
1021 1293 1124 1338 effer,
1138 1293 1285 1338 variari,
1306 1307 1383 1332 non
1400 1293 1543 1346 augeri,
1564 1294 1802 1346 voluptatem
1817 1294 1831 1331 ?
1852 1294 1945 1332 Me·

550 1358 649 1396 mini
668 1371 755 1396 vero
775 1358 950 1410 inquam.
1002 1358 1073 1396 Sed
1104 1367 1146 1396 tu
1167 1358 1261 1397 istuc
1289 1358 1388 1397 dixti
1409 1359 1505 1396 bene
1522 1359 1673 1404 Latine,
1705 1372 1842 1411 parum
1860 1359 1945 1412 pla-

550 1437 611 1462 ne.
655 1423 824 1461 varietas
853 1423 959 1462 enim
980 1424 1164 1462 Latinum
1185 1424 1347 1462 verbum
1366 1423 1432 1468 est,
1463 1423 1581 1476 idque
1606 1425 1760 1477 proprie
1787 1424 1947 1477 quidem

550 1490 589 1527 in
611 1489 820 1542 disparibus
841 1489 1035 1527 coloribus
1051 1489 1193 1527 dicitur
1204 1507 1216 1534 5
1248 1489 1310 1527 sed
1330 1488 1553 1528 transfertur
1572 1490 1612 1528 in
1633 1489 1757 1528 multa
1771 1490 1945 1543 disparia.

549 1555 712 1594 Varium
731 1569 881 1608 poema,
903 1555 1002 1594 varia
1019 1556 1154 1601 oratio,
1175 1556 1268 1594 varii
1286 1569 1426 1601 mores,
1461 1556 1562 1594 varia
1589 1555 1759 1595 fortuna.
1790 1557 1946 1611 Volup-

549 1629 604 1659 tas
638 1621 738 1658 varia
768 1621 883 1659 etiam
917 1621 994 1659 dici
1014 1616 1122 1666 solet,
1156 1634 1248 1660 cum
1267 1621 1478 1674 percipitur
1506 1634 1553 1661 ex
1584 1621 1720 1661 multis
1750 1621 1945 1661 diffimili-

550 1686 621 1725 bus
641 1686 753 1725 rebus
773 1686 969 1725 diffimiles
988 1687 1244 1726 efficientibus
1274 1687 1502 1740 voluptates.
1562 1688 1662 1726 Eam
1679 1687 1706 1726 fi
1725 1688 1945 1727 varietatem

548 1751 704 1796 diceres,
735 1751 1004 1805 intelligerem,
1033 1761 1090 1798 ut,
1120 1753 1236 1792 etiam
1270 1766 1348 1792 non
1368 1752 1520 1792 dicente
1540 1762 1591 1799 te,
1623 1753 1813 1806 intelligo.
1873 1754 1946 1793 Ista

549 1818 704 1856 varietas
725 1831 809 1870 quae
828 1817 872 1856 fit
893 1832 968 1857 non
988 1818 1072 1858 satis
1092 1818 1296 1872 perspicio,
1326 1819 1432 1871 quod
1459 1819 1526 1863 ais,
1549 1832 1642 1857 cum
1667 1819 1798 1858 dolore
1817 1832 1944 1858 carea-

550 1897 652 1928 muS‚
671 1893 756 1922 tum
777 1885 816 1922 in
838 1883 987 1923 summa
1001 1884 1196 1937 voluptate
1212 1898 1280 1923 nos
1297 1883 1391 1929 effe,
1425 1898 1518 1923 cum
1537 1894 1667 1923 autem
1683 1885 1878 1924 vescamur
1899 1886 1944 1924 iis

549 1950 674 1994 rebus,
711 1963 794 2002 quae
814 1949 968 1988 dulcem
999 1960 1153 1989 motum
1183 1949 1340 1989 afferant
1359 1950 1539 1996 senfibus,
1568 1960 1654 1989 tum
1673 1951 1744 1989 effe
1773 1951 1813 1989 in
1833 1961 1945 1990 motu

548 2015 800 2068 voluptatem,
822 2028 906 2067 quae
927 2014 1041 2053 faciat
1060 2015 1278 2054 varietatem
1313 2015 1585 2068 voluptatum;
1617 2015 1679 2055 sed
1710 2030 1786 2054 non
1816 2017 1944 2069 augeri

547 2081 654 2134 illam
677 2095 753 2119 non
774 2081 928 2120 dolendi
948 2081 1199 2135 voluptatem.
1250 2082 1381 2133 Qam
1401 2095 1470 2121 cur
1490 2082 1728 2135 voluptatem
1762 2083 1944 2136 appelles,

547 2148 686 2186 nescio.

603 2213 672 2252 IV.
705 2214 767 2252 An
789 2214 922 2266 potest,
946 2215 1073 2266 inquit
1095 2215 1172 2259 ille,
1195 2215 1407 2267 quidquam
1428 2214 1498 2253 csse
1519 2214 1680 2259 suavius,
1703 2229 1820 2267 quam
1846 2214 1943 2254 nihil

542 2278 668 2316 dolere
687 2279 699 2316 ?
732 2280 862 2317 Immo
882 2279 924 2317 sit
948 2280 1030 2317 sanc
1051 2279 1149 2318 nihil
1171 2281 1324 2325 melius,
1347 2281 1522 2333 inquam,
1556 2281 1748 2333 (nondum
1769 2282 1874 2319 enim
1905 2281 1944 2318 id

545 2346 691 2395 qua-ro)
715 2358 809 2383 num
832 2354 1028 2398 propterea
1049 2346 1149 2384 idem
1172 2346 1346 2399 voluptas
1366 2347 1431 2390 cst,
1446 2346 1565 2398 quod,
1584 2357 1625 2385 ut
1646 2347 1696 2384 ita
1716 2347 1858 2391 dicam,
1880 2346 1944 2384 in-

545 2410 738 2449 dolentia?
772 2411 886 2449 Plane
907 2411 1026 2457 idcm,
1057 2411 1199 2464 inquit,
1221 2422 1258 2450 ct
1280 2413 1446 2451 maxima
1466 2413 1639 2464 quidem,
1663 2427 1737 2465 qua
1754 2413 1835 2451 ficri
1853 2413 1942 2451 nul-

545 2475 580 2513 la
602 2476 722 2527 major
743 2477 875 2529 potest.
909 2477 1016 2529 Qud
1037 2477 1188 2517 dubitas
1210 2478 1341 2530 igitur,
1365 2479 1537 2530 inquam,
1561 2479 1712 2517 summo
1742 2480 1844 2517 bono
1866 2492 1886 2516 a
1906 2487 1944 2516 te

543 2541 597 2581 ita
616 2541 837 2588 constituto,
861 2553 901 2582 ut
922 2543 959 2583 id
981 2552 1108 2583 totum
1129 2544 1168 2583 in
1190 2557 1268 2584 non
1285 2544 1450 2584 dolendo
1467 2544 1524 2590 fit,
1547 2545 1583 2584 id
1606 2555 1731 2584 tenere
1750 2557 1886 2590 unum,
1901 2543 1942 2582 id
