2330 2983
566 275 641 330 508
823 272 916 313 DE
973 267 1301 310 NATURA
1357 267 1695 308 DEORUM

560 375 628 420 est,
649 383 692 412 ut
710 381 749 410 et
766 370 836 410 effe
853 371 972 416 Deos,
992 378 1030 408 et
1045 368 1175 422 quales
1194 367 1267 407 lint
1286 366 1372 412 Dii,
1386 365 1527 407 discere
1545 365 1697 420 poffim,
1717 379 1835 420 quam
1855 380 1952 420 qua-

562 441 616 479 les
638 449 679 478 tu
699 451 761 476 eos
781 435 852 474 effe
870 435 941 475 vis.
1869 440 1875 446 “

616 503 828 542 Videamus
847 515 902 547 ea,
923 515 1008 554 quae
1026 500 1265 553 sequuntur:
1288 499 1476 552 primum,
1496 498 1724 538 Deorumne
1747 498 1955 552 providen-

560 572 614 610 tia
633 570 800 609 mundus
820 577 998 621 regatur;
1029 566 1182 612 deinde,
1211 565 1459 605 consulantne
1482 565 1595 603 rebus
1614 564 1812 604 humanis.
1855 565 1953 603 Haec

560 637 667 676 enim
687 634 788 675 mihi
807 647 853 673 ex
874 643 938 672 tua
950 633 1153 686 partitione
1165 631 1302 670 restant
1321 631 1418 675 dum
1440 630 1486 670 de
1504 631 1663 683 quibus,
1679 630 1705 670 fi
1720 630 1830 669 vobis
1844 629 1955 669 vide-

560 713 638 748 tur,
668 700 879 740 accuratius
909 698 1164 737 differendum
1197 706 1306 750 puto.
1351 695 1460 735 Mihi
1488 710 1593 742 vere,
1618 696 1748 749 inquit
1766 695 1956 740 Velleius,

561 768 671 808 valde
700 767 876 806 videtur:
907 777 999 803 nam
1028 772 1066 803 et
1084 764 1226 815 majora
1244 763 1404 815 expecsto
1418 779 1434 807 ;
1462 769 1502 800 et
1525 760 1601 806 his,
1630 775 1715 813 quae
1733 761 1834 801 dicta
1851 761 1959 806 sunt,

560 833 808 874 vehementer
846 829 1034 869 affentior.
1082 829 1193 867 Tum
1234 827 1395 872 Balbus,
1431 826 1679 880 Interpellare
1715 835 1766 871 te,
1809 825 1956 878 inquit,

561 900 692 944 Cotta,
718 897 809 937 nolo
823 915 836 943 3
868 885 937 935 sed
950 894 1145 933 sumemus
1175 902 1330 946 tempus
1349 891 1481 931 aliud:
1511 890 1679 930 efficiam
1696 889 1885 945 profecto,
1912 899 1957 930 ut

559 963 712 1004 fateare.
744 963 816 1002 Sed
835 963 860 989 *
880 962 905 988 *
925 962 951 987 *

591 1030 745 1071 XXVI.
776 1030 1014 1082 Nequaquam
1033 1025 1119 1080 istuc
1135 1025 1220 1080 fiac
1238 1024 1305 1065 ibit
1319 1040 1333 1065 :
1362 1039 1495 1078 magna
1513 1023 1596 1077 inest
1611 1023 1762 1065 certatio
1775 1039 1793 1062 .-

770 1095 872 1135 Nam
890 1102 933 1133 ut
951 1107 1011 1146 ego
1028 1092 1097 1131 illis
1100 1091 1345 1146 supplicarem
1364 1091 1477 1130 tantd
1491 1089 1790 1143 blandiloquentid
1799 1088 1821 1127 ἓ

560 1160 693 1201 Niobe
722 1171 909 1213 parumne
937 1157 1155 1196 ratiocinari
1173 1156 1336 1200 videtur,
1368 1164 1407 1194 et
1426 1155 1496 1193 fibi
1515 1154 1597 1207 ipsa
1609 1153 1792 1194 nefariam
1812 1151 1957 1206 pestem

559 1225 771 1266 machinari
789 1225 803 1262 ?
834 1224 938 1263 Illud
957 1236 1045 1261 vero
1063 1235 1182 1275 quam
1201 1221 1338 1260 callida
1357 1221 1528 1260 ratione?

697 1289 773 1342 Qi
788 1289 880 1333 volt,
900 1287 995 1341 quod
1008 1287 1085 1325 volt
1101 1305 1113 1331 ς
1143 1287 1198 1325 ita
1217 1285 1282 1324 dat
1286 1287 1331 1339 st
1350 1301 1420 1330 res,
1450 1294 1492 1323 ut
1511 1294 1650 1338 operam
1665 1285 1780 1324 dabit.

558 1356 644 1410 Qi
662 1355 715 1395 est
734 1352 860 1393 versus
879 1352 1059 1391 omnium
1080 1351 1286 1390 seminator
1305 1350 1511 1389 malorum.

693 1421 759 1461 Ille
778 1419 988 1473 tranfizersd
1002 1426 1117 1457 mente
1135 1417 1224 1456 mihi
1239 1416 1337 1456 hodie
1355 1415 1511 1456 tradidit
1528 1416 1702 1469 repagula
1712 1430 1729 1454 .-

694 1485 833 1538 Qibus
851 1499 912 1538 ego
930 1481 1024 1523 iram
1041 1498 1172 1522 omnem
1188 1482 1380 1528 recludam,
1400 1491 1510 1536 atque
1527 1482 1582 1521 illi
1591 1482 1784 1535 perniciem
1802 1480 1916 1521 dabo.-

697 1552 802 1591 Mihi
815 1565 992 1594 maerores,
1014 1550 1068 1588 illi
1083 1551 1216 1589 luctum
1228 1565 1242 1588 :
1272 1549 1418 1588 exitium
1437 1548 1502 1594 illi,
1522 1548 1662 1587 exilium
1681 1547 1780 1586 mihi.

560 1619 676 1658 Hanc
695 1617 874 1655 videlicet
894 1615 1095 1658 rationem,
1127 1628 1246 1666 quam
1266 1627 1334 1651 vos
1353 1615 1485 1653 divino
1515 1613 1703 1655 beneficio
1721 1612 1877 1653 homini
1896 1613 1958 1652 so·

559 1685 644 1722 lum
667 1683 850 1721 tributam
871 1680 1014 1724 dicitis,
1046 1679 1170 1717 bestiae
1188 1692 1264 1718 non
1286 1677 1442 1717 habent.
1474 1677 1639 1716 Videsne
1659 1679 1790 1730 igitur,
1811 1688 1957 1731 quanto

559 1761 717 1787 munere
737 1748 913 1785 Deorum
934 1745 1050 1784 fimus
1070 1743 1220 1782 affecti?
1242 1746 1374 1796 Atque
1392 1744 1524 1782 eadem
1545 1743 1686 1782 Medea
1701 1754 1865 1797 patrem,
1887 1757 1954 1797 pa-

561 1815 752 1865 triamque
772 1810 949 1864 fugiens;

1240 1873 1422 1927 postquam
1437 1883 1549 1927 pater

697 1942 992 1995 Appropinquat‚
1011 1940 1170 1992 jamque,
1195 1948 1285 1992 pene
1304 1951 1346 1979 ut
1365 1938 1694 1993 comprehendatur,
1708 1948 1840 1992 parat,

698 2009 858 2047 Puerum
878 2006 1014 2044 interea
1033 2005 1240 2049 obtruncat,
1262 2006 1482 2058 membraque
1499 2006 1724 2044 artri-ulatim
1743 2005 1888 2049 dtaw'dit,

698 2075 841 2127 Perque
857 2087 963 2124 agros
975 2071 1098 2124 pcffm
1116 2070 1284 2123 dispergit
1303 2081 1428 2124 corpus
1443 2087 1456 2109 :
1487 2070 1527 2109 id
1541 2071 1582 2108 ea⁴
1595 2071 1738 2122 gratia,

700 2140 764 2183 Ut,
786 2138 866 2177 dum
886 2138 968 2175 nati
983 2137 1155 2189 dffPatos
1172 2147 1278 2174 artus
1296 2147 1461 2190 captaret
1475 2146 1623 2189 parcns,

699 2206 781 2258 Ipfiz
800 2205 937 2243 interca
955 2204 1125 2256 affitgcrct
1141 2219 1154 2241 .·
1185 2203 1281 2241 illum
1301 2214 1342 2241 ut
1362 2218 1491 2242 'narrar
1511 2201 1678 2241 tardaret
1684 2202 1813 2254 Ji·qu1';

698 2271 934 2325 Sibiſsdatem
954 2270 1187 2322 utjamiliari
1197 2280 1346 2323 pareret
1360 2269 1572 2322 parricidio.

563 2338 671 2377 Huic
694 2346 735 2375 ut
755 2336 889 2382 scelus,
920 2336 968 2374 sic
1001 2349 1047 2372 nc
1069 2336 1162 2372 ratio
1181 2336 1341 2388 quidem
1362 2334 1498 2373 defuit.
1531 2334 1666 2384 Quid?
1697 2334 1763 2372 ille
1794 2332 1957 2371 funestas

562 2405 693 2457 epulas
727 2401 830 2441 fratri
862 2415 1101 2455 comparans,
1132 2415 1258 2439 nonne
1289 2401 1408 2440 versat
1440 2400 1518 2439 huc
1549 2411 1586 2438 et
1612 2401 1705 2439 illuc
1725 2401 1958 2453 cogitatione

564 2472 748 2509 rationem
768 2471 782 2506 ?

704 2535 828 2586 M1y'or
847 2534 936 2573 miln'
951 2535 1064 2578 moles,
1095 2535 1206 2586 majus
1227 2533 1430 2588 n13'si·e›1dun1
1450 2534 1494 2587 est
1513 2534 1656 2578 walum,

702 2602 777 2652 Qu*
791 2601 881 2639 illius
901 2600 1065 2640 acerbum
1085 2615 1144 2639 cor
1164 2599 1374 2640 contundam
1393 2610 1426 2639 ct
1446 2600 1685 2653 compritnam.
