2330 2983
594 235 667 274 192
1011 221 1114 260 DE
1172 220 1554 260 F1N1ssus

588 321 710 375 potest
729 320 904 359 accedere
926 320 1129 372 (quoniam
1148 319 1392 372 perspicuum
1411 319 1478 365 est,
1499 319 1591 358 vitia
1610 332 1687 358 non
1707 318 1778 359 effe
1798 320 1978 360 omnium

587 389 706 440 paria)
730 387 815 425 finis
836 387 1027 424 bonorum
1047 386 1155 424 vobis
1175 386 1381 425 mutandus
1405 386 1470 425 est.
1516 388 1736 425 Teneamus
1754 387 1860 425 enim
1880 387 1979 425 illud

588 452 729 491 necesse
759 452 824 498 est,
853 466 946 490 cum
965 452 1199 504 consequens
1228 452 1386 505 aliquod
1410 451 1549 492 falsum
1578 452 1636 497 sit,
1658 452 1770 498 illud,
1802 453 1912 504 cujus
1939 451 1979 490 id

585 518 819 569 consequens
841 517 898 562 sit,
921 531 997 555 non
1014 517 1115 570 posse
1133 516 1203 555 esse
1223 530 1370 555 verum.

642 583 773 622 XXV.
809 585 908 635 Qae
940 583 993 621 est
1022 583 1142 635 igitur
1170 583 1277 621 causa
1303 583 1457 621 istarum
1480 583 1772 636 angustiarum?
1803 582 1981 621 Gloriosa

586 650 786 688 ostentatio
807 650 845 687 in
866 649 1130 687 constituendo
1155 649 1308 687 summo
1334 649 1451 687 bono.
1511 650 1615 687 Cum
1635 650 1756 694 enim,
1778 648 1882 702 quod
1903 647 1977 687 ho-

587 716 737 754 nestum
758 716 816 761 sit,
850 715 890 753 id
910 715 1033 753 solum
1054 715 1201 753 bonum
1222 714 1292 752 effe
1311 714 1575 759 confirmatur,
1597 715 1748 753 tollitur
1766 727 1857 752 cura
1875 714 1978 752 vale-

586 782 745 825 tudinis,
779 781 980 833 diligentia
1010 781 1063 818 rei
1093 779 1306 825 familiaris,
1327 779 1604 818 administratio
1623 779 1857 833 reipublicae,
1887 780 1981 818 ordo

584 847 839 898 gerendorum
860 846 1118 898 negotiorum,
1145 845 1272 883 officia
1291 845 1390 883 vitae.
1450 844 1581 897 Ipsum
1601 845 1766 897 denique
1785 844 1885 883 illud
1903 843 1979 883 ho·-

584 912 750 956 nestum,
792 913 832 949 in
859 925 937 964 quo
968 925 1046 949 uno
1078 910 1194 949 vultis
1221 910 1291 949 effe
1321 911 1465 955 omnia,
1498 910 1746 949 deserendum
1771 910 1854 949 est:
1895 923 1980 963 quae

583 977 868 1030 diligentiffime
898 986 1030 1015 contra
1050 976 1269 1015 Aristonem
1302 976 1485 1014 dicuntur
1513 989 1534 1013 a
1554 974 1783 1030 Chryfippo.
1842 976 1905 1014 Ex
1938 988 1980 1013 ea

583 1042 809 1080 difficultate
830 1042 1169 1095 illaefhllaciloquae‚
1190 1050 1234 1079 ut
1254 1041 1305 1079 ait
1326 1041 1484 1086 Accius,
1506 1041 1663 1080 malitiae
1679 1051 1774 1081 natae
1794 1041 1895 1079 sunt.

641 1108 749 1157 Qid
777 1107 910 1146 enim?
941 1107 1134 1160 sapientia,
1156 1107 1223 1145 ubi
1243 1106 1382 1159 pedem
1403 1116 1574 1159 poneret,
1592 1121 1670 1146 non
1690 1105 1868 1151 habebat,
1888 1105 1977 1144 sub-

583 1172 668 1212 latis
689 1173 825 1211 officiis
855 1173 1038 1211 omnibus
1054 1190 1066 1217 3
1098 1171 1224 1209 officia
1252 1180 1380 1210 autem
1414 1171 1660 1217 tollebantur,
1690 1171 1839 1210 delectu
1868 1170 1978 1209 omni

583 1248 622 1277 et
642 1238 861 1276 discrimine
891 1246 1053 1275 remoto.
1105 1237 1203 1288 Qae
1222 1237 1328 1274 enim
1354 1235 1425 1274 effe
1454 1246 1641 1289 poterant,
1663 1237 1774 1275 rebus
1794 1237 1978 1275 omnibus

582 1304 633 1342 fic
653 1304 872 1356 exaequatis,
903 1312 948 1340 ut
967 1303 1066 1341 inter
1085 1315 1144 1340 eas
1173 1301 1272 1340 nihil
1293 1301 1481 1340 intereffet
1499 1302 1512 1339 ?
1543 1303 1605 1341 Ex
1630 1301 1691 1341 his
1711 1302 1892 1355 angustiis
1912 1302 1979 1340 ista

582 1370 778 1408 evaserunt
797 1369 994 1414 deteriora,
1014 1381 1132 1421 quam
1148 1368 1350 1406 Aristonis.
1383 1367 1454 1406 Illa
1473 1377 1603 1406 tamen
1623 1368 1810 1421 simplicia
1827 1386 1839 1412 ς
1861 1367 1980 1406 vestra

581 1436 741 1474 versuta.
791 1437 919 1488 Roges
945 1435 1050 1473 enim
1082 1434 1315 1479 Aristonem,
1348 1433 1497 1472 bonane
1516 1434 1551 1472 ei
1571 1433 1768 1473 videantur
1784 1432 1880 1479 haec,
1910 1447 1977 1472 va-

582 1503 702 1541 cuitas
733 1502 890 1547 doloris,
917 1501 1073 1545 divifice,
1105 1501 1312 1539 valetudo?
1344 1510 1468 1554 neget.
1528 1501 1651 1551 Qid,
1678 1515 1762 1554 quae
1792 1501 1980 1540 contraria

582 1567 668 1606 sunt
689 1566 763 1611 his,
794 1566 972 1604 malane?
1006 1564 1130 1604 nihilo
1157 1565 1292 1619 magis.
1340 1566 1542 1604 Zenonem
1564 1579 1685 1619 roges.
1735 1565 1979 1620 Respondeat

580 1633 743 1672 totidem
764 1633 900 1671 verbis.
934 1631 1180 1670 Admirantes
1200 1645 1412 1684 quaeramus
1432 1631 1479 1670 ab
1500 1641 1678 1684 utroque,
1699 1646 1869 1684 quonam
1889 1645 1978 1670 mo-

580 1699 631 1737 do
662 1700 779 1737 vitam
810 1711 917 1750 agere
938 1697 1134 1750 poffimuS,
1163 1697 1188 1735 fi
1210 1696 1308 1735 nihil
1339 1696 1510 1735 interesse
1541 1697 1664 1735 nostra
1683 1707 1879 1751 putemus,
1910 1711 1976 1735 va-

581 1765 742 1808 leamus,
774 1763 912 1816 aegrine
945 1762 1089 1807 fimus,
1121 1775 1314 1807 vacemuS,
1347 1776 1392 1800 an
1413 1763 1631 1801 cruciemur
1650 1762 1807 1808 dolore,
1839 1762 1976 1816 frigus,

580 1829 725 1868 famem
742 1827 958 1882 propulsare
974 1828 1171 1880 poffimus,
1189 1841 1308 1866 necne
1324 1827 1523 1881 possimus.
1541 1829 1672 1874 Vives,
1691 1829 1817 1881 inquit
1835 1829 1976 1874 Aristo,

580 1895 785 1948 magnifice
806 1904 918 1946 atque
940 1893 1142 1946 praeclare3
1174 1893 1278 1947 quod
1309 1895 1381 1933 erit
1401 1907 1554 1947 cunque
1573 1893 1710 1939 visum,
1732 1907 1842 1947 ages;
1874 1908 1978 1933 nun-

579 1975 697 2014 quam
714 1960 863 2012 angere‚
886 1973 1083 2012 nunquam
1104 1960 1251 2012 cupies,
1274 1973 1471 2013 nunquam
1494 1960 1663 1998 timebis.
1710 1960 1817 2012 Qid
1839 1961 1975 1999 Zeno?

579 2035 753 2081 portenta
772 2024 852 2063 hccc
884 2023 954 2063 effe
979 2025 1088 2069 dicit,
1120 2038 1189 2062 nec
1216 2024 1258 2062 ea
1279 2026 1420 2063 ratione
1442 2025 1522 2063 ullo
1543 2025 1660 2063 modo
1680 2026 1754 2063 vivi
1772 2044 1783 2070 ς
1817 2025 1877 2064 sed
1897 2025 1976 2064 dif-

578 2092 675 2131 ferre
710 2091 807 2129 inter
840 2089 1042 2129 honestum
1076 2100 1114 2128 et
1149 2100 1257 2143 turpe
1289 2091 1456 2128 nimium
1488 2100 1693 2143 quantum,
1725 2091 1851 2130 nescio
1881 2092 1975 2144 quid

579 2156 813 2198 immensum
835 2169 843 2193 ε
876 2155 975 2193 inter
994 2165 1144 2194 caeteras
1172 2169 1226 2193 res
1249 2154 1344 2193 nihil
1366 2155 1528 2193 omnino
1549 2155 1733 2194 interesse.
1778 2156 1885 2195 Idem
1907 2157 1975 2195 ad-

579 2221 685 2267 huc,
711 2220 814 2273 (audi
837 2219 994 2273 reliqua,
1015 2232 1051 2259 et
1069 2221 1184 2259 risum
1206 2222 1375 2266 contine,
1395 2220 1419 2258 si
1443 2221 1565 2273 potes)
1583 2221 1715 2259 Media
1736 2221 1814 2266 iila,
1832 2222 1974 2274 inquit,

579 2289 677 2327 inter
708 2300 793 2340 quae
826 2284 922 2323 nihil
957 2287 1120 2331 interest,
1159 2297 1284 2324 tamen
1320 2286 1507 2338 ejusmodi
1538 2285 1637 2332 sunt,
1675 2296 1716 2325 ut
1743 2301 1877 2326 eorum
1904 2287 1976 2326 alia

578 2353 751 2406 eligenda
770 2353 854 2395 sint,
876 2352 946 2390 alia
969 2353 1184 2405 rejicienda,
1215 2353 1285 2390 alia
1306 2353 1468 2390 omniuo
1489 2353 1727 2406 negligenda,
1749 2353 1823 2392 hoc
1843 2353 1910 2398 cst,
1932 2362 1975 2392 ut

578 2432 711 2457 corum
743 2419 813 2456 alia
833 2418 940 2462 velis,
975 2418 1045 2456 alia
1067 2417 1179 2462 noli-³,
1215 2417 1285 2455 alia
1318 2431 1392 2455 non
1414 2431 1533 2455 curcS.
1595 2420 1646 2456 At
1676 2419 1793 2457 modo
1812 2418 1972 2463 dixeras,

580 2484 677 2523 nihil
702 2486 738 2523 in
761 2483 819 2522 his
841 2486 950 2523 rebus
971 2484 1054 2529 effe,
1077 2484 1180 2537 quod
1202 2483 1401 2521 intercll‘ct.
1450 2484 1499 2521 Et
1532 2498 1632 2523 nunc
1654 2485 1757 2525 idem
1777 2485 1878 2531 dico,
1911 2484 1971 2523 in-

578 2550 701 2603 quicS,
733 2550 790 2589 scd
814 2551 858 2590 ad
879 2551 1037 2590 virtutes
1057 2560 1094 2590 et
1114 2550 1160 2589 ad
1176 2550 1267 2589 vitia
1287 2549 1383 2589 nihil
1406 2549 1588 2591 interesse.
