2330 2983
592 223 646 262 94
931 204 1696 246 DEFINIBUS

593 308 716 346 sermo
735 314 850 358 atque
867 304 972 343 fama
982 323 994 350 ς
1027 313 1112 343 tum
1130 302 1336 350 accusator,
1364 311 1449 342 tum
1472 302 1594 356 judex
1613 317 1623 342 :
1656 301 1774 342 multi
1792 302 1924 350 etiam,
1945 312 1989 344 ut

594 382 632 412 te
653 371 832 416 Consule,
853 370 922 423 ips1
944 369 979 408 se
997 369 1273 408 indicaverunt.

649 438 768 490 Qod
787 438 813 476 fi
834 437 904 490 qui
923 436 1008 476 satis
1027 436 1096 475 fibi
1116 445 1251 475 contra
1268 434 1479 474 hominum
1500 435 1774 474 conscientiam
1794 435 1888 489 septi
1917 434 1989 474 effe

593 517 630 545 et
650 505 793 544 muniti
812 504 1002 549 videntur,
1033 503 1194 542 deorum
1225 511 1354 541 tamen
1379 501 1550 547 horrent,
1577 502 1712 555 easque
1728 501 1824 556 ipsas
1844 501 1989 541 sollici·

594 573 760 616 tudines,
791 570 933 623 quibus
952 583 1087 608 eorum
1105 569 1226 608 animi
1245 570 1374 607 noctes
1394 577 1508 620 atque
1527 569 1607 607 dies
1626 569 1855 613 exeduntur,
1876 580 1897 606 a
1916 568 1990 607 diis

594 637 880 677 immortalibus
900 635 1079 688 supplicii
1098 634 1206 673 causa
1224 635 1423 688 importari
1438 643 1589 687 putant.
1621 635 1719 687 Qae
1739 643 1869 672 autem
1887 642 1991 672 tanta

594 719 641 743 ex
662 703 848 756 improbis
869 701 977 739 factis
1006 701 1054 739 ad-
1072 700 1300 739 minuendas
1319 700 1406 738 vitae
1430 699 1620 738 molestias
1640 699 1797 738 acceffio
1816 699 1898 737 fieri
1917 713 1990 752 po-

595 770 677 814 test,
707 771 847 821 quarta
865 766 911 804 ad
930 766 1133 818 augendas,
1164 764 1255 803 cum
1289 765 1519 804 conscientia
1537 763 1742 810 factorum,
1770 774 1856 803 tum
1876 764 1992 817 poenft

594 837 741 889 legum,
759 835 926 885 odioque
940 832 1087 870 civium
1103 832 1116 869 ?
1146 832 1200 873 Et
1220 840 1347 869 tamen
1366 831 1407 869 in
1427 830 1657 883 quibusdam
1678 843 1804 883 neque
1821 830 1992 883 pecuniae

593 901 732 940 modus
751 900 817 944 est,
851 911 975 950 neque
1007 896 1180 942 honoris,
1210 910 1334 949 neque
1364 896 1533 950 imperii,
1563 909 1635 934 nec
1665 896 1893 940 libidinum,
1921 908 1992 934 nec

593 967 809 1020 epularum,
842 977 913 1003 nec
945 963 1180 1016 reliquarum
1210 963 1494 1015 cupiditatum:
1527 975 1620 1014 quas
1641 962 1747 1001 nulla
1772 962 1896 1015 praeda
1914 975 1990 1000 un-

594 1046 713 1086 quam
733 1030 909 1084 improbe
930 1038 1035 1082 parta
1052 1029 1211 1074 minuit,
1242 1029 1302 1067 sed
1322 1037 1436 1081 auget
1455 1029 1598 1082 potius,
1615 1038 1729 1082 atque
1748 1028 1988 1073 inflammat;

594 1108 638 1137 ut
657 1097 857 1137 coercendi
877 1096 1014 1148 magis,
1035 1108 1153 1148 quam
1170 1094 1394 1139 dedocendi,
1415 1093 1487 1133 effe
1504 1094 1714 1134 videantur.

654 1165 796 1203 Invitat
814 1163 932 1215 igitur
950 1174 1035 1199 vera
1054 1161 1151 1199 ratio
1181 1161 1278 1199 bene
1309 1159 1416 1199 sanos
1445 1160 1491 1198 ad
1518 1160 1723 1212 justitiam,
1754 1160 1990 1212 aequitatem,

596 1231 712 1270 fidem
730 1245 738 1268 ε
770 1242 895 1282 neque
914 1227 1068 1266 homini
1088 1226 1226 1265 infanti
1245 1216 1360 1280 atquc
1389 1227 1596 1280 impotenti
1618 1227 1753 1280 injuste
1777 1226 1876 1265 facta
1894 1240 1990 1265 con-

588 1298 769 1340 ducunt;
799 1295 868 1347 qui
899 1307 968 1332 nec
999 1292 1112 1331 facile
1130 1293 1277 1332 efficere
1302 1293 1427 1346 poffit,
1459 1293 1564 1344 quod
1589 1303 1763 1337 conetur,
1794 1306 1865 1332 nec
1885 1292 1990 1331 obti-

594 1376 696 1408 nere,
728 1362 754 1400 fi
784 1360 976 1399 effecerit:
1007 1368 1046 1398 et
1076 1372 1166 1412 opes
1193 1359 1251 1397 vel
1281 1358 1458 1404 fortunae,
1489 1358 1549 1396 vel
1581 1359 1742 1412 ingenii,
1773 1358 1993 1397 liberalitati

595 1429 716 1482 magis
737 1427 998 1471 conveniunt3
1031 1440 1106 1478 qua
1135 1426 1203 1478 qui
1233 1434 1409 1470 utuntur,
1440 1425 1746 1464 benevolentiam
1767 1425 1836 1464 fibi
1856 1425 1993 1464 conci-

594 1495 704 1539 liant,
731 1503 769 1531 et
799 1492 904 1545 quod
924 1491 1159 1543 aptiffimum
1193 1490 1245 1528 est
1271 1491 1317 1529 ad
1349 1491 1477 1543 quiete
1510 1491 1733 1535 vivendum,
1763 1492 1960 1530 caritatem
1978 1508 1991 1535 ς

595 1560 800 1615 praesertim
820 1571 913 1596 cum
933 1557 1096 1611 omnino
1115 1556 1222 1594 nulla
1245 1556 1289 1594 sit
1309 1556 1417 1595 causa
1436 1556 1634 1609 peccandi.
1680 1557 1784 1607 Qae
1795 1558 1900 1596 enim
1919 1568 1993 1595 cu-

596 1626 773 1680 piditates
790 1638 810 1662 a
826 1632 957 1662 natura
971 1621 1277 1675 proficiscuntur,
1294 1620 1407 1660 facile
1421 1621 1624 1674 explentur
1639 1621 1715 1660 slne
1732 1622 1809 1660 ulla
1828 1623 1991 1674 injuria:

593 1707 679 1746 quae
705 1700 833 1729 autem
854 1690 982 1727 inanes
1004 1688 1103 1733 sunt,
1133 1687 1194 1726 his
1223 1688 1435 1741 parendum
1455 1702 1532 1726 non
1562 1688 1640 1728 est:
1672 1687 1772 1727 nihil
1790 1689 1897 1727 enim
1923 1688 1992 1727 de—

595 1756 790 1797 siderabile
823 1754 1114 1808 concupiscunt,
1144 1753 1306 1807 plusque
1339 1755 1378 1792 in
1406 1753 1484 1807 ipsa
1509 1754 1646 1806 injuria
1674 1754 1895 1793 detrimenti
1924 1755 1992 1800 est,

594 1838 711 1877 quam
732 1823 771 1861 in
789 1821 834 1860 iis
854 1821 964 1859 rebus
983 1821 1253 1866 emolumenti,
1275 1834 1360 1873 quae
1381 1821 1581 1873 pariuntur
1602 1821 1755 1872 injurifi.
1788 1821 1924 1874 Itaque
1941 1835 1994 1860 ne

588 1889 778 1943 justitiam
798 1886 956 1939 quidem
975 1887 1073 1924 reste
1093 1886 1179 1938 quis
1200 1885 1340 1924 dixerit
1363 1898 1430 1939 per
1459 1885 1494 1924 se
1523 1885 1644 1939 ipsam
1671 1886 1901 1939 optabilem,
1931 1886 1994 1925 sed

594 1955 684 2008 quia
698 1951 950 2006 jucunditatis
971 1951 1028 1989 vel
1051 1951 1266 2004 plurimum
1282 1950 1410 1989 afferat
1428 1965 1438 1990 :
1470 1964 1559 1989 nam
1580 1951 1691 2004 diligi
1710 1960 1749 1989 et
1769 1965 1903 1992 carum
1923 1952 1995 1991 esse

589 2019 811 2074 jucundum
831 2017 897 2063 est,
924 2027 1119 2071 propterea
1138 2018 1228 2070 quia
1249 2017 1432 2057 tutiorem
1451 2017 1571 2056 vitam
1589 2026 1627 2056 et
1649 2017 1887 2071 voluptatem
1907 2019 1994 2057 effi-

595 2087 650 2125 cit
668 2085 893 2140 pleniorem.
917 2085 1050 2136 Itaque
1067 2097 1143 2122 non
1162 2084 1213 2124 ob
1233 2098 1274 2121 ea
1295 2083 1418 2122 solum
1434 2083 1695 2128 incommoda,
1714 2097 1799 2137 quae
1811 2085 1996 2124 eveniunt

597 2151 798 2205 improbis,
830 2149 1054 2203 fugiendam
1087 2150 1376 2203 improbitatem
1401 2159 1598 2202 putamus.
1630 2149 1691 2188 sed
1719 2150 1845 2189 multo
1877 2151 1994 2190 etiam

596 2219 733 2272 magis,
753 2217 858 2270 quod
878 2218 986 2270 cujus
1009 2217 1047 2254 in
1069 2217 1199 2256 animo
1219 2216 1396 2261 versatur,
1428 2230 1629 2269 nunquam
1649 2217 1737 2256 linit
1763 2230 1853 2256 eum
1876 2216 1994 2271 respi-

595 2297 688 2328 rare,
711 2296 911 2335 nunquam
930 2281 1178 2335 acquiescere.

650 2349 768 2402 Qod
802 2349 828 2388 fi
860 2362 906 2387 ne
939 2348 1105 2402 ipsarum
1125 2348 1284 2401 quidem
1310 2348 1502 2387 virtutum
1535 2348 1631 2393 laus,
1663 2348 1702 2388 in
1730 2362 1804 2401 qua
1824 2349 1995 2388 maxime

589 2426 820 2456 caeterorum
839 2413 1158 2470 philosophorum
1177 2415 1323 2455 exultat
1343 2416 1478 2460 oratio.
1501 2416 1660 2469 reperire
1680 2416 1802 2469 potest
1825 2416 1992 2460 exitum.

596 2483 664 2521 nisi
685 2479 868 2535 dirigatur
898 2482 944 2520 ad
969 2481 1205 2536 voluptatem
1224 2500 1236 2527 ς
1267 2482 1441 2535 voluptas
1460 2490 1590 2521 autem
1615 2482 1668 2521 est
1686 2481 1776 2527 sola,
1806 2496 1892 2535 quae
1923 2494 1992 2520 nos

595 2558 707 2589 vocet
735 2548 781 2587 ad
815 2548 849 2587 se
878 2557 916 2587 ct
950 2547 1093 2587 alliciat
1123 2547 1253 2603 suapte
1287 2558 1446 2593 natum
1479 2562 1556 2589 non
1576 2548 1700 2602 potest
1717 2547 1788 2588 ess‘e
1811 2547 1992 2593 dubium,
