2330 2983
654 232 929 272 LIBER
992 233 1350 274 PRIMUS.
1621 249 1699 291 237

309 334 391 373 haec
411 341 610 386 poetarum
629 342 668 370 et
686 333 879 385 pistorum
898 341 1072 385 portenta
1091 334 1344 373 convincere?
1388 335 1602 375 MARCUS.
1624 338 1701 375 At-

308 400 377 451 qui
396 398 501 451 pleni
521 397 607 435 sunt
627 397 715 434 libri
735 396 1054 449 philosophorum
1082 407 1214 437 contra
1232 399 1299 436 ista
1327 399 1405 451 ipsa
1424 400 1699 439 differentium.

308 465 535 502 AUDITOR.
569 463 703 514 Inepte
719 462 816 499 sane.
876 462 976 512 Qis
1005 462 1058 499 est
1086 463 1192 500 enim
1222 472 1301 501 tam
1320 477 1466 509 excors,
1499 479 1616 517 quem
1636 466 1702 504 ista

309 528 516 567 moveant?
566 527 778 565 MARCUS.
813 528 850 564 Si
880 540 971 579 ergo
990 527 1090 579 apud
1110 526 1250 565 inferos
1281 528 1407 566 miseri
1426 543 1503 567 non
1525 529 1624 574 sunt,
1655 544 1703 568 ne

308 593 395 631 sunt
415 592 575 645 quidem
596 591 696 644 apud
715 591 855 630 inferos
876 592 960 630 ulli.
1006 594 1232 630 AUDIToR.
1266 594 1323 631 Ita
1343 593 1491 645 prorsus
1512 595 1702 633 existimo.

310 659 525 697 MARCUS.
558 657 639 695 Ubi
669 671 759 710 ergo
779 657 865 695 sunt
883 658 925 702 ii,
958 671 1053 709 quos
1074 657 1228 696 miseros
1259 658 1382 696 dicis?
1413 668 1479 696 aut
1505 673 1623 711 quem
1644 660 1703 698 lo-

310 737 402 761 cum
422 723 599 761 incolunt
617 722 631 759 ?
663 723 700 760 Si
720 723 825 760 enim
844 722 944 767 sunt,
968 723 1155 774 nusquam
1175 723 1245 760 effe
1267 737 1342 761 non
1358 723 1522 775 poffunt.
1560 726 1704 762 AUDI-

312 802 413 827 ToR.
447 790 533 840 Ego
554 801 642 826 vero
663 788 850 840 nusquam
883 787 952 825 effe
986 788 1072 826 illos
1099 798 1207 840 puto.
1258 789 1471 827 MARCUS.
1503 790 1625 842 Igitur
1656 803 1704 827 ne

310 854 381 892 effe
398 855 572 907 quidem.
632 855 858 892 AUDITOR.
891 854 1045 892 Prorsus
1071 854 1140 892 isto
1160 854 1305 899 mod0;
1337 864 1374 892 et
1395 865 1522 892 tamen
1549 855 1703 893 miseros

311 921 362 958 ob
383 921 421 957 id
442 920 567 971 ipsum
589 919 761 971 quidem,
783 919 872 970 quia
891 919 989 956 nulli
1009 919 1108 957 suut.

367 986 580 1023 MARCUS.
613 986 699 1035 Jam
734 984 892 1022 mallem
924 985 1137 1022 Cerberum
1167 994 1370 1030 metueres,
1401 999 1517 1037 quam
1538 986 1605 1023 ista
1625 994 1704 1023 tarn

309 1050 581 1088 inconsiderate
596 1050 751 1087 diceres.
785 1052 1012 1087 AUDITOR.
1031 1050 1112 1099 Q?
1129 1051 1282 1087 tandem
1299 1051 1312 1087 ?
1344 1051 1557 1088 MARCUS.
1574 1052 1705 1102 Qern

309 1115 380 1153 effe
411 1129 537 1168 negas,
569 1116 734 1153 eundem
764 1115 834 1153 effe
869 1115 978 1153 dicis.
1027 1116 1108 1153 Ubi
1139 1115 1190 1153 est
1223 1129 1385 1154 acumen
1407 1126 1519 1154 tuum
1538 1117 1550 1153 ?
1601 1118 1707 1154 Cum

308 1181 414 1219 enim
434 1181 616 1219 miserum
634 1180 703 1218 effe
724 1181 832 1225 dicis,
865 1190 950 1219 tum
971 1194 1076 1225 eum,
1098 1181 1166 1233 qui
1186 1195 1263 1218 non
1284 1181 1341 1226 fit,
1370 1181 1465 1219 dicis
1485 1181 1568 1219 esse„
1615 1183 1706 1219 Au-

312 1259 467 1286 D1TOR.
491 1248 586 1285 Non
606 1247 692 1284 sum
711 1247 764 1284 ita
783 1246 913 1291 hebes,
936 1256 979 1284 ut
998 1246 1092 1284 istuc
1113 1247 1253 1284 dicam.
1286 1247 1500 1285 MAkcus.
1517 1247 1625 1298 Qid
1644 1247 1705 1285 di-

310 1313 365 1351 cis
386 1313 534 1365 igitur?
566 1315 794 1350 AunrroR.
826 1313 1016 1350 Miserum
1041 1312 1123 1357 effe,
1150 1313 1255 1350 verbi
1275 1313 1395 1357 causa,
1429 1313 1491 1350 M.
1516 1312 1705 1358 Crassum,

311 1379 378 1431 qui
410 1379 492 1416 illaS
523 1377 693 1416 fortunas
729 1387 852 1416 morte
885 1378 1070 1415 dimiserit
1087 1393 1095 1415 :
1128 1377 1310 1416 miserum
1346 1379 1420 1415 Cn.
1457 1379 1704 1430 Pompeium,

313 1444 381 1496 qui
403 1453 505 1482 tanta
523 1444 657 1496 gloria,
680 1444 863 1495 dignitate
884 1452 999 1488 tanta,
1021 1444 1067 1480 fit
1085 1443 1238 1480 orbatus
1258 1458 1266 1480 :
1289 1456 1423 1480 omnes
1444 1443 1609 1494 denique
1628 1444 1707 1481 mi-

311 1509 422 1554 serOS‚
443 1509 511 1560 qui
532 1508 604 1546 hac
626 1509 711 1546 luce
730 1518 893 1547 careant.
940 1509 1154 1546 MARCUS.
1186 1507 1408 1545 Revolveris
1429 1508 1579 1546 eodem.
1624 1509 1708 1547 Sint

310 1575 415 1612 enim
436 1582 598 1626 oportet,
620 1573 647 1610 fi
666 1573 794 1610 miseri
815 1573 914 1611 sunt.
973 1574 1040 1610 Tu
1060 1582 1188 1611 autem
1219 1573 1336 1610 modo
1357 1573 1518 1625 negabas
1538 1586 1600 1611 eos
1620 1573 1704 1619 effe,

311 1640 379 1692 qui
400 1639 545 1678 mortui
565 1638 694 1677 effent.
738 1640 775 1677 Si
796 1640 915 1692 igitur
935 1652 1011 1677 non
1032 1639 1133 1683 sunt,
1158 1638 1257 1676 nihil
1279 1638 1429 1691 poffunt
1448 1639 1546 1684 efi‘e5
1577 1640 1630 1677 ita
1658 1653 1706 1677 ne

312 1706 439 1744 miseri
470 1705 628 1758 quidem
648 1705 748 1743 sunt.
798 1707 1026 1743 AUDIToR.
1061 1706 1155 1743 Non
1183 1705 1269 1743 dico
1297 1704 1445 1742 fortaffe
1465 1705 1581 1742 etiam
1602 1706 1707 1757 quod

311 1771 444 1810 sentio.
491 1773 598 1810 Nam
629 1771 728 1809 istud
759 1771 898 1823 ipsum,
931 1785 1009 1808 non
1039 1770 1122 1814 effe,
1155 1783 1247 1808 curn
1278 1769 1410 1814 fueris,
1446 1770 1706 1808 miserrimum

313 1847 423 1890 puto.
456 1838 668 1875 MARCUS.
693 1837 802 1888 Qid
822 1837 1007 1881 miserius,
1030 1850 1146 1888 quam
1166 1836 1326 1874 omnino
1348 1849 1548 1887 nunquam
1570 1835 1705 1873 fuiss'e?

315 1903 386 1947 Ita,
409 1903 476 1954 qui
498 1902 672 1941 nondum
693 1902 771 1939 nati
792 1901 891 1946 sunt,
929 1901 1055 1939 miseri
1075 1903 1156 1953 jam
1178 1902 1277 1946 sunt,
1311 1901 1402 1953 quia
1422 1915 1499 1938 non
1526 1901 1638 1946 sunt;
1669 1911 1706 1939 et

314 1981 380 2006 nos
401 1968 483 2020 ipfi,
499 1968 524 2006 fi
545 1968 627 2021 post
646 1977 813 2005 mortem
834 1967 960 2005 miseri
979 1966 1100 2005 futuri
1120 1968 1263 2012 sumus,
1286 1966 1411 2004 miseri
1431 1965 1578 2004 fuimus
1598 1976 1705 2004 ante-

314 2047 430 2086 quam
452 2033 545 2071 nati.
593 2034 679 2085 Ego
698 2042 826 2070 autem
846 2045 923 2070 non
953 2033 1220 2077 commemini,
1245 2042 1450 2084 antequam
1477 2032 1561 2070 sum
1582 2042 1705 2075 natuS,

315 2113 378 2137 me
397 2098 593 2138 miserum.
643 2100 710 2136 Tu
730 2098 755 2136 fi
774 2099 932 2137 meliore
953 2099 1142 2137 memoria
1159 2112 1211 2143 es,
1241 2098 1358 2135 velim
1378 2098 1484 2143 scire,
1505 2098 1643 2150 ecquid
1661 2098 1706 2135 de

316 2174 352 2201 te
373 2164 577 2202 recordere.

361 2229 454 2267 VII.
486 2231 712 2267 AUDlToR.
746 2229 803 2266 Ita
815 2230 968 2281 jocaris,
990 2229 1092 2281 quafi
1112 2243 1183 2282 ego
1203 2229 1342 2274 dicam,
1365 2243 1426 2268 eos
1447 2228 1517 2267 effe
1538 2228 1703 2271 miseros,

317 2294 383 2346 qui
405 2295 482 2331 nati
502 2293 602 2338 sunt,
634 2303 671 2331 et
691 2307 768 2332 non
798 2308 861 2332 eos
892 2294 1061 2340 miseros,
1088 2295 1154 2346 qui
1174 2296 1319 2332 mortui
1350 2294 1448 2332 sunt.
1495 2295 1703 2331 NIARCUS.

319 2358 402 2396 Esse
423 2373 514 2411 ergo
533 2372 594 2397 eos
615 2359 726 2398 dicis.
762 2363 990 2398 AumToR.
1013 2361 1157 2405 Immo,
1179 2360 1270 2412 quia
1289 2374 1365 2397 non
1386 2360 1485 2402 sunt,
1508 2372 1598 2395 cum
1619 2357 1705 2395 fue-

319 2425 408 2468 rint,
439 2438 500 2462 eos
526 2424 678 2463 miseros
698 2425 781 2463 effe.
820 2426 1034 2464 MARCUS.
1066 2426 1280 2478 Pugnantia
1300 2435 1335 2462 te
1356 2425 1462 2475 loqui
1481 2437 1556 2461 non
1574 2423 1704 2460 vides?

319 2490 425 2540 Qid
445 2491 549 2527 enim
570 2499 648 2527 tarn
669 2500 827 2542 pugnat,
849 2505 965 2543 quam
999 2505 1074 2529 non
1095 2491 1211 2528 modo
1238 2489 1433 2532 miserum,
1465 2488 1526 2526 sed
1545 2490 1707 2526 omnino

318 2555 532 2608 quidquam
552 2555 637 2601 effe,
671 2557 738 2609 qui
758 2569 835 2595 non
856 2556 899 2594 fit
918 2556 930 2593 ?
963 2557 1025 2594 An
1050 2566 1092 2593 tu
1111 2554 1271 2607 egress‘us
1292 2563 1398 2607 porta
1420 2555 1584 2607 Capena,
1616 2566 1706 2591 cum
