2330 2983
526 296 607 332 424
784 279 877 318 DE
934 276 1258 316 NATURA
1314 276 1650 315 DEORUM

526 390 594 419 tuo
607 381 706 431 jure.
749 376 857 429 Qid
876 384 1005 414 autem
1023 375 1076 412 est
1094 374 1189 413 istuc
1209 374 1396 427 gradatim
1414 375 1427 412 ?
1464 375 1569 413 Nam
1589 388 1610 412 a
1627 373 1745 412 beatis
1765 374 1811 412 ad
1829 375 1907 412 vir-

524 454 663 488 tutem,
684 457 704 480 a
723 442 864 480 virtute
883 441 928 478 ad
947 440 1133 478 rationem
1152 439 1264 478 video
1284 448 1321 478 te
1338 440 1474 478 veniffe
1492 440 1684 492 gradibus.
1712 441 1747 477 A
1767 439 1910 477 ratione

524 511 570 548 ad
590 509 799 547 humanam
820 507 982 559 figuram
1002 519 1080 558 quo
1106 505 1224 544 modo
1242 505 1416 544 accedis?
1447 506 1685 559 Praecipitare
1704 505 1798 543 istuc
1818 505 1908 557 qui-

525 576 614 614 dem
633 574 699 619 est,
730 586 807 611 non
825 571 1060 610 descendere.

552 635 556 638 ’
579 640 667 678 Nec
697 651 784 676 vero
814 636 1003 689 intelligo,
1038 649 1107 674 cur
1132 635 1309 674 maluerit
1340 636 1532 689 Epicurus
1567 636 1670 674 Deos
1701 634 1908 673 hominum

524 704 664 743 fimiles
685 703 821 747 dicere,
848 715 964 754 quam
984 700 1160 738 homines
1188 701 1376 738 Deorum.
1427 702 1596 751 QaereS,
1628 700 1721 752 quid
1748 699 1906 738 interfit.

524 772 563 810 Si
583 770 688 809 enim
707 768 781 806 hoc
801 767 860 804 illi
880 765 1001 804 fimile
1020 765 1077 810 fit,
1108 764 1178 802 effe
1196 765 1294 802 illud
1313 764 1406 802 huic
1425 765 1549 803 video.
1599 765 1670 803 Sed
1703 764 1777 802 hoc
1808 765 1908 809 dico,

524 850 603 874 non
619 835 665 873 ab
681 831 905 871 hominibus
921 829 1055 868 formae
1069 829 1231 881 figuram
1247 829 1384 867 venisse
1399 829 1445 866 ad
1461 830 1578 867 Deos.
1601 829 1670 866 Dii
1685 829 1790 866 enim
1805 828 1906 866 sem-

525 914 593 953 per
610 899 780 942 fuerunt,
801 905 839 934 et
858 895 937 933 nati
956 907 1153 946 nunquam
1173 893 1274 938 sunt,
1295 893 1322 931 fi
1343 894 1500 946 quidem
1517 893 1645 931 aeterni
1663 892 1750 930 sunt
1768 891 1908 930 futuri:

523 974 562 1002 at
579 963 756 1001 homines
776 960 868 998 nati.
904 961 1008 997 Ante
1027 959 1146 1011 igitur
1164 957 1332 996 humana
1350 956 1486 1003 forma,
1505 970 1623 1010 quam
1641 955 1833 1001 homines,
1852 969 1908 1001 ea,

524 1042 599 1081 qua
617 1036 721 1066 erant
739 1025 864 1065 forma
879 1025 949 1063 Dii
968 1023 1218 1063 immortales.
1241 1023 1336 1061 Non
1355 1037 1446 1076 ergo
1464 1023 1622 1061 illorum
1641 1021 1810 1060 humana
1828 1021 1910 1060 for-

524 1107 601 1138 ma,
620 1092 682 1130 sed
702 1091 824 1129 nostra
838 1090 978 1134 divina,
995 1089 1153 1127 dicenda
1172 1088 1237 1126 est.
1260 1089 1406 1126 Verum
1422 1087 1497 1126 hoc
1513 1088 1686 1140 quidem,
1700 1095 1744 1125 ut
1758 1086 1908 1125 voletis.

523 1158 627 1196 Illud
647 1170 788 1210 quaero,
816 1169 900 1207 quae
918 1153 1034 1192 fuerit
1054 1162 1157 1191 tanta
1174 1153 1342 1198 fortuna,
1369 1152 1486 1204 (nihil
1505 1153 1610 1191 enim
1635 1153 1674 1190 in
1695 1165 1820 1190 rerum
1840 1165 1909 1190 na-

523 1232 609 1262 tura
628 1223 771 1260 ratione
791 1220 937 1257 factum
956 1219 1026 1256 effe
1045 1218 1184 1268 vultis)
1211 1217 1271 1254 sed
1292 1226 1419 1254 tamen
1439 1219 1525 1269 quis
1546 1218 1612 1256 iste
1633 1227 1758 1256 tantus
1777 1217 1909 1256 casus?

524 1287 627 1325 unde
647 1295 726 1323 tam
741 1284 836 1321 felix
855 1281 1058 1320 concursus
1073 1290 1306 1325 atomorum,
1321 1291 1364 1318 ut
1379 1291 1530 1332 repente
1541 1281 1718 1319 homines
1735 1284 1911 1320 Deorum

524 1350 651 1390 forma
670 1347 935 1387 nascerentur?
967 1345 1119 1383 Semina
1138 1346 1313 1383 Deorum
1343 1344 1518 1382 decidiffe
1538 1345 1584 1382 de
1613 1345 1706 1382 caelo
1726 1346 1765 1382 in
1796 1354 1911 1384 terras

524 1425 719 1470 putamus,
741 1423 778 1451 et
797 1413 846 1451 fic
866 1411 1044 1450 homines
1074 1419 1226 1463 patrum
1247 1410 1386 1448 fimiles
1407 1409 1567 1447 extitisse
1585 1409 1597 1445 ?
1631 1409 1784 1448 Vellem
1804 1411 1910 1448 dice-

523 1483 638 1527 retis,
671 1482 845 1519 Deorum
864 1478 1135 1530 cognationem
1154 1476 1394 1528 agnoscerem
1414 1489 1491 1514 non
1511 1476 1667 1514 invitus.
1700 1475 1815 1514 Nihil
1838 1477 1912 1514 tale

522 1547 653 1586 dicitis
669 1562 678 1585 :
710 1545 770 1583 sed
797 1544 883 1582 casu
909 1543 978 1581 effe
999 1542 1159 1587 factum,
1187 1550 1230 1579 ut
1263 1543 1439 1580 Deorum
1469 1541 1608 1580 fimiles
1638 1541 1809 1580 essemus.
1859 1543 1912 1580 Et

524 1625 629 1652 nunc
649 1619 871 1663 argumenta
889 1607 1089 1660 quaerenda
1107 1607 1208 1651 sunt,
1241 1607 1382 1658 quibus
1402 1605 1476 1644 hoc
1507 1605 1712 1644 refellatur.
1749 1608 1912 1646 Utinam

524 1686 605 1715 tam
625 1675 736 1713 facile
756 1687 841 1712 vera
860 1673 1028 1711 invenire
1048 1670 1204 1724 poffem,
1225 1684 1343 1723 quam
1358 1670 1448 1709 falsa
1468 1672 1706 1709 convincere.

579 1740 773 1779 XXXIII.
806 1739 965 1776 Etenim
985 1737 1210 1774 enumerasti
1230 1737 1464 1780 memoriter,
1496 1746 1533 1773 et
1558 1736 1707 1788 copiose
1730 1737 1791 1787 (ut
1810 1736 1910 1774 mihi

525 1805 683 1858 quidem
705 1800 879 1841 admirari
899 1801 1048 1845 liberet,
1078 1800 1119 1837 in
1144 1799 1304 1838 homine
1327 1799 1396 1838 esse
1419 1800 1597 1838 Romano
1625 1810 1769 1838 tantam
1789 1800 1909 1839 scien-

525 1871 637 1921 tiam)
672 1868 789 1921 usque
808 1881 828 1905 a
847 1865 974 1905 Thale
994 1865 1148 1904 Milefio
1168 1865 1213 1903 de
1242 1873 1375 1903 natura
1394 1865 1568 1903 Deorum
1594 1864 1911 1917 philosophorum

526 1935 739 1974 sententias.
785 1932 979 1971 omnesne
997 1931 1068 1969 tibi
1087 1931 1145 1968 illi
1165 1931 1322 1969 delirare
1342 1931 1406 1969 vis1
1426 1930 1525 1975 sunt,
1553 1930 1620 1983 qui
1639 1930 1714 1968 fine
1734 1931 1910 1969 manibus

525 2011 563 2039 et
593 1999 752 2053 pedibus
784 1997 949 2035 constare
970 1997 1101 2033 Deum
1135 1995 1234 2047 posse
1253 1996 1530 2033 decreverunt?
1562 1996 1626 2033 Ne
1654 1994 1730 2033 hoc
1754 1996 1911 2048 quidem

527 2079 592 2104 vos
614 2073 757 2108 movet,
792 2061 1078 2105 confiderantes,
1099 2075 1183 2113 qua:
1203 2060 1246 2098 fit
1274 2061 1431 2104 utilitas,
1466 2073 1626 2112 quaeque
1645 2061 1910 2111 opportunitas

527 2131 566 2168 in
588 2129 744 2169 homine
772 2127 1052 2170 membrorum,
1085 2135 1127 2163 ut
1153 2125 1347 2177 judicetis,
1380 2125 1564 2163 membris
1596 2123 1774 2163 humanis
1807 2126 1909 2164 Deos

527 2210 602 2234 non
624 2208 731 2247 egere
748 2195 761 2230 ?
793 2192 898 2244 Qid
919 2193 1022 2229 enim
1042 2191 1201 2243 pedibus
1221 2203 1316 2243 opus
1336 2189 1387 2227 est
1408 2190 1482 2228 sine
1501 2189 1662 2242 ingress‘u
1680 2190 1692 2226 ?
1715 2190 1807 2242 quid
1827 2204 1908 2229 ma-

526 2261 654 2305 nibus,
672 2259 696 2297 s1
718 2257 814 2297 nihil
831 2255 1236 2309 comprehendendum
1252 2256 1265 2293 ?
1287 2254 1380 2307 quid
1399 2255 1542 2306 reliqua
1556 2254 1806 2307 descriptione
1821 2269 1909 2293 om-

528 2326 635 2363 nium
657 2324 824 2377 corporis
845 2323 1024 2376 partium,
1046 2323 1085 2359 in
1102 2335 1176 2373 qua
1197 2319 1292 2359 nihil
1315 2321 1436 2363 inane,
1456 2319 1552 2357 nihil
1573 2320 1648 2358 sine
1668 2320 1788 2365 causa,
1812 2319 1908 2359 nihil

528 2391 844 2443 supervacaneum
875 2389 924 2426 est
945 2388 956 2424 ?
991 2389 1120 2439 Itaque
1152 2387 1255 2424 nulla
1288 2399 1343 2423 ars
1380 2385 1519 2423 imitari
1553 2385 1738 2424 solertiam
1771 2396 1910 2425 natura}

526 2455 660 2508 potest.
709 2453 879 2493 Habebit
900 2453 1016 2506 igitur
1036 2452 1207 2504 linguam
1231 2452 1350 2493 Deus,
1381 2459 1418 2488 ct
1441 2464 1515 2487 non
1538 2451 1738 2503 loquetur;
1766 2451 1908 2496 dentes,

529 2521 711 2573 palatum,
734 2519 872 2565 fauces,
904 2518 1056 2557 nullum
1087 2518 1132 2556 ad
1154 2516 1261 2555 usum
1279 2531 1286 2555 :
1319 2529 1479 2568 quaequc
1512 2517 1779 2569 procreationis
1804 2516 1909 2555 causa
