2330 2983
533 262 610 303 350
839 246 1609 287 TUSCULANARUM

528 346 649 400 potest
668 346 837 384 accidere
857 346 929 384 tale
959 346 1008 390 ei,
1038 345 1102 383 cui
1123 344 1221 383 nihil
1243 345 1413 384 subitum
1446 346 1499 384 est
1528 345 1633 400 quod
1651 344 1804 386 homini
1822 361 1908 387 eve-

527 412 607 449 nire
625 411 766 464 poffit?
798 411 903 450 Nam
923 410 1027 463 quod
1059 411 1166 449 aiunt
1186 411 1304 449 nimia
1330 411 1483 450 resecari
1512 421 1697 465 oportere,
1726 413 1910 451 naturalia

527 475 692 528 relinqui
707 494 720 521 3
751 476 845 528 quid
865 476 1018 514 tandem
1049 475 1171 529 potest
1188 475 1258 514 effe
1279 477 1459 521 naturale,
1480 477 1585 529 quod
1603 477 1708 515 idem
1741 478 1910 516 nimium

526 544 596 583 effe
615 545 754 598 poffit?
774 546 869 584 Sunt
887 546 992 583 enim
1008 547 1137 584 omnia
1157 545 1223 583 ista
1242 559 1289 584 ex
1304 559 1474 584 errorum
1491 555 1572 584 orta
1591 546 1804 590 radicibus,
1826 560 1910 599 quae

524 610 717 649 evellenda
745 620 784 649 et
808 609 1038 649 extrahenda
1056 611 1222 663 penitus,
1244 624 1321 650 non
1340 611 1650 650 circumcidenda
1678 624 1748 649 nec
1767 625 1907 664 ampu-

526 675 638 714 tanda
658 675 758 714 sunt.

581 741 751 780 XXVII.
784 741 855 779 Sed
875 741 1058 793 quoniam
1078 740 1243 793 suspicor
1272 749 1309 778 te
1332 754 1409 779 non
1430 750 1508 779 tam
1527 742 1574 779 de
1593 741 1771 793 sapiente,
1792 755 1909 794 quam

525 807 572 845 de
592 816 628 844 te
646 806 726 858 ipso
746 819 925 858 quaerere,
963 807 1095 853 (illum
1114 807 1220 844 enim
1246 815 1355 858 putas
1385 807 1494 845 omni
1523 806 1808 859 perturbatione
1837 806 1909 844 effe

525 873 707 916 liberum,
733 880 769 909 te
787 871 862 923 vis)
884 871 1092 916 videamus,
1113 881 1254 923 quanta
1272 871 1358 916 sint,
1379 885 1465 924 quae
1483 885 1504 909 a
1521 869 1763 923 philosophia
1782 883 1907 908 reme-

524 937 587 975 dia
606 936 751 975 morbis
769 937 987 975 animorum
1005 934 1267 974 adhibeantur.
1311 935 1378 974 Est
1395 936 1501 974 enirn
1520 935 1694 989 quaedam
1719 934 1910 973 medicina

524 1012 626 1040 certe
641 1021 653 1047 ς
685 1015 754 1040 nec
786 1010 865 1040 tam
883 1001 960 1040 fuit
989 1001 1196 1040 hominum
1215 1002 1345 1054 generi
1365 1000 1510 1040 infensa
1527 1011 1641 1054 atque
1662 1001 1820 1039 inimica
1839 1013 1906 1038 na-

525 1076 621 1113 tura,
642 1077 685 1106 ut
704 1068 927 1120 corporibus
959 1076 1016 1106 tot
1034 1080 1091 1106 res
1122 1067 1311 1111 salutares,
1341 1067 1479 1106 animis
1509 1067 1672 1110 nullam,
1706 1066 1905 1105 invenerit.

525 1134 587 1171 De
606 1133 746 1186 quibus
777 1131 851 1171 hoc
882 1133 997 1171 etiam
1017 1132 1069 1171 est
1087 1133 1223 1171 merita
1247 1133 1399 1178 melius,
1429 1131 1534 1185 quod
1563 1144 1767 1185 corporum
1797 1131 1906 1183 adju-

524 1207 656 1237 menta
675 1197 903 1236 adhibentur
914 1198 1158 1242 extrinsecus,
1179 1199 1397 1236 animorum
1413 1197 1508 1236 salus
1523 1197 1667 1235 inclusa
1685 1196 1725 1234 in
1740 1195 1801 1234 his
1821 1196 1906 1249 ipsis

524 1263 589 1302 est.
612 1263 684 1301 Sed
703 1276 780 1315 quo
799 1263 920 1314 major
938 1262 990 1300 est
1009 1263 1049 1300 in
1066 1263 1120 1300 eis
1139 1263 1349 1314 praestantia
1367 1272 1406 1300 et
1425 1262 1601 1308 divinior,
1620 1276 1664 1300 eo
1684 1263 1825 1314 majore
1845 1262 1906 1300 in-

523 1328 656 1381 digent
674 1327 883 1381 diligentia.
929 1327 1062 1379 Itaque
1082 1326 1176 1364 bene
1207 1325 1378 1365 adhibita
1402 1327 1496 1364 ratio
1526 1326 1660 1371 cernit,
1690 1326 1785 1379 quid
1802 1327 1905 1379 opti-

523 1407 636 1432 mum
655 1392 726 1437 sit3
757 1392 938 1444 neglecta,
960 1391 1094 1430 multis
1114 1391 1336 1444 implicatur
1349 1391 1551 1430 erroribus.

579 1459 642 1497 Ad
661 1467 698 1496 te
717 1457 836 1511 igitur
855 1457 954 1496 mihi
968 1458 1050 1510 jam
1069 1457 1323 1496 convertenda
1347 1457 1473 1496 omnis
1492 1457 1613 1496 oratio
1631 1456 1698 1497 est.
1743 1456 1906 1496 SImulas

523 1525 628 1563 enlm
647 1536 812 1577 quaerere
831 1531 868 1560 te
887 1523 932 1561 de
948 1522 1110 1576 sapiente
1121 1541 1132 1568 ς
1155 1523 1290 1575 quaeris
1309 1533 1436 1561 autem
1453 1522 1599 1562 fortaffe
1619 1523 1665 1562 de
1680 1532 1730 1562 te.
1762 1523 1906 1562 Earum

525 1590 643 1642 igitur
661 1588 1004 1642 perturbationum,
1019 1600 1110 1640 quas
1130 1587 1299 1641 exposui,
1318 1589 1426 1626 variae
1442 1588 1527 1626 sunt
1542 1589 1770 1626 curationes.
1801 1588 1906 1626 Nam

524 1668 647 1706 neque
667 1653 793 1691 omnis
814 1653 996 1705 aegritudo
1016 1652 1091 1691 unzi
1111 1653 1254 1691 ratione
1276 1652 1433 1690 sedatur.
1464 1653 1553 1690 Alia
1571 1652 1623 1690 est
1641 1653 1746 1690 enim
1768 1651 1904 1704 lugen-

524 1721 568 1764 ti,
599 1719 669 1756 alia
688 1718 892 1762 miseranti,
923 1717 994 1755 alia
1012 1717 1212 1762 invidenti,
1240 1716 1452 1756 adhibenda
1471 1718 1673 1756 medicina.
1706 1717 1772 1754 Est
1790 1717 1905 1755 etiam

524 1785 562 1822 in
582 1783 765 1822 omnibus
795 1791 957 1835 quatuor
985 1782 1334 1835 perturbationibus
1364 1782 1431 1820 illa
1460 1782 1664 1826 disiinffio,
1700 1780 1828 1820 utrum
1859 1782 1905 1820 ad

523 1849 734 1887 universam
754 1847 1094 1901 perturbationem,
1124 1860 1208 1899 quae
1227 1847 1279 1885 est
1303 1846 1510 1901 aspernatio
1532 1847 1686 1885 rationis
1706 1855 1770 1885 aut
1789 1859 1904 1899 appe-

523 1915 616 1952 titus
641 1913 916 1957 vehementior,
946 1927 990 1950 an
1012 1913 1057 1950 ad
1075 1912 1251 1965 singulas,
1282 1922 1325 1951 ut
1344 1913 1390 1950 ad
1411 1922 1574 1957 metum,
1596 1911 1812 1956 libidinem,
1844 1925 1904 1950 re-

523 1979 718 2032 liquasque
736 1979 872 2017 melius
893 1977 1115 2016 adhibeatur
1134 1979 1280 2022 oratio;
1303 1988 1340 2016 et
1364 1977 1493 2016 utrum
1516 1978 1660 2016 illudne
1681 1991 1756 2016 non
1777 1978 1903 2016 videa-

522 2053 585 2095 tur
618 2057 713 2096 aegre
745 2042 957 2087 ferendum,
987 2056 1033 2081 ex
1063 2057 1140 2095 quo
1160 2043 1326 2096 suscepta
1356 2043 1399 2080 fit
1429 2043 1627 2095 aegritudo,
1658 2056 1702 2079 an
1725 2044 1902 2081 omnium

523 2123 648 2147 rerum
671 2108 837 2147 tollenda
856 2109 1016 2146 omnino
1035 2109 1219 2161 :egritudo
1237 2122 1246 2145 :
1278 2117 1320 2146 ut
1347 2108 1370 2145 si
1392 2108 1477 2160 quis
1498 2120 1593 2160 :egre
1615 2106 1723 2150 ferat,
1755 2107 1789 2145 se
1808 2122 1902 2161 pau-

523 2186 651 2227 perem
685 2173 768 2218 esse,
799 2172 887 2211 idne
919 2172 1097 2225 disputes,
1128 2181 1386 2226 paupertatem
1423 2172 1569 2210 malum
1605 2185 1680 2210 non
1710 2171 1779 2210 effe
1800 2190 1811 2216 ;
1855 2186 1900 2211 an

523 2239 723 2277 hominem
752 2251 848 2290 aegrc
868 2237 962 2276 ferre
983 2237 1080 2275 nihil
1100 2246 1286 2290 oportere.
1318 2237 1518 2276 Nimirum
1540 2236 1613 2275 hoc
1643 2237 1780 2275 melius
1798 2252 1807 2275 :
1840 2251 1900 2282 ne,

521 2305 549 2343 si
570 2303 667 2342 forte
700 2304 745 2341 de
776 2313 991 2357 paupertate
1012 2317 1087 2341 non
1113 2303 1341 2356 persuascriS,
1372 2302 1416 2341 sit
1441 2302 1656 2355 aegritudini
1688 2303 1901 2341 conceden-

521 2369 615 2407 dum
636 2384 644 2407 :
677 2368 899 2421 aegritudine
918 2378 1043 2406 autem
1064 2368 1205 2407 sublata
1226 2368 1384 2421 propriis
1406 2369 1628 2412 rationibus,
1660 2368 1800 2421 quibus
1821 2367 1899 2406 heri

522 2435 573 2473 usi
597 2433 739 2479 sumus,
761 2434 927 2487 quodam
949 2433 1064 2472 modo
1082 2435 1196 2472 etiam
1217 2434 1442 2486 paupertatis
1464 2434 1608 2472 malum
1630 2433 1790 2473 tollitur.

576 2499 767 2538 XXVIII.
800 2499 870 2538 Sed
903 2499 1028 2537 omnis
1063 2499 1245 2551 ejusmodi
1268 2498 1513 2551 perturbatio,
1547 2499 1665 2538 animi
1692 2498 1900 2552 placatione

517 2563 696 2603 abluatur
716 2565 780 2603 illa
798 2565 969 2618 quidem,
1000 2578 1090 2603 cum
1111 2564 1257 2611 doceas,
1289 2578 1355 2602 nec
1377 2564 1522 2603 bonum
1544 2565 1640 2603 illud
1658 2563 1742 2609 esse,
1757 2577 1802 2603 ex
1822 2577 1899 2617 quo

2319 320 2330 480 ——u--m-›NI
2327 279 2330 302 .-
