2330 2983
613 250 890 290 LIBER
948 249 1380 303 QUINTUS.
1619 263 1697 304 209

298 352 462 391 excellat
480 351 578 398 aliis,
598 352 852 404 animumque
873 351 924 389 ita
943 351 1210 396 constitutum,
1233 361 1276 390 ut
1294 360 1332 389 et
1350 350 1511 390 senfibus
1533 351 1695 390 instruc-

298 428 362 457 tus
393 418 452 463 fit,
483 427 522 455 et
551 416 690 455 habeat
714 416 966 469 praestantiam
995 417 1151 461 mentis,
1184 417 1248 456 cui
1277 424 1356 454 tota
1374 416 1546 455 hominis
1568 427 1699 455 natura

299 493 439 537 pareat,
470 484 511 521 in
531 496 606 536 qua
625 483 670 521 fit
689 483 877 522 mirabilis
897 483 1073 536 quaedam
1103 483 1160 520 vis
1192 483 1362 527 rationis,
1392 492 1430 520 et
1449 485 1696 536 cognitionis,

297 560 339 589 et
368 550 546 595 scientiae,
577 550 844 602 virtutumque
863 550 1057 588 omnium.
1103 549 1209 587 Nam
1229 563 1314 601 quae
1335 549 1502 602 corporis
1523 549 1623 595 sunt,
1659 564 1700 588 ea

300 629 372 654 nec
391 616 654 654 auctoritatem
673 628 765 654 cum
785 615 905 653 animi
924 614 1096 667 partibus
1117 615 1428 668 comparandam,
1449 623 1487 653 et
1505 616 1698 667 cognitio-

301 695 393 720 nem
412 681 556 720 habent
575 680 803 720 faciliorem.
835 682 969 734 Itaque
989 680 1035 718 ab
1051 679 1116 718 *his
1133 680 1342 719 ordiamur.

359 749 541 802 Corporis
577 748 695 801 igitur
728 747 845 786 nostri
877 755 1015 800 partes,
1051 755 1209 800 totaque
1241 746 1377 800 figura,
1419 756 1457 785 et
1490 745 1628 792 forma,
1663 755 1702 785 et

303 814 455 859 statura,
484 828 601 867 quam
627 823 713 867 apta
732 815 778 852 ad
797 823 972 852 naturam
1000 813 1046 852 fit
1067 823 1246 867 apparet:
1277 827 1403 866 neque
1434 814 1488 852 est
1520 813 1701 857 dubium,

303 881 402 932 quin
421 880 541 926 frons,
572 881 692 926 oculi,
723 893 844 926 aures,
876 889 914 918 et
942 880 1098 932 reliquae
1118 889 1255 934 partes,
1286 880 1416 932 quales
1436 880 1598 933 propriae
1617 879 1705 918 sunt

305 945 492 991 hominis,
522 946 784 998 intelligatur:
821 946 884 984 sed
915 956 1018 985 certe
1056 959 1154 999 opus
1183 945 1237 984 est
1264 958 1307 983 ea
1339 945 1462 983 valere
1491 955 1529 983 et
1560 946 1702 998 vigere.

305 1012 492 1051 naturales
512 1021 640 1050 motus
663 1011 824 1065 ususque
856 1011 1009 1057 habere,
1041 1021 1084 1050 ut
1112 1025 1181 1050 nec
1201 1011 1295 1049 absit
1325 1011 1422 1063 quid
1447 1025 1597 1056 eorum,
1633 1024 1706 1049 nec

304 1091 451 1131 aegrum
471 1078 763 1116 debilitatumve
784 1077 842 1116 fit.
902 1077 948 1116 Id
976 1078 1083 1122 enim
1104 1086 1237 1115 natura
1255 1076 1448 1116 defiderat.
1500 1077 1567 1115 Est
1589 1077 1706 1115 etiam

303 1144 404 1182 actio
423 1144 599 1197 quaedam
617 1143 802 1196 corporis,
833 1155 919 1196 quae
940 1152 1069 1182 motus
1099 1152 1138 1182 et
1156 1142 1272 1182 status
1291 1152 1433 1183 naturae
1453 1151 1706 1196 congruentes

305 1218 412 1247 tenet
425 1227 438 1254 ;
469 1209 510 1247 in
529 1209 670 1262 quibus
690 1208 717 1247 fi
738 1217 916 1262 peccetur
935 1208 1157 1248 distortione
1175 1217 1214 1246 et
1232 1208 1499 1262 depravatione
1526 1209 1708 1261 quadam,

306 1285 373 1314 aut
401 1285 513 1314 motu
542 1276 685 1314 statuve
712 1274 892 1320 deformi,
926 1284 971 1313 ut
990 1275 1017 1314 fi
1043 1285 1109 1314 aut
1141 1275 1321 1314 manibus
1341 1275 1575 1328 ingrediatur
1604 1275 1707 1327 quis,

306 1352 373 1381 aut
394 1356 472 1381 non
490 1351 593 1388 ante,
623 1342 686 1380 sed
715 1351 847 1387 retro;
878 1340 1010 1395 fugere
1038 1342 1151 1395 plane
1177 1341 1324 1395 seipse,
1354 1351 1394 1379 et
1422 1340 1627 1380 hominem
1660 1354 1709 1379 ex

308 1408 469 1447 homine
487 1421 630 1447 exuens
650 1417 826 1446 naturam
845 1407 961 1446 odisse
981 1407 1166 1447 videatur.
1198 1407 1468 1459 Qamobrem
1497 1408 1614 1446 etiam
1634 1406 1708 1446 ses-

307 1474 427 1513 siones
462 1473 651 1527 quaedam‚
682 1482 721 1512 et
753 1473 843 1511 flexi
873 1471 1059 1525 fractique
1091 1481 1236 1517 motus,
1276 1473 1407 1525 quales
1442 1482 1710 1525 protervorum

308 1538 519 1578 hominum
530 1548 594 1577 aut
615 1537 798 1577 mollium
813 1537 884 1576 effe
898 1537 1033 1582 solent,
1047 1547 1180 1576 contra
1196 1546 1370 1576 naturam
1386 1537 1472 1576 sunt
1485 1556 1497 1583 ς
1515 1547 1572 1583 ut,
1593 1538 1711 1576 etiam

309 1607 336 1645 si
355 1605 477 1644 animi
497 1605 592 1643 vitio
611 1605 651 1643 id
667 1603 828 1649 eveniat,
850 1612 978 1642 tamen
991 1603 1030 1641 in
1051 1617 1209 1657 corpore
1229 1604 1429 1642 immutari
1448 1602 1620 1643 hominis
1641 1618 1709 1642 na-

308 1681 394 1710 tura
412 1671 596 1710 videatur.
634 1671 768 1723 Itaque
787 1684 808 1708 e
827 1671 1018 1708 contrario
1038 1669 1225 1708 moderati
1245 1670 1521 1722 aequabilesque
1540 1669 1711 1716 habitus,

307 1737 542 1782 affectiones,
563 1736 726 1789 ususque
745 1736 929 1788 corporis,
950 1745 1036 1789 apta
1055 1734 1127 1773 effe
1146 1735 1192 1774 ad
1212 1744 1388 1773 naturam
1408 1735 1600 1775 videntur.

364 1806 454 1856 Jam
477 1817 566 1841 vero
599 1804 749 1841 animus
781 1815 858 1840 non
891 1801 963 1840 effe
994 1801 1132 1846 solum,
1167 1801 1229 1840 sed
1259 1801 1377 1840 etiarn
1405 1801 1713 1854 cujusdammodi

309 1871 425 1909 debet
455 1869 540 1914 effe,
576 1878 620 1907 ut
639 1879 678 1907 et
707 1881 841 1907 omnes
862 1877 985 1921 partes
1005 1867 1143 1906 habeat
1172 1867 1403 1913 incolumes,
1431 1877 1470 1906 et
1489 1868 1536 1907 de
1555 1869 1712 1907 virtuti-

312 1939 385 1975 bus
406 1936 511 1974 nulla
529 1935 635 1974 defit.
694 1935 819 1987 Atqui
845 1935 885 1972 in
904 1933 1068 1973 sensibus
1088 1933 1141 1972 est
1159 1934 1223 1972 sua
1241 1934 1425 1987 cujusque
1445 1935 1579 1980 virtus,
1600 1943 1644 1973 ut
1665 1944 1713 1973 ne

311 2002 407 2056 quid
427 2001 627 2055 impediat,
649 2015 728 2054 quo
759 2002 889 2039 minus
909 2000 975 2039 suo
1006 2000 1129 2038 sensus
1150 2000 1312 2053 quisque
1342 2014 1500 2039 munere
1531 1999 1714 2054 fungatur

311 2071 352 2107 in
374 2070 419 2107 iis
438 2069 550 2107 rebus
571 2069 744 2107 celeriter
763 2067 1016 2121 expediteque
1035 2067 1307 2121 percipiendis,
1329 2080 1414 2120 quae
1434 2067 1608 2120 subjestae
1628 2067 1714 2106 sunt

311 2136 491 2174 sensibus.

369 2202 483 2240 XIII.
516 2201 652 2239 Animi
673 2210 816 2246 autem,
851 2210 889 2239 et
909 2201 989 2253 ejus
1016 2200 1136 2239 animi
1156 2200 1288 2254 partis,
1320 2213 1405 2253 quae
1437 2200 1614 2254 princeps
1646 2198 1713 2244 est,

313 2280 475 2320 quaeque
507 2281 616 2305 mens
648 2267 880 2312 nominatur,
919 2267 1045 2319 plures
1072 2267 1159 2305 sunt
1190 2267 1365 2312 virtutes,
1398 2267 1459 2305 sed
1483 2267 1561 2304 duo
1590 2267 1715 2319 prima

312 2347 473 2386 genera:
497 2346 619 2370 unum
639 2346 784 2378 earum,
807 2347 891 2385 quae
911 2335 1182 2386 ingenerantur
1201 2332 1331 2386 suapte
1351 2342 1495 2376 natura,
1518 2331 1714 2385 appellan-

316 2410 456 2452 turque
477 2412 552 2437 non
573 2399 820 2439 voluntariae:
853 2400 1016 2438 alterum
1036 2413 1181 2446 earum,
1214 2414 1312 2453 quae,
1349 2401 1387 2437 in
1416 2399 1611 2437 voluntate
1642 2412 1714 2451 po-

317 2467 406 2511 fitae,
442 2466 564 2519 magis
599 2467 752 2519 proprio
784 2467 942 2506 nomine
983 2467 1165 2520 appellari
1196 2467 1330 2510 solent,
1367 2478 1530 2517 quarum
1563 2465 1616 2502 est
1645 2478 1714 2503 ex-

316 2532 459 2570 cellens
486 2533 525 2569 in
559 2533 779 2571 animorum
800 2533 909 2571 laude
930 2533 1153 2586 praestantia.
1197 2533 1337 2571 Prioris
1358 2532 1506 2585 generis
1527 2531 1578 2570 est
1605 2530 1714 2569 doci-

318 2598 418 2644 litas,
433 2599 617 2637 memoria
631 2617 642 2643 ;
665 2613 750 2652 qua„¹
766 2598 844 2638 fere
858 2600 989 2639 omnia
1010 2599 1249 2653 appellantur
1266 2613 1343 2638 uno
1364 2599 1510 2650 ingenii
1531 2598 1717 2642 nomine5

419 2667 458 2704 T
472 2679 496 2704 0
513 2679 564 2704 M.
597 2666 651 2705 11.
1342 2666 1383 2703 D
1404 2665 1429 2703 d
