2330 2983
675 260 950 299 LIBER
1008 260 1431 300 TERTtus.
1683 275 1755 314 ¹55

350 362 445 415 quis
468 372 640 414 unquam
659 360 737 399 fuit
755 371 820 400 aut
840 362 992 400 avaritia
1007 371 1087 401 tam
1101 362 1261 407 ardenti,
1284 372 1348 402 aut
1375 371 1454 401 tam
1475 360 1665 400 effrenatis
1686 377 1755 401 cu-

350 426 599 480 piditatibus,
632 436 676 465 ut
705 428 864 466 eandem
896 428 1005 466 illam
1025 442 1122 473 rem,
1144 443 1262 481 quam
1289 429 1446 482 adipisci
1468 428 1601 467 scelere
1621 430 1755 482 quovis

352 493 462 539 velit,
494 506 572 532 non
593 493 728 532 multis
746 494 917 551 partibus
948 494 1059 532 malit
1079 494 1124 532 ad
1145 494 1230 539 sese,
1259 495 1376 532 etiam
1396 495 1505 533 omni
1526 495 1756 548 impunitate

356 559 559 613 proposita,
581 559 657 598 fine
675 558 856 604 facinore,
878 573 997 612 quam
1012 559 1082 597 illo
1104 560 1235 605 modo,
1257 560 1481 613 pervenire?

411 626 543 678 Qam
568 639 658 663 vero
689 625 913 671 utilitatem,
944 634 1009 664 aut
1029 639 1147 678 quem
1167 623 1338 664 fruetum
1358 633 1543 678 petentes,
1574 626 1665 663 scire
1685 640 1754 664 cu·-

353 692 501 744 pimus,
531 692 612 737 illa,
639 705 724 745 quae
743 693 896 730 occulta
916 692 1028 731 nobis
1049 692 1149 737 sunt,
1181 693 1250 745 qui
1271 701 1512 737 moveantur,
1543 692 1756 744 quibusque

350 757 403 796 de
420 759 538 797 causis
559 771 602 796 ea
621 758 812 797 versentur
831 759 872 796 in
891 759 984 797 caelo
1002 759 1015 795 ?
1048 758 1148 810 Qis
1168 768 1297 797 autern
1319 767 1399 797 tam
1418 758 1624 811 agrestibus
1646 758 1755 796 insti-

353 825 450 862 tutis
470 825 580 870 vivit,
607 833 673 863 aut
691 825 778 878 quis
797 834 930 864 contra
948 825 1070 864 studia
1098 834 1240 863 naturae
1262 834 1341 863 tam
1360 823 1609 863 vehementer
1627 824 1753 863 obdu-

356 891 448 936 ruit,
484 898 527 929 ut
546 904 567 929 a
586 891 697 929 rebus
717 891 876 944 cognitu
911 891 1037 944 dignis
1057 889 1272 935 abhorreat,
1299 887 1433 943 ea'sque
1465 890 1540 927 srne
1561 889 1757 943 voluptate

355 966 421 995 aut
440 956 606 994 utilitate
623 956 750 1009 aliqua
768 970 846 994 non
859 957 1040 1008 requirat,
1061 966 1099 994 et
1117 970 1187 1008 pro
1206 955 1330 995 nihilo
1342 966 1452 1009 putet
1470 956 1482 992 ?
1499 965 1564 994 aut
1584 956 1671 1007 quis
1689 956 1755 1000 est,

353 1022 425 1073 qui
445 1023 651 1074 majorum,
673 1031 738 1059 aut
758 1021 1046 1067 Africanorum,
1067 1030 1131 1060 aut
1150 1022 1245 1073 ejus,
1262 1035 1382 1074 quem
1402 1030 1444 1059 tu
1465 1021 1505 1059 in
1525 1033 1590 1058 ore
1610 1021 1756 1074 semper

353 1086 485 1132 habes,
507 1088 638 1140 proavi
657 1087 751 1130 mei,
786 1096 1088 1138 caeterorumque
1107 1087 1279 1124 virorum
1299 1086 1463 1124 fortium
1497 1095 1612 1138 atque
1645 1087 1754 1124 omni

355 1153 496 1191 virtute
515 1152 786 1206 praestantium,
809 1152 918 1197 faeta,
934 1151 1048 1198 dieta,
1064 1151 1220 1191 confilia
1239 1151 1485 1205 cognoscens,
1503 1151 1608 1189 nulla
1627 1152 1757 1190 animo

351 1219 541 1258 afficiatur
560 1219 756 1272 voluptate
772 1221 784 1256 ?

411 1286 512 1338 Qis
532 1295 661 1323 autem
680 1283 836 1323 honesta
862 1285 901 1322 in
923 1283 1070 1323 familia
1090 1284 1285 1322 institutus
1315 1293 1352 1322 et
1371 1284 1553 1321 educatus
1575 1284 1754 1335 ingenue,

357 1362 435 1388 non
455 1351 533 1403 ipsa
551 1351 807 1403 turpitudine,
837 1351 954 1388 etiam
986 1350 1012 1387 s1
1042 1363 1133 1388 eum
1160 1349 1290 1388 laesura
1313 1362 1390 1387 non
1423 1349 1483 1394 fit,
1514 1348 1754 1387 offenditur?

356 1417 444 1468 quis
479 1416 610 1454 animo
639 1429 751 1468 aequo
771 1416 874 1454 videt
893 1429 998 1460 eum,
1029 1429 1146 1468 quem
1178 1415 1331 1468 impure
1360 1428 1402 1452 ac
1434 1414 1616 1467 flagitiose
1648 1423 1757 1467 putet

358 1483 482 1521 vivere
500 1484 513 1520 ?
544 1483 631 1534 quis
651 1495 729 1519 non
749 1482 832 1520 odit
853 1482 1034 1525 sordidos,
1054 1494 1186 1525 vanos,
1216 1481 1330 1523 leves,
1353 1480 1482 1518 futiles
1502 1482 1514 1517 ?
1547 1481 1656 1531 Qid
1687 1494 1755 1517 au-

355 1557 438 1587 tem
459 1548 536 1586 dici
555 1548 709 1601 poterit,
728 1547 753 1585 fi
775 1547 1056 1600 turpitudinem
1077 1560 1155 1585 non
1168 1546 1287 1599 ipsam
1307 1559 1375 1598 per
1394 1546 1429 1584 se
1447 1545 1670 1598 fugiendam
1686 1546 1757 1584 effe

355 1613 611 1659 statuerimus,
646 1626 725 1665 quo
745 1613 876 1651 minus
895 1612 1074 1651 homines
1095 1612 1266 1651 tenebras
1301 1621 1339 1650 et
1359 1611 1607 1650 solitudinem
1641 1612 1755 1656 nad'ti,

354 1679 467 1718 nullo
485 1679 668 1718 dedecore
689 1679 725 1717 se
758 1679 981 1724 abstineant,
1013 1678 1082 1717 nifi
1101 1691 1164 1718 eos
1195 1691 1262 1731 per
1281 1677 1317 1715 se
1336 1676 1510 1716 foeditate
1540 1677 1606 1715 sua
1631 1678 1756 1730 turpi-

355 1745 451 1784 tudo
469 1745 547 1798 ipsa
563 1745 749 1783 deterreat
768 1745 781 1782 ?
813 1744 1116 1785 Innumerabilia
1134 1743 1213 1782 dici
1233 1742 1384 1796 poffunt
1404 1743 1444 1780 in
1473 1741 1572 1780 hanc
1604 1742 1756 1781 senten-

355 1811 448 1849 tiam
466 1829 478 1856 ς
509 1811 571 1849 sed
591 1824 668 1849 non
687 1810 830 1849 neceffe
849 1811 913 1849 est.
973 1809 1090 1849 Nihil
1111 1809 1163 1848 est
1181 1810 1302 1854 enim,
1323 1809 1370 1847 de
1390 1822 1469 1862 quo
1488 1809 1618 1847 minus
1639 1808 1755 1847 dubi-

357 1878 426 1916 tari
445 1877 571 1931 poffit,
604 1891 722 1930 quarn
741 1886 781 1915 et
799 1876 956 1915 honesta
975 1876 1186 1931 expetenda
1215 1889 1283 1929 per
1314 1875 1363 1921 se,
1400 1884 1439 1914 et
1468 1874 1605 1914 eodem
1639 1874 1758 1914 modo

357 1944 483 1997 turpia
501 1957 568 1997 per
588 1944 623 1981 se
642 1942 711 1982 esse
732 1942 926 1996 fugienda.

411 2010 632 2049 Constituto
665 2019 793 2048 autern
824 2009 908 2054 illo,
940 2009 986 2047 de
1005 2023 1084 2062 quo
1104 2017 1190 2047 ante
1210 2008 1396 2053 diximus,
1424 2006 1529 2060 quod
1551 2005 1756 2045 honestum

355 2076 414 2121 fit,
449 2076 489 2114 id
509 2075 580 2114 effe
600 2075 723 2114 solum
743 2075 891 2113 bonum
908 2094 920 2120 ;
951 2075 1118 2128 intelligi
1153 2074 1296 2113 neceffe
1329 2074 1394 2119 est,
1426 2073 1545 2126 pluris
1567 2073 1620 2118 id,
1652 2072 1756 2125 quod

354 2141 560 2180 honestum
581 2142 639 2187 sit,
660 2141 926 2180 aestimandum
942 2141 1026 2187 effe,
1043 2155 1160 2194 quam
1178 2141 1244 2179 illa
1260 2141 1399 2185 media,
1417 2153 1502 2192 quae
1517 2152 1563 2177 ex
1579 2153 1624 2176 eo
1643 2152 1755 2176 com-

354 2217 547 2261 parentur.
571 2208 784 2246 stultitiam
804 2217 948 2253 autem,
970 2218 1007 2246 ct
1029 2208 1296 2252 temeritatem,
1318 2216 1356 2245 et
1376 2205 1616 2258 injustitiam,
1639 2214 1675 2242 et
1692 2205 1755 2242 in-

357 2274 650 2326 temperantiam
669 2287 762 2311 cum
783 2274 949 2312 dicimus
969 2274 1040 2312 effe
1061 2273 1242 2327 fugienda
1261 2282 1416 2326 propter
1435 2284 1494 2309 eas
1516 2284 1586 2314 res,
1604 2283 1688 2322 quae
1708 2281 1756 2307 ex

357 2338 445 2391 ipsis
465 2340 653 2384 eveniant,
676 2353 751 2377 non
788 2340 839 2377 ita
859 2340 1040 2386 dicimus,
1075 2350 1118 2378 ut
1139 2353 1230 2377 cum
1262 2338 1344 2382 illo,
1377 2336 1481 2390 quod
1501 2336 1667 2389 positum
1687 2334 1753 2378 est,

358 2405 491 2443 Solum
513 2405 550 2442 id
568 2405 639 2443 effe
659 2407 821 2451 malum,
845 2407 948 2459 quod
970 2416 1081 2460 turpe
1101 2406 1159 2451 fit,
1189 2405 1270 2444 haec
1291 2416 1459 2457 pugnare
1479 2401 1650 2439 videatur
1669 2414 1753 2439 ora-

358 2472 412 2509 tio
427 2490 438 2516 5
461 2482 656 2524 propterea
671 2473 775 2524 quod
795 2486 838 2510 ea
858 2486 934 2511 non
955 2473 1001 2511 ad
1021 2473 1190 2526 corporis
1211 2469 1507 2510 incommodum
1524 2466 1753 2511 referuntur,

357 2537 417 2576 sed
438 2538 484 2576 ad
505 2547 633 2590 turpes
653 2538 830 2585 actiones,
866 2553 950 2592 quae
970 2540 1146 2578 oriuntur
1165 2552 1185 2577 e
1206 2538 1323 2576 vitiis.
1370 2537 1476 2587 Qas
1503 2535 1607 2573 enim
1627 2533 1754 2573 Graeci

355 2606 485 2649 καικίας
503 2604 710 2658 appellant,
730 2605 822 2644 vitia
842 2605 957 2652 malo,
979 2619 1096 2659 quam
1118 2604 1296 2648 malitias,
1320 2602 1529 2641 nominare.

1391 2668 1427 2703 V
1465 2680 1486 2706 2
