2330 2983
746 316 1347 356 LUCULLUS.
1728 329 1776 368 3,-

372 408 574 453 ‘videatur3
606 421 724 460 quam
755 417 798 446 ut
817 409 986 448 maxime
1014 410 1215 454 inveneris,
1249 409 1373 462 (quod
1393 408 1493 447 haud
1514 408 1603 453 scio,
1631 421 1677 446 an
1699 421 1776 446 non

373 474 508 528 poffis)
531 487 608 512 non
629 483 671 512 tu
697 488 831 512 verum
852 474 983 513 testem
1004 473 1156 520 habere,
1178 475 1240 513 sed
1260 489 1352 513 eum
1372 489 1450 513 non
1481 475 1557 513 fine
1576 474 1683 513 causa
1700 472 1775 512 fal-

373 540 462 578 sum
483 539 748 578 testimonium
764 539 888 578 dicere
905 539 1124 578 ostenderis.

431 607 583 645 XXVI.
617 606 726 658 Qid
745 619 817 658 ego
836 605 882 643 de
902 606 988 644 navi
1005 606 1019 643 ?
1050 605 1130 644 vidi
1149 605 1255 644 enim
1276 619 1296 644 a
1315 615 1353 644 te
1369 619 1521 644 remum
1549 603 1747 643 contemni
1765 618 1773 641 :

372 672 521 724 majora
539 671 690 710 fortaffe
709 672 861 725 quaeris.
911 671 1020 724 Qid
1040 671 1161 725 potest
1180 671 1250 709 effe
1271 672 1347 710 sole
1367 672 1490 724 majus
1509 672 1522 708 ?
1554 684 1671 723 quem
1692 683 1775 707 ma-

373 737 578 777 thematici
597 737 762 791 amplius
783 738 1051 791 duodeviginti
1070 738 1242 791 partibus
1258 738 1488 776 confirmant
1509 738 1696 789 majorem
1708 735 1777 773 ess‘c

374 817 495 856 quam
516 813 668 842 terram.
709 804 931 856 Qantulus
952 804 1063 842 nobis
1083 804 1261 842 videtur?
1283 803 1383 842 mihi
1404 803 1564 856 quidem
1585 801 1686 854 quasi
1706 813 1775 854 pe-

371 870 485 908 dalis.
508 870 700 922 Epicurus
717 879 845 908 autem
865 869 966 923 posse
985 879 1095 922 putat
1109 870 1225 908 etiam
1240 871 1434 908 minorem
1450 868 1520 907 effe
1537 882 1640 913 eum,
1658 880 1776 919 quam

373 935 560 981 videatur,
583 936 644 974 sed
664 949 742 974 non
761 935 890 974 multo
908 951 916 974 z
940 950 988 974 ne
1008 937 1193 988 majorem
1213 937 1371 988 quidem
1392 935 1518 973 multo
1548 942 1657 987 putat
1677 932 1746 971 effe
1762 950 1774 976 ;

373 1001 434 1039 vel
455 1010 609 1040 tantum
629 1000 712 1046 effe,
746 1011 913 1053 quantus
934 1001 1126 1040 videatur:
1164 1011 1207 1039 ut
1223 1002 1330 1039 oculi
1361 1010 1426 1038 aut
1455 999 1570 1044 nihil,
1606 1008 1670 1041 aut
1698 1012 1777 1036 non

372 1067 562 1113 multum,
578 1067 828 1107 mentiantur.
858 1067 939 1105 Ubi
955 1068 1076 1120 igitur
1093 1067 1192 1105 illud
1211 1067 1426 1120 est,ſs›mel?
1449 1066 1520 1104 Sed
1538 1065 1585 1104 ab
1600 1064 1675 1104 hoc
1691 1078 1775 1103 cre-

373 1132 482 1178 dulo,
517 1134 586 1186 qui
606 1146 807 1185 nunquam
838 1133 962 1171 sensus
996 1133 1152 1172 mentiri
1182 1142 1307 1186 putat,
1338 1132 1598 1171 discedamus:
1634 1132 1703 1184 qui
1729 1145 1777 1170 ne

372 1212 478 1237 nunc
499 1199 658 1252 quidem
679 1208 802 1251 putat,
833 1213 926 1237 cum
946 1199 1012 1236 ille
1029 1199 1098 1244 sol,
1121 1199 1189 1252 qui
1209 1208 1312 1237 tanta
1330 1199 1555 1237 incitatione
1574 1197 1708 1242 fertur,
1733 1207 1776 1236 ut

369 1264 544 1303 celeritas
575 1265 656 1317 ejus
677 1274 819 1317 quanta
838 1264 883 1302 fit
912 1278 960 1302 ne
979 1265 1140 1317 cogitari
1165 1264 1326 1317 quidem
1347 1264 1472 1317 poffit‚
1504 1273 1633 1302 tamen
1664 1263 1775 1302 nobis

373 1329 467 1369 stare
486 1331 673 1369 videatur.

429 1396 516 1440 Sed,
539 1405 582 1433 ut
602 1396 777 1433 minuam
797 1396 1115 1440 controverfiam;
1150 1395 1290 1440 videte,
1318 1395 1457 1448 quaeso,
1488 1408 1606 1448 quam
1626 1396 1664 1434 in
1686 1409 1774 1449 par-

371 1461 475 1500 vulis
508 1461 600 1500 fitis.
660 1463 838 1513 Qatuor
868 1461 955 1499 sunt
985 1462 1121 1514 capita,
1157 1475 1242 1513 quae
1271 1462 1524 1506 concludunt,
1556 1460 1655 1499 nihil
1689 1463 1774 1507 effe,

371 1528 480 1580 quod
499 1527 617 1571 nosci,
647 1527 808 1579 percipi,
830 1526 1108 1579 comprehendi
1127 1527 1266 1578 poffit,‚;
1303 1527 1350 1564 de
1370 1541 1449 1579 quo
1467 1525 1550 1564 haec
1570 1536 1649 1565 tota
1668 1541 1773 1580 quae-

373 1593 444 1632 stio
463 1593 528 1631 est.
551 1593 585 1631 E
603 1592 744 1645 quibus
764 1593 938 1645 primum
957 1592 1023 1637 est,
1043 1591 1114 1630 effe
1134 1592 1291 1645 aliquod
1310 1592 1435 1631 visum
1451 1591 1613 1631 falsum:
1637 1593 1774 1632 secun-

372 1660 484 1705 dum,
502 1672 579 1697 non
595 1658 696 1712 poffe
715 1659 754 1697 id
774 1659 946 1712 percipi:
981 1659 1154 1704 tertium,
1175 1659 1276 1698 inter
1295 1673 1380 1712 quae
1401 1659 1476 1697 visa
1495 1658 1594 1697 nihil
1614 1660 1773 1706 interfit,

371 1725 454 1764 fieri
474 1739 552 1764 non
571 1724 686 1778 poffe,
723 1735 767 1764 ut
786 1739 921 1764 eorum
948 1725 1020 1763 alia
1049 1726 1195 1779 percipi
1225 1726 1379 1778 poffint,
1411 1725 1482 1763 alia
1502 1739 1582 1764 non
1599 1727 1739 1779 poffint
1760 1741 1772 1766 z

369 1802 568 1845 quartum,
605 1792 760 1831 nullum
779 1792 850 1830 effe
877 1791 1003 1831 visum
1023 1805 1158 1830 verum
1184 1806 1204 1830 a
1230 1792 1336 1831 sensu
1355 1791 1587 1845 profectum,
1609 1793 1673 1831 cui
1693 1807 1773 1832 non

369 1858 586 1911 appositum
617 1857 662 1896 fit
695 1858 820 1898 visum
845 1857 964 1903 aliud,
994 1858 1100 1910 quod
1125 1858 1173 1897 ab
1203 1871 1248 1897 eo
1273 1856 1374 1896 nihil
1401 1857 1560 1903 interfit,
1591 1858 1774 1912 quodque

371 1924 517 1977 percipi
536 1937 615 1962 non
635 1923 761 1976 poffit.

426 1989 585 2028 Horum
618 1998 783 2041 quatuor
816 1988 988 2042 capitum
1019 1988 1233 2027 secundum
1265 1997 1304 2027 et
1329 1987 1488 2027 tertium
1519 2001 1653 2027 omnes
1674 2001 1769 2027 con·

367 2055 527 2094 cedunt.
569 2055 749 2094 Primum
770 2056 966 2107 Epicurus
987 2069 1065 2093 non
1086 2056 1163 2094 dat.
1195 2055 1290 2100 Vos,
1313 2054 1546 2107 quibuscum
1567 2067 1623 2093 res
1643 2054 1709 2101 est,
1730 2055 1770 2093 id

368 2134 525 2174 quoque
544 2120 770 2160 conceditis.
804 2122 947 2159 Omnis
966 2134 1096 2174 pugna
1114 2121 1160 2159 de
1181 2129 1316 2173 quarto
1335 2120 1401 2159 est.

423 2187 509 2240 Qi
538 2187 658 2240 igitur
688 2188 733 2226 P.
757 2187 960 2226 Servilium
995 2187 1214 2226 Geminum
1244 2187 1411 2232 videbat,
1447 2186 1475 2225 fi
1506 2186 1704 2239 Qintum
1733 2186 1770 2226 se

368 2253 495 2292 videre
514 2254 687 2307 putabat,
708 2254 901 2293 incidebat
926 2254 966 2292 in
1001 2253 1188 2306 ejusmodi
1217 2253 1356 2299 visum,
1389 2253 1494 2306 quod
1512 2254 1659 2307 percipi
1690 2267 1768 2292 non

370 2319 488 2372 pofl‘et
503 2338 515 2365 ;
538 2320 628 2372 quia
642 2320 750 2359 nulla
768 2320 859 2358 nota
872 2330 1005 2359 verum
1021 2319 1322 2373 distinguebatur
1342 2333 1362 2358 a
1377 2319 1470 2358 falso
1488 2334 1496 2358 :
1519 2333 1594 2372 qua
1608 2319 1768 2358 distinc-

369 2386 475 2423 tione
506 2385 665 2431 sublata,
697 2399 814 2438 quam
848 2385 1004 2424 haberet
1035 2386 1098 2424 M.
1122 2387 1252 2431 Cotta,
1287 2386 1355 2438 qui
1386 2385 1444 2423 bis
1476 2399 1567 2423 cum
1596 2385 1769 2425 Gemino

369 2450 515 2489 Consul
550 2450 640 2496 suit,
670 2452 906 2505 agnoscendo
938 2452 1125 2504 ejufinodi
1161 2461 1308 2498 notam,
1353 2465 1436 2504 quae
1469 2450 1560 2488 falsa
1588 2449 1658 2488 effe
1688 2463 1768 2490 non

365 2517 510 2570 poffit?
534 2518 662 2569 Negas
677 2527 823 2557 tantam
836 2518 1129 2557 fimilitudinem
1149 2519 1189 2557 in
1210 2532 1336 2557 rerum
1356 2527 1488 2556 natura
1506 2515 1590 2555 effe.
1613 2517 1767 2569 Pugnas

364 2583 544 2628 omnino,
574 2583 637 2622 sed
656 2597 748 2623 cum
767 2585 974 2623 adversario
993 2584 1113 2624 facili.
1145 2585 1209 2623 Ne
1229 2584 1274 2622 fit
1295 2583 1392 2622 sane.
1425 2583 1559 2622 Videri
1576 2591 1678 2621 certe
1693 2596 1767 2636 po-

364 2648 452 2689 test.
483 2649 609 2690 Fallet
626 2649 747 2704 igitur
778 2650 927 2691 sensum
943 2668 955 2697 ς
985 2659 1024 2690 et
1043 2650 1069 2690 fi
1103 2663 1178 2694 una
1197 2648 1376 2690 fefellerit
1396 2648 1621 2696 similitudo,
1651 2648 1769 2688 dubia

1383 2715 1417 2755 E
1442 2727 1465 2756 2
