2330 2983
657 265 934 305 LIBER
992 265 1430 317 QUARTUS.
1670 285 1744 327 175

342 369 521 408 omnium
540 369 680 407 artium
699 368 730 406 is
751 367 838 406 finis
858 367 960 413 effet,
979 369 1074 420 quid
1094 378 1228 407 natura
1242 369 1412 408 maxime
1425 380 1622 422 quaereret,
1637 372 1744 413 idem

341 436 453 474 statui
474 434 609 473 debere
629 434 675 472 de
696 435 812 472 totius
834 444 911 472 arte
930 434 1044 472 vitae?
1077 449 1123 472 an
1144 435 1264 486 quod,
1287 449 1378 473 cum
1400 437 1531 475 animo
1551 439 1742 478 constare-

341 513 428 538 mus
458 509 497 537 et
527 512 699 552 corpore,
731 509 769 536 et
788 497 871 537 haec
904 499 996 551 ipsa,
1027 507 1065 537 et
1091 513 1226 537 eorum
1252 500 1411 539 virtutes
1431 515 1497 553 per
1522 502 1558 540 se
1587 504 1658 542 effe
1679 506 1742 543 su-

340 566 497 605 mendas
517 565 530 602 ?
561 579 607 603 an
628 578 717 603 vero
735 564 932 617 displicuit
951 578 1006 609 ea,
1034 579 1120 617 quae
1140 565 1285 603 tributa
1303 566 1356 604 est
1377 568 1498 604 animi
1519 569 1742 616 virtutibus,

339 639 443 670 tanta
473 630 714 684 praestantia?
745 644 792 668 an
824 644 910 682 quae
945 631 992 669 de
1022 630 1239 683 prudentia,
1270 631 1316 669 de
1345 633 1568 685 cognitione
1599 649 1743 682 rerum,

339 698 386 735 de
405 697 676 751 conjunetione
696 697 844 749 generis
864 696 1042 742 humani,
1074 711 1237 750 quaeque
1267 697 1314 736 ab
1344 699 1485 737 eisdem
1517 700 1563 737 de
1593 710 1744 754 tempe-

341 765 475 809 rantia,
507 765 553 802 de
575 763 771 808 modestia,
802 764 848 801 de
880 765 1147 817 magnitudine
1177 765 1313 810 animi,
1344 765 1389 803 de
1410 766 1520 804 omni
1551 766 1745 808 honestate

340 830 554 868 dicuntur?
600 829 840 868 Fatebuntur
874 830 1005 874 Stoici,
1034 829 1116 868 haec
1151 831 1284 868 omnia
1315 831 1416 870 dicta
1443 832 1512 870 esse
1552 834 1742 885 praeclare.

339 896 482 948 Neque
499 896 605 934 enim
623 909 707 934 eam
726 893 875 934 causam
897 896 1049 934 Zenoni
1068 895 1298 935 desciscendi
1318 896 1451 936 suifl‘e:
1474 897 1545 936 alia
1567 900 1744 952 quaedam

339 961 485 1001 dicent.

393 1027 537 1072 Credo,
567 1040 704 1080 magna
738 1027 987 1079 antiquorum
1007 1027 1078 1065 effe
1108 1037 1276 1080 peecata,
1305 1042 1390 1081 quar.
1418 1029 1484 1067 ille
1510 1031 1586 1068 veri
1616 1032 1743 1071 inves-

337 1093 485 1146 tigandi
504 1093 666 1145 cupidus
686 1093 797 1131 nullo
822 1093 941 1131 modo
961 1092 1057 1130 ferre
1087 1094 1270 1146 potuerit.
1335 1096 1444 1146 Qid
1463 1096 1568 1134 enim
1588 1111 1742 1150 perver-

337 1159 426 1204 sius,
456 1159 552 1211 quid
580 1158 876 1204 intolerabilius,
903 1159 999 1211 quid
1027 1159 1195 1204 stultius,
1225 1173 1344 1212 quam
1371 1161 1514 1200 bonam
1550 1163 1742 1202 valetudi-

336 1237 442 1269 nem,
472 1237 589 1276 quam
622 1224 800 1262 dolorum
831 1225 1012 1263 omniurn
1044 1226 1292 1270 vacuitatem,
1324 1240 1441 1278 quam
1478 1227 1741 1281 integritatem

336 1290 540 1328 oculorum
563 1289 878 1341 reliquorumque
898 1289 1076 1328 sensuum
1097 1304 1236 1342 ponere
1256 1291 1296 1328 in
1319 1292 1444 1336 bonis,
1472 1294 1601 1345 potius
1622 1308 1741 1346 quam

337 1354 476 1399 dicere,
507 1353 607 1392 nihil
627 1355 788 1392 omnino
808 1355 908 1392 inter
927 1368 986 1393 eas
1006 1368 1062 1392 res
1083 1354 1204 1407 iisque
1220 1357 1425 1394 contrarias
1448 1357 1618 1395 interesse
1638 1360 1650 1395 ?
1683 1361 1740 1397 Ea

337 1421 444 1458 enim
463 1420 607 1464 omnia,
639 1433 725 1472 quae
758 1419 818 1458 illi
844 1421 944 1459 bona
966 1420 1151 1466 dicerent,
1182 1424 1378 1474 praeposita
1397 1423 1482 1468 effe,
1513 1437 1591 1462 non
1609 1425 1708 1463 bona
1727 1440 1737 1464 :

337 1486 511 1537 itemque
531 1484 610 1530 illa,
640 1498 724 1537 quae
755 1485 794 1523 in
822 1499 978 1538 corpore
1008 1487 1254 1531 excellerent,
1285 1487 1398 1525 stulte
1434 1489 1612 1541 antiquos
1647 1492 1739 1529 dix·

337 1551 401 1589 iss'e
421 1564 487 1604 per
505 1550 541 1588 se
560 1550 630 1588 esse
649 1551 860 1602 expetenda
875 1569 887 1595 ;
921 1560 958 1588 et
988 1551 1172 1589 sumenda
1198 1552 1342 1604 potius,
1374 1567 1492 1605 quam
1511 1557 1736 1608 expetenda.

336 1615 560 1666 Eademque
593 1614 640 1652 de
670 1615 779 1652 omni
810 1615 900 1660 vita,
932 1629 1018 1667 quae
1037 1617 1079 1655 in
1100 1629 1174 1655 una
1193 1611 1334 1656 virtute
1354 1619 1596 1658 consisteret:
1629 1621 1739 1661 illam

335 1683 466 1725 vitam,
497 1694 583 1732 quae
602 1681 718 1718 etiam
739 1681 882 1719 caeteris
909 1683 1037 1728 rebus,
1059 1697 1145 1736 quae
1164 1683 1280 1722 effent
1306 1684 1517 1723 secundum
1544 1696 1735 1734 naturam,

334 1747 554 1792 abundaret,
588 1747 710 1799 magis
741 1748 994 1800 expetendam
1026 1763 1105 1787 non
1131 1749 1220 1795 effe,
1247 1749 1310 1788 sed
1335 1751 1456 1802 magis
1493 1752 1733 1793 sumendam.

333 1815 517 1865 Cumque
542 1813 620 1866 ipsa
638 1813 758 1851 virtus
779 1813 919 1852 efficiat
938 1815 992 1852 ita
1011 1815 1159 1854 beatam
1181 1816 1313 1861 vitam,
1335 1826 1378 1854 ut
1403 1817 1547 1856 beatior
1566 1819 1636 1856 effe
1657 1834 1737 1859 non

331 1879 456 1932 possit,
488 1889 616 1918 tamen
644 1879 818 1932 quaedam
845 1880 963 1919 deeffe
993 1881 1239 1934 sapientibus,
1275 1892 1375 1928 tum,
1412 1897 1504 1922 eum
1536 1885 1622 1922 sunt
1643 1886 1734 1924 bea-

331 1944 462 1983 tiffimi
480 1959 488 1982 :
521 1945 650 1997 itaque
669 1959 732 1983 eos
753 1945 793 1983 id
813 1959 933 1999 agere,
967 1956 1010 1985 ut
1030 1960 1050 1984 a
1070 1947 1105 1985 se
1122 1948 1284 1994 dolores,
1316 1949 1488 1995 morbos,
1517 1951 1733 1991 debilitates

330 2011 528 2063 repellant.

391 2077 464 2115 IX.
497 2077 534 2114 O
570 2089 751 2129 magnam
785 2077 866 2115 vim
900 2078 1060 2131 ingenii,
1091 2079 1321 2133 causamque
1342 2081 1498 2133 justam,
1534 2096 1602 2120 cur
1636 2097 1732 2121 nova

329 2140 503 2180 existeret
519 2141 742 2194 disciplina!
766 2143 885 2194 Perge
906 2156 1032 2196 porro.
1066 2145 1280 2197 Sequemur
1299 2147 1420 2191 enim,
1442 2161 1526 2199 quae
1545 2157 1586 2185 tu
1606 2148 1731 2186 scien-

329 2207 466 2245 tiffime
500 2207 726 2260 complexus
760 2221 814 2253 es,
850 2222 1011 2247 omnem
1037 2210 1294 2263 infipientiam
1325 2222 1363 2249 et
1383 2213 1623 2265 injustitiam,
1661 2214 1732 2251 alia

327 2273 421 2311 vitia
440 2273 577 2311 fimilia
595 2273 678 2318 effe,
700 2275 907 2326 omniaque
927 2286 1082 2327 peccata
1100 2276 1170 2315 effe
1189 2278 1305 2330 paria,
1326 2279 1477 2330 eosque,
1510 2280 1577 2331 qui
1597 2290 1730 2317 natura

328 2338 574 2390 doctrinaque
604 2339 716 2392 longe
737 2340 782 2378 ad
803 2340 983 2379 virtutem
1004 2342 1272 2394 proceffiffent‚
1294 2344 1362 2382 nisi
1383 2358 1466 2382 eam
1487 2345 1601 2397 plene
1631 2358 1728 2383 con-

328 2404 444 2442 secuti
465 2405 594 2450 ess‘ent‚
625 2406 773 2444 summe
806 2406 877 2445 effe
903 2408 1071 2454 miseros,
1104 2423 1228 2462 neque
1256 2411 1355 2448 inter
1381 2425 1513 2449 eorum
1544 2413 1662 2449 vitam
1689 2422 1728 2450 et

327 2471 697 2523 improbiffimorum
727 2473 941 2526 quidquam
969 2476 1131 2514 omnino
1160 2477 1358 2514 interesse:
1383 2486 1425 2514 ut
1453 2478 1574 2522 Flam,
1598 2488 1726 2516 tantus

326 2536 393 2575 ille
423 2537 493 2581 vir,
536 2537 560 2575 si
589 2537 731 2590 sapiens
761 2553 837 2577 non
872 2539 1001 2586 fuerit,
1034 2540 1159 2579 nihilo
1190 2543 1328 2580 melius
1350 2556 1467 2594 quam
1489 2545 1615 2595 quivis
1647 2545 1724 2582 im-

325 2603 584 2657 probiffimu5‚
614 2618 683 2644 nec
716 2604 876 2653 beatius,
907 2607 1058 2647 vixerit.
1118 2608 1216 2648 Haec
1249 2608 1427 2649 videlicet
1459 2610 1510 2648 est
1541 2611 1725 2656 correctio
