2330 2983
556 255 631 304 164
973 250 1077 289 DE
1134 249 1516 291 F1N113Us

549 350 683 389 natur-a
701 347 895 401 consequi,
929 357 972 386 ut
991 361 1243 388 communem
1264 349 1472 388 utilitatem
1491 349 1624 389 nostrae
1652 357 1943 405 anteponamus.

549 418 607 454 Ut
626 416 731 454 enim
761 415 861 466 leges
892 414 1071 454 omnium
1101 415 1260 454 salutem
1280 415 1517 468 singulorum
1537 416 1647 455 saluti
1674 426 1911 470 anteponunt
1927 436 1942 463 ς

547 481 597 519 fic
616 482 672 519 vir
693 481 830 524 bonus,
852 489 889 518 et
910 479 1068 533 sapiens,
1095 490 1133 519 et
1152 481 1302 534 legibus
1322 495 1469 534 parens,
1499 491 1538 520 et
1563 482 1688 521 civilis
1717 483 1838 522 officii
1863 496 1942 522 non

546 547 714 599 ignarus,
734 546 892 584 utilitati
910 546 1090 585 omnium
1109 546 1196 599 plus
1217 561 1334 599 quam
1356 549 1467 586 unius
1487 548 1648 602 alicujus
1668 558 1734 588 aut
1752 549 1826 588 suae
1845 562 1944 587 con-

545 611 648 650 sulit.
680 613 767 651 Nec
787 613 909 664 magis
940 612 1209 665 vituperandus
1238 613 1290 650 est
1309 613 1481 665 proditor
1506 615 1649 667 patriae,
1681 628 1799 667 quam
1830 627 1940 654 com-

544 678 676 717 munis
697 678 872 716 utilitatis
904 686 969 715 aut
988 677 1116 716 salutis
1136 677 1312 723 desertor,
1341 688 1496 731 propter
1515 679 1620 718 suam
1648 680 1857 719 utilitatem
1876 688 1942 718 aut

544 742 719 782 salutem.
742 744 803 782 Ex
823 756 902 794 quo
921 742 979 787 fit,
998 752 1040 780 ut
1059 742 1268 781 laudandus
1289 743 1333 781 fit
1354 744 1400 788 is,
1422 743 1490 795 qui
1510 753 1677 783 mortem
1696 755 1853 798 oppetat
1871 757 1943 798 pro

543 809 754 862 republica,
774 807 879 860 quod
898 808 1042 853 doceat,
1074 809 1260 847 cariorem
1285 808 1356 846 effe
1373 809 1537 861 patriam
1556 810 1682 854 nobis,
1704 823 1822 862 quam
1851 809 1940 848 nos-

542 873 738 926 metipsos.
771 873 1047 925 Qoniamque
1078 873 1143 911 illa
1172 887 1248 912 vox
1280 872 1492 912 inhumana
1524 883 1563 912 et
1581 874 1757 913 scelerata
1786 875 1942 913 ducitur

541 952 690 984 eorum,
720 938 789 990 qui
819 947 958 991 negant
978 937 1013 976 se
1033 938 1213 983 recusare,
1234 951 1313 992 quo
1333 939 1478 985 minus,
1509 940 1597 992 ipsis
1617 939 1795 984 mortuis,
1822 949 1938 978 terra-

542 1019 630 1043 rum
647 1005 827 1044 omnium
847 1004 1065 1057 deflagratio
1085 1005 1337 1058 consequatur
1349 1025 1360 1051 ς
1384 1006 1488 1059 quod
1508 1007 1654 1060 vulgari
1670 1007 1840 1060 quodam
1853 1020 1938 1045 ver-

540 1070 582 1108 su
601 1072 740 1109 Graeco
759 1070 997 1123 pronuntiari
1017 1070 1110 1109 solet
1125 1089 1136 1115 ς
1168 1080 1270 1109 certe
1290 1085 1422 1110 verum
1450 1072 1516 1117 est,
1548 1073 1665 1111 etiam
1685 1073 1746 1118 iis,
1777 1073 1845 1126 qui
1865 1073 1937 1112 ali·

540 1136 696 1189 quando
714 1135 836 1174 futuri
858 1135 942 1181 sint,
963 1135 1035 1174 effe
1052 1146 1206 1189 propter
1225 1137 1324 1189 ipsos
1344 1137 1636 1177 consulendum.

594 1203 686 1241 XX.
709 1202 770 1240 Ex
786 1201 858 1240 hac
876 1202 1094 1240 animorum
1110 1201 1308 1241 affectione
1329 1203 1550 1242 testamenta
1564 1205 1937 1244 commendationes-

538 1282 615 1320 que
635 1267 885 1306 morientium
905 1276 1000 1305 natae
1020 1267 1119 1306 sunt.
1152 1269 1347 1320 Qodque
1366 1282 1482 1307 nemo
1511 1270 1551 1308 in
1582 1269 1787 1308 solitudine
1817 1272 1938 1309 vitam

538 1346 647 1385 agere
667 1332 771 1376 velit,
804 1345 851 1370 ne
870 1345 960 1370 cum
978 1331 1129 1370 infinita
1148 1333 1307 1385 quidem
1326 1334 1571 1387 voluptatum
1589 1335 1822 1373 abundantia
1833 1354 1846 1381 5
1876 1335 1936 1374 fa-

537 1398 612 1436 cile
632 1397 877 1450 intelligitur,
894 1409 963 1434 nos
979 1396 1024 1434 ad
1040 1398 1126 1449 conj
1134 1398 1355 1436 unctionem
1369 1401 1784 1453 congregationemque
1803 1399 1936 1440 homi-

537 1477 633 1502 num
653 1471 691 1501 et
711 1463 756 1500 ad
776 1462 989 1500 naturalem
1010 1464 1334 1503 communitatem
1352 1463 1422 1502 effe
1447 1474 1570 1504 natos.
1602 1465 1849 1519 Impellimur
1867 1480 1936 1506 au-

537 1538 618 1568 tem
643 1538 789 1572 natura,
820 1537 863 1566 ut
892 1528 1059 1581 prodeffe
1088 1529 1250 1568 velimus
1285 1543 1403 1583 quam
1433 1531 1626 1583 plurimiS,
1656 1533 1697 1571 in
1725 1533 1939 1586 primisque

535 1594 724 1638 docendo,
741 1593 1024 1646 rationibusque
1044 1595 1254 1647 prudentiae
1273 1597 1477 1635 tradendis.
1502 1598 1635 1650 Itaque
1655 1612 1733 1636 non
1754 1599 1867 1638 facile
1882 1599 1937 1638 est

535 1660 719 1703 invenire,
742 1659 824 1711 qui,
856 1659 960 1711 quod
980 1658 1070 1698 sciat
1092 1659 1182 1712 ipse,
1214 1674 1291 1699 nou
1312 1661 1432 1700 tradat
1452 1662 1570 1701 alteri.
1634 1664 1692 1701 Ita
1711 1678 1789 1702 non
1809 1665 1934 1704 solum

535 1726 582 1765 ad
601 1725 823 1764 discendum
844 1725 1017 1777 propensi
1049 1725 1193 1770 sumuS,
1225 1740 1358 1765 verum
1378 1729 1494 1767 etiam
1525 1728 1570 1766 ad
1591 1728 1824 1769 docendum.
1856 1733 1933 1770 At-

535 1806 611 1845 que
632 1802 674 1831 ut
695 1791 809 1831 tauris
830 1800 962 1829 natura
981 1791 1115 1829 datum
1135 1792 1201 1837 est,
1226 1802 1269 1830 ut
1288 1807 1358 1846 pro
1376 1794 1508 1832 vitulis
1527 1803 1660 1833 contra
1678 1795 1806 1834 leones
1825 1797 1933 1835 sum-

535 1871 600 1897 ma
619 1858 658 1897 vi
678 1858 904 1910 impetuque
923 1857 1157 1896 contendant
1173 1877 1184 1903 5
1216 1857 1265 1897 fic
1286 1859 1329 1904 ii,
1350 1860 1419 1912 qui
1439 1859 1565 1898 valent
1583 1861 1738 1914 opibus,
1759 1871 1874 1915 atque
1894 1863 1935 1902 id

534 1922 657 1963 facere
686 1923 852 1976 poffunt,
884 1932 927 1961 ut
946 1923 992 1961 de
1024 1923 1197 1962 Hercule
1225 1934 1262 1963 et
1292 1925 1338 1964 de
1359 1926 1502 1965 Libero
1521 1927 1754 1979 accepimuS,
1784 1928 1830 1966 ad
1856 1928 1932 1968 ser-

533 1989 702 2028 vandum
722 2002 843 2042 genus
873 1987 1082 2027 hominum
1113 1990 1247 2027 natura
1276 1991 1497 2029 incitantur.
1555 1993 1688 2044 Atque
1706 1993 1838 2038 etiam,
1859 1995 1932 2045 Jo-

534 2068 622 2094 vem
642 2068 734 2094 cum
754 2055 949 2108 optimum
976 2063 1014 2092 et
1040 2055 1257 2094 maximum
1278 2056 1459 2102 dicimus,
1488 2070 1660 2110 cumque
1685 2058 1852 2097 eundem
1872 2059 1930 2097 sa-

532 2121 711 2165 lutarem,
742 2119 983 2172 hospitalem,
1015 2120 1206 2165 statorem,
1249 2121 1325 2160 hoc
1351 2122 1516 2176 intelligi
1544 2124 1738 2169 volumus,
1770 2124 1931 2165 salutem

533 2185 741 2225 hominum
764 2187 803 2224 in
823 2188 902 2238 ejus
923 2185 994 2224 effe
1015 2187 1146 2225 tutela.
1178 2188 1350 2227 Minime
1369 2198 1498 2227 autem
1518 2190 1712 2234 convenit,
1743 2203 1834 2229 cum
1862 2191 1930 2244 ipsi

534 2251 633 2290 inter
653 2264 720 2290 nos
741 2251 875 2303 abjecti
898 2251 1136 2304 neglediquc
1165 2253 1294 2298 fimus,
1313 2253 1525 2306 postulare,
1557 2263 1598 2292 ut
1621 2255 1706 2292 Diis
1725 2255 1928 2294 immorta-

534 2317 636 2356 libus
666 2317 742 2355 cari
777 2317 906 2361 simus,
937 2326 975 2355 ct
1003 2317 1050 2355 ab
1081 2316 1140 2356 his
1170 2318 1390 2371 diligamur.
1434 2320 1777 2371 Qemadmodum
1812 2322 1930 2374 igitur

535 2383 719 2421 membris
741 2383 886 2422 utimur
907 2384 1024 2437 priuS,
1047 2398 1163 2436 quam
1185 2385 1405 2430 didicimus,
1432 2387 1541 2438 cujus
1562 2400 1604 2424 ea
1624 2387 1800 2426 utilitatis
1819 2388 1930 2427 causti

534 2448 741 2489 habeamus
759 2468 770 2494 3
803 2450 850 2489 fic
882 2451 980 2489 inter
1001 2464 1067 2488 nos
1088 2452 1219 2489 natura
1249 2452 1292 2489 ad
1314 2452 1467 2490 civilem
1488 2454 1810 2492 communitatem
1831 2468 1926 2492 con-

529 2515 654 2566 juncti
688 2524 725 2553 ct
744 2515 950 2554 consociati
981 2515 1124 2554 sumus.
1156 2518 1273 2570 Qod
1295 2519 1332 2556 ni
1361 2518 1412 2556 ita
1432 2517 1465 2556 sc
1495 2517 1664 2564 haberet,
1687 2532 1756 2558 nec
1770 2519 1925 2572 justitia·

534 2579 636 2620 ullus
656 2579 756 2626 effer,
779 2596 846 2620 nec
868 2581 1043 2627 bonitati,
1066 2582 1186 2622 locus.
