<?xml version="1.0" encoding="UTF-8"?>
<!DOCTYPE html PUBLIC "-//W3C//DTD XHTML 1.0 Transitional//EN"
    "http://www.w3.org/TR/xhtml1/DTD/xhtml1-transitional.dtd">
<html xmlns="http://www.w3.org/1999/xhtml" xml:lang="en" lang="en">
 <head>
  <title>
</title>
<meta http-equiv="Content-Type" content="text/html;charset=utf-8" />
  <meta name='ocr-system' content='tesseract 3.04.00' />
  <meta name='ocr-capabilities' content='ocr_page ocr_carea ocr_par ocr_line ocrx_word'/>
</head>
<body>
  <div class='ocr_page' id='page_1' title='image "./operacumindicibu02ciceuoft_0488.png"; bbox 0 0 2330 2983; ppageno 0'>
   <div class='ocr_carea' id='block_1_1' title="bbox 558 296 1696 351">
    <p class='ocr_par' dir='ltr' id='par_1_1' title="bbox 558 296 1696 351">
     <span class='ocr_line' id='line_1_1' title="bbox 558 296 1696 351; baseline -0.004 -11"><span class='ocrx_word' id='word_1_1' title='bbox 558 301 637 351; x_wconf 81' lang='lat'>480</span> <span class='ocrx_word' id='word_1_2' title='bbox 820 298 914 337; x_wconf 92' lang='lat' dir='ltr'>DE</span> <span class='ocrx_word' id='word_1_3' title='bbox 972 296 1299 335; x_wconf 86' lang='lat' dir='ltr'>NATURA</span> <span class='ocrx_word' id='word_1_4' title='bbox 1356 296 1696 336; x_wconf 91' lang='lat' dir='ltr'>DEORUM</span> 
     </span>
    </p>
   </div>
   <div class='ocr_carea' id='block_1_2' title="bbox 558 396 1965 975">
    <p class='ocr_par' dir='ltr' id='par_1_2' title="bbox 558 396 1965 975">
     <span class='ocr_line' id='line_1_2' title="bbox 559 396 1956 451; baseline -0.001 -13"><span class='ocrx_word' id='word_1_5' title='bbox 559 401 754 438; x_wconf 74' lang='lat' dir='ltr'>collocatae</span> <span class='ocrx_word' id='word_1_6' title='bbox 775 397 875 437; x_wconf 88' lang='lat' dir='ltr'>sunt.</span> <span class='ocrx_word' id='word_1_7' title='bbox 922 398 1102 450; x_wconf 87' lang='lat' dir='ltr'>Itemque</span> <span class='ocrx_word' id='word_1_8' title='bbox 1122 411 1242 443; x_wconf 87' lang='lat' dir='ltr'>nares,</span> <span class='ocrx_word' id='word_1_9' title='bbox 1270 411 1315 436; x_wconf 91' lang='lat' dir='ltr'>eo</span> <span class='ocrx_word' id='word_1_10' title='bbox 1335 398 1441 450; x_wconf 88' lang='lat' dir='ltr'>quod</span> <span class='ocrx_word' id='word_1_11' title='bbox 1465 398 1594 437; x_wconf 86' lang='lat' dir='ltr'>omnis</span> <span class='ocrx_word' id='word_1_12' title='bbox 1625 398 1719 436; x_wconf 88' lang='lat' dir='ltr'>odor</span> <span class='ocrx_word' id='word_1_13' title='bbox 1749 398 1795 436; x_wconf 87' lang='lat' dir='ltr'>ad</span> <span class='ocrx_word' id='word_1_14' title='bbox 1826 396 1956 451; x_wconf 89' lang='lat' dir='ltr'>supera</span> 
     </span>
     <span class='ocr_line' id='line_1_3' title="bbox 558 456 1956 518; baseline -0.001 -16"><span class='ocrx_word' id='word_1_15' title='bbox 558 464 692 509; x_wconf 89' lang='lat' dir='ltr'>fertur,</span> <span class='ocrx_word' id='word_1_16' title='bbox 725 465 822 502; x_wconf 62' lang='lat' dir='ltr'>reete</span> <span class='ocrx_word' id='word_1_17' title='bbox 849 463 995 502; x_wconf 89' lang='lat' dir='ltr'>sursum</span> <span class='ocrx_word' id='word_1_18' title='bbox 1027 463 1140 509; x_wconf 75' lang='lat' dir='ltr'>sunt,</span> <span class='ocrx_word' id='word_1_19' title='bbox 1172 472 1211 502; x_wconf 86' lang='lat' dir='ltr'>et</span> <span class='ocrx_word' id='word_1_20' title='bbox 1243 463 1349 516; x_wconf 92' lang='lat' dir='ltr'>quod</span> <span class='ocrx_word' id='word_1_21' title='bbox 1379 464 1458 502; x_wconf 90' lang='lat' dir='ltr'>cibi</span> <span class='ocrx_word' id='word_1_22' title='bbox 1491 474 1530 502; x_wconf 93' lang='lat' dir='ltr'>et</span> <span class='ocrx_word' id='word_1_23' title='bbox 1563 463 1730 518; x_wconf 91' lang='lat' dir='ltr'>potionis</span> <span class='ocrx_word' id='word_1_24' title='bbox 1756 456 1956 516; x_wconf 87' lang='lat' dir='ltr'>judicium</span> 
     </span>
     <span class='ocr_line' id='line_1_4' title="bbox 560 528 1955 582; baseline -0.001 -15"><span class='ocrx_word' id='word_1_25' title='bbox 560 543 747 582; x_wconf 89' lang='lat' dir='ltr'>magnum</span> <span class='ocrx_word' id='word_1_26' title='bbox 766 542 898 567; x_wconf 89' lang='lat' dir='ltr'>earum</span> <span class='ocrx_word' id='word_1_27' title='bbox 916 529 982 574; x_wconf 88' lang='lat' dir='ltr'>est,</span> <span class='ocrx_word' id='word_1_28' title='bbox 1013 543 1091 567; x_wconf 92' lang='lat' dir='ltr'>non</span> <span class='ocrx_word' id='word_1_29' title='bbox 1123 529 1200 567; x_wconf 80' lang='lat' dir='ltr'>sine</span> <span class='ocrx_word' id='word_1_30' title='bbox 1219 529 1327 568; x_wconf 88' lang='lat' dir='ltr'>causa</span> <span class='ocrx_word' id='word_1_31' title='bbox 1345 529 1585 568; x_wconf 88' lang='lat' dir='ltr'>vicinitatem</span> <span class='ocrx_word' id='word_1_32' title='bbox 1605 530 1680 568; x_wconf 89' lang='lat' dir='ltr'>oris</span> <span class='ocrx_word' id='word_1_33' title='bbox 1701 529 1835 567; x_wconf 82' lang='lat' dir='ltr'>secutae</span> <span class='ocrx_word' id='word_1_34' title='bbox 1855 528 1955 567; x_wconf 89' lang='lat' dir='ltr'>sunt.</span> 
     </span>
     <span class='ocr_line' id='line_1_5' title="bbox 560 593 1957 648; baseline -0.001 -16"><span class='ocrx_word' id='word_1_35' title='bbox 560 595 648 646; x_wconf 84' lang='lat' dir='ltr'>Jam</span> <span class='ocrx_word' id='word_1_36' title='bbox 668 594 852 647; x_wconf 85' lang='lat' dir='ltr'>gustatus,</span> <span class='ocrx_word' id='word_1_37' title='bbox 870 594 939 646; x_wconf 88' lang='lat' dir='ltr'>qui</span> <span class='ocrx_word' id='word_1_38' title='bbox 958 593 1094 632; x_wconf 89' lang='lat' dir='ltr'>sentire</span> <span class='ocrx_word' id='word_1_39' title='bbox 1113 607 1262 640; x_wconf 91' lang='lat' dir='ltr'>eorum,</span> <span class='ocrx_word' id='word_1_40' title='bbox 1295 594 1438 647; x_wconf 90' lang='lat' dir='ltr'>quibus</span> <span class='ocrx_word' id='word_1_41' title='bbox 1458 594 1660 640; x_wconf 86' lang='lat' dir='ltr'>vescimur,</span> <span class='ocrx_word' id='word_1_42' title='bbox 1681 608 1819 648; x_wconf 89' lang='lat' dir='ltr'>genera</span> <span class='ocrx_word' id='word_1_43' title='bbox 1841 593 1957 632; x_wconf 93' lang='lat' dir='ltr'>debe-</span> 
     </span>
     <span class='ocr_line' id='line_1_6' title="bbox 561 659 1959 715; baseline -0.001 -17"><span class='ocrx_word' id='word_1_44' title='bbox 561 670 632 706; x_wconf 88' lang='lat' dir='ltr'>ret,</span> <span class='ocrx_word' id='word_1_45' title='bbox 652 659 800 699; x_wconf 90' lang='lat' dir='ltr'>habitat</span> <span class='ocrx_word' id='word_1_46' title='bbox 820 661 860 698; x_wconf 88' lang='lat' dir='ltr'>in</span> <span class='ocrx_word' id='word_1_47' title='bbox 880 673 922 698; x_wconf 87' lang='lat' dir='ltr'>ea</span> <span class='ocrx_word' id='word_1_48' title='bbox 941 668 1047 713; x_wconf 85' lang='lat' dir='ltr'>parte</span> <span class='ocrx_word' id='word_1_49' title='bbox 1066 660 1156 705; x_wconf 91' lang='lat' dir='ltr'>oris,</span> <span class='ocrx_word' id='word_1_50' title='bbox 1188 673 1266 713; x_wconf 92' lang='lat' dir='ltr'>qua</span> <span class='ocrx_word' id='word_1_51' title='bbox 1289 659 1490 699; x_wconf 90' lang='lat' dir='ltr'>esculentis</span> <span class='ocrx_word' id='word_1_52' title='bbox 1510 671 1548 700; x_wconf 90' lang='lat' dir='ltr'>et</span> <span class='ocrx_word' id='word_1_53' title='bbox 1566 661 1778 715; x_wconf 88' lang='lat' dir='ltr'>potulentis</span> <span class='ocrx_word' id='word_1_54' title='bbox 1799 661 1870 698; x_wconf 90' lang='lat' dir='ltr'>iter</span> <span class='ocrx_word' id='word_1_55' title='bbox 1890 673 1959 697; x_wconf 84' lang='lat' dir='ltr'>na·-</span> 
     </span>
     <span class='ocr_line' id='line_1_7' title="bbox 562 725 1959 779; baseline -0.001 -15"><span class='ocrx_word' id='word_1_56' title='bbox 562 735 647 765; x_wconf 88' lang='lat' dir='ltr'>tura</span> <span class='ocrx_word' id='word_1_57' title='bbox 666 725 858 779; x_wconf 79' lang='lat' dir='ltr'><strong>patefecit.</strong></span> <span class='ocrx_word' id='word_1_58' title='bbox 890 727 1035 763; x_wconf 70' lang='lat' dir='ltr'>Tastus</span> <span class='ocrx_word' id='word_1_59' title='bbox 1066 734 1196 763; x_wconf 89' lang='lat' dir='ltr'>autem</span> <span class='ocrx_word' id='word_1_60' title='bbox 1217 735 1300 764; x_wconf 93' lang='lat' dir='ltr'>toto</span> <span class='ocrx_word' id='word_1_61' title='bbox 1318 739 1475 778; x_wconf 90' lang='lat' dir='ltr'>corpore</span> <span class='ocrx_word' id='word_1_62' title='bbox 1500 727 1740 779; x_wconf 85' lang='lat' dir='ltr'>aequabiliter</span> <span class='ocrx_word' id='word_1_63' title='bbox 1759 725 1863 764; x_wconf 92' lang='lat' dir='ltr'>fusus</span> <span class='ocrx_word' id='word_1_64' title='bbox 1891 725 1959 769; x_wconf 89' lang='lat' dir='ltr'>est,</span> 
     </span>
     <span class='ocr_line' id='line_1_8' title="bbox 562 779 1961 843; baseline -0.001 -13"><span class='ocrx_word' id='word_1_65' title='bbox 562 802 606 830; x_wconf 92' lang='lat' dir='ltr'>ut</span> <span class='ocrx_word' id='word_1_66' title='bbox 634 805 768 830; x_wconf 87' lang='lat' dir='ltr'>ornnes</span> <span class='ocrx_word' id='word_1_67' title='bbox 788 792 899 836; x_wconf 70' lang='lat' dir='ltr'>ictus,</span> <span class='ocrx_word' id='word_1_68' title='bbox 921 790 1130 842; x_wconf 90' lang='lat' dir='ltr'>omnesque</span> <span class='ocrx_word' id='word_1_69' title='bbox 1160 790 1302 828; x_wconf 89' lang='lat' dir='ltr'>nimios</span> <span class='ocrx_word' id='word_1_70' title='bbox 1329 779 1373 828; x_wconf 67' lang='lat' dir='ltr'>et</span> <span class='ocrx_word' id='word_1_71' title='bbox 1396 790 1548 843; x_wconf 87' lang='lat' dir='ltr'>frigoris</span> <span class='ocrx_word' id='word_1_72' title='bbox 1569 800 1607 829; x_wconf 91' lang='lat' dir='ltr'>et</span> <span class='ocrx_word' id='word_1_73' title='bbox 1626 791 1761 829; x_wconf 89' lang='lat' dir='ltr'>caloris</span> <span class='ocrx_word' id='word_1_74' title='bbox 1782 790 1961 843; x_wconf 90' lang='lat' dir='ltr'>appulsus</span> 
     </span>
     <span class='ocr_line' id='line_1_9' title="bbox 564 854 1962 910; baseline -0.002 -14"><span class='ocrx_word' id='word_1_75' title='bbox 564 858 700 896; x_wconf 89' lang='lat' dir='ltr'>sentire</span> <span class='ocrx_word' id='word_1_76' title='bbox 732 857 929 910; x_wconf 86' lang='lat' dir='ltr'>poffimus.</span> <span class='ocrx_word' id='word_1_77' title='bbox 974 857 1121 907; x_wconf 90' lang='lat' dir='ltr'>Atque,</span> <span class='ocrx_word' id='word_1_78' title='bbox 1152 864 1196 893; x_wconf 92' lang='lat' dir='ltr'>ut</span> <span class='ocrx_word' id='word_1_79' title='bbox 1229 855 1270 893; x_wconf 92' lang='lat' dir='ltr'>in</span> <span class='ocrx_word' id='word_1_80' title='bbox 1305 856 1475 894; x_wconf 87' lang='lat' dir='ltr'>aedificiis</span> <span class='ocrx_word' id='word_1_81' title='bbox 1495 855 1694 894; x_wconf 70' lang='lat' dir='ltr'>architecti</span> <span class='ocrx_word' id='word_1_82' title='bbox 1713 864 1888 893; x_wconf 88' lang='lat' dir='ltr'>avertunt</span> <span class='ocrx_word' id='word_1_83' title='bbox 1915 854 1962 893; x_wconf 80' lang='lat' dir='ltr'>ab</span> 
     </span>
     <span class='ocr_line' id='line_1_10' title="bbox 562 920 1965 975; baseline -0.003 -13"><span class='ocrx_word' id='word_1_84' title='bbox 562 924 686 962; x_wconf 88' lang='lat' dir='ltr'>oculis</span> <span class='ocrx_word' id='word_1_85' title='bbox 706 933 743 961; x_wconf 91' lang='lat' dir='ltr'>et</span> <span class='ocrx_word' id='word_1_86' title='bbox 763 922 917 961; x_wconf 86' lang='lat' dir='ltr'>naribus</span> <span class='ocrx_word' id='word_1_87' title='bbox 937 921 1188 961; x_wconf 88' lang='lat' dir='ltr'>dominorum</span> <span class='ocrx_word' id='word_1_88' title='bbox 1206 934 1262 967; x_wconf 89' lang='lat' dir='ltr'>ea,</span> <span class='ocrx_word' id='word_1_89' title='bbox 1294 935 1380 975; x_wconf 85' lang='lat' dir='ltr'>quae</span> <span class='ocrx_word' id='word_1_90' title='bbox 1398 922 1628 975; x_wconf 88' lang='lat' dir='ltr'>profluentia</span> <span class='ocrx_word' id='word_1_91' title='bbox 1647 921 1849 960; x_wconf 84' lang='lat' dir='ltr'>neceffario</span> <span class='ocrx_word' id='word_1_92' title='bbox 1875 920 1965 959; x_wconf 87' lang='lat' dir='ltr'>tetri</span> 
     </span>
    </p>
   </div>
   <div class='ocr_carea' id='block_1_3' title="bbox 563 986 1965 1094">
    <p class='ocr_par' dir='ltr' id='par_1_3' title="bbox 563 986 1965 1094">
     <span class='ocr_line' id='line_1_11' title="bbox 563 986 1965 1041; baseline -0.003 -14"><span class='ocrx_word' id='word_1_93' title='bbox 563 988 681 1027; x_wconf 83' lang='lat' dir='ltr'>essent</span> <span class='ocrx_word' id='word_1_94' title='bbox 711 987 857 1041; x_wconf 89' lang='lat' dir='ltr'>aliquid</span> <span class='ocrx_word' id='word_1_95' title='bbox 887 986 1092 1033; x_wconf 74' lang='lat' dir='ltr'>habitura,</span> <span class='ocrx_word' id='word_1_96' title='bbox 1124 987 1174 1026; x_wconf 85' lang='lat' dir='ltr'>fic</span> <span class='ocrx_word' id='word_1_97' title='bbox 1194 996 1327 1026; x_wconf 88' lang='lat' dir='ltr'>natura</span> <span class='ocrx_word' id='word_1_98' title='bbox 1347 1001 1404 1027; x_wconf 90' lang='lat' dir='ltr'>res</span> <span class='ocrx_word' id='word_1_99' title='bbox 1430 987 1571 1027; x_wconf 89' lang='lat' dir='ltr'>fimiles</span> <span class='ocrx_word' id='word_1_100' title='bbox 1592 988 1728 1041; x_wconf 90' lang='lat' dir='ltr'>procul</span> <span class='ocrx_word' id='word_1_101' title='bbox 1749 986 1965 1026; x_wconf 82' lang='lat' dir='ltr'>amandavit</span> 
     </span>
     <span class='ocr_line' id='line_1_12' title="bbox 565 1054 787 1094; baseline 0.005 -1"><span class='ocrx_word' id='word_1_102' title='bbox 565 1069 586 1093; x_wconf 89' lang='lat' dir='ltr'>a</span> <span class='ocrx_word' id='word_1_103' title='bbox 608 1054 787 1094; x_wconf 79' lang='lat' dir='ltr'>sensibus.</span> 
     </span>
    </p>
   </div>
   <div class='ocr_carea' id='block_1_4' title="bbox 567 1118 1986 2622">
    <p class='ocr_par' dir='ltr' id='par_1_4' title="bbox 567 1118 1985 2421">
     <span class='ocr_line' id='line_1_13' title="bbox 622 1118 1967 1175; baseline -0.001 -17"><span class='ocrx_word' id='word_1_104' title='bbox 622 1122 752 1159; x_wconf 91' lang='lat' dir='ltr'><strong>LVII.</strong></span> <span class='ocrx_word' id='word_1_105' title='bbox 785 1121 885 1172; x_wconf 83' lang='lat' dir='ltr'>Qis</span> <span class='ocrx_word' id='word_1_106' title='bbox 905 1135 994 1160; x_wconf 87' lang='lat' dir='ltr'>vero</span> <span class='ocrx_word' id='word_1_107' title='bbox 1012 1121 1156 1175; x_wconf 86' lang='lat' dir='ltr'>opifex,</span> <span class='ocrx_word' id='word_1_108' title='bbox 1177 1130 1312 1175; x_wconf 88' lang='lat' dir='ltr'>praeter</span> <span class='ocrx_word' id='word_1_109' title='bbox 1330 1131 1519 1168; x_wconf 87' lang='lat' dir='ltr'>naturam,</span> <span class='ocrx_word' id='word_1_110' title='bbox 1540 1136 1617 1175; x_wconf 88' lang='lat' dir='ltr'>qua</span> <span class='ocrx_word' id='word_1_111' title='bbox 1636 1120 1735 1160; x_wconf 85' lang='lat' dir='ltr'>nihil</span> <span class='ocrx_word' id='word_1_112' title='bbox 1755 1119 1877 1174; x_wconf 90' lang='lat' dir='ltr'>potest</span> <span class='ocrx_word' id='word_1_113' title='bbox 1895 1118 1967 1157; x_wconf 79' lang='lat' dir='ltr'>effe</span> 
     </span>
     <span class='ocr_line' id='line_1_14' title="bbox 567 1186 1967 1241; baseline -0.001 -17"><span class='ocrx_word' id='word_1_114' title='bbox 567 1186 759 1231; x_wconf 84' lang='lat' dir='ltr'>callidius,</span> <span class='ocrx_word' id='word_1_115' title='bbox 781 1195 926 1224; x_wconf 88' lang='lat' dir='ltr'>tantam</span> <span class='ocrx_word' id='word_1_116' title='bbox 957 1187 1148 1226; x_wconf 86' lang='lat' dir='ltr'>solertiam</span> <span class='ocrx_word' id='word_1_117' title='bbox 1178 1187 1351 1240; x_wconf 90' lang='lat' dir='ltr'>persequi</span> <span class='ocrx_word' id='word_1_118' title='bbox 1370 1187 1550 1241; x_wconf 79' lang='lat' dir='ltr'>potuisset</span> <span class='ocrx_word' id='word_1_119' title='bbox 1580 1188 1620 1225; x_wconf 93' lang='lat' dir='ltr'>in</span> <span class='ocrx_word' id='word_1_120' title='bbox 1640 1187 1804 1225; x_wconf 75' lang='lat' dir='ltr'>sensibus</span> <span class='ocrx_word' id='word_1_121' title='bbox 1824 1187 1836 1223; x_wconf 90' lang='lat'>?</span> <span class='ocrx_word' id='word_1_122' title='bbox 1868 1186 1967 1236; x_wconf 82' lang='lat' dir='ltr'>Qae</span> 
     </span>
     <span class='ocr_line' id='line_1_15' title="bbox 568 1252 1969 1305; baseline -0.001 -16"><span class='ocrx_word' id='word_1_123' title='bbox 568 1252 742 1304; x_wconf 89' lang='lat' dir='ltr'>primum</span> <span class='ocrx_word' id='word_1_124' title='bbox 775 1252 908 1290; x_wconf 92' lang='lat' dir='ltr'>oculos</span> <span class='ocrx_word' id='word_1_125' title='bbox 942 1253 1178 1291; x_wconf 89' lang='lat' dir='ltr'>membranis</span> <span class='ocrx_word' id='word_1_126' title='bbox 1212 1253 1438 1291; x_wconf 84' lang='lat' dir='ltr'>tenuiffimis</span> <span class='ocrx_word' id='word_1_127' title='bbox 1468 1253 1617 1292; x_wconf 89' lang='lat' dir='ltr'>vestivit</span> <span class='ocrx_word' id='word_1_128' title='bbox 1647 1264 1685 1293; x_wconf 89' lang='lat' dir='ltr'>et</span> <span class='ocrx_word' id='word_1_129' title='bbox 1708 1252 1815 1305; x_wconf 77' lang='lat' dir='ltr'>sepsit</span> <span class='ocrx_word' id='word_1_130' title='bbox 1830 1270 1844 1296; x_wconf 61' lang='grc' dir='ltr'><strong><em>ς</em></strong></span> <span class='ocrx_word' id='word_1_131' title='bbox 1874 1263 1969 1303; x_wconf 87' lang='lat' dir='ltr'>quas</span> 
     </span>
     <span class='ocr_line' id='line_1_16' title="bbox 569 1316 1969 1371; baseline 0 -17"><span class='ocrx_word' id='word_1_132' title='bbox 569 1316 744 1370; x_wconf 88' lang='lat' dir='ltr'>primum</span> <span class='ocrx_word' id='word_1_133' title='bbox 765 1316 978 1369; x_wconf 89' lang='lat' dir='ltr'>perlucidas</span> <span class='ocrx_word' id='word_1_134' title='bbox 998 1317 1106 1362; x_wconf 89' lang='lat' dir='ltr'>fecit,</span> <span class='ocrx_word' id='word_1_135' title='bbox 1137 1326 1181 1355; x_wconf 92' lang='lat' dir='ltr'>ut</span> <span class='ocrx_word' id='word_1_136' title='bbox 1200 1331 1267 1371; x_wconf 91' lang='lat' dir='ltr'>per</span> <span class='ocrx_word' id='word_1_137' title='bbox 1286 1331 1346 1356; x_wconf 85' lang='lat' dir='ltr'>eas</span> <span class='ocrx_word' id='word_1_138' title='bbox 1367 1318 1471 1356; x_wconf 89' lang='lat' dir='ltr'>cerni</span> <span class='ocrx_word' id='word_1_139' title='bbox 1492 1318 1609 1371; x_wconf 77' lang='lat' dir='ltr'>poss‘et</span> <span class='ocrx_word' id='word_1_140' title='bbox 1624 1337 1636 1363; x_wconf 69' lang='grc' dir='ltr'><strong><em>ς</em></strong></span> <span class='ocrx_word' id='word_1_141' title='bbox 1668 1318 1797 1356; x_wconf 88' lang='lat' dir='ltr'>firmas</span> <span class='ocrx_word' id='word_1_142' title='bbox 1824 1325 1969 1360; x_wconf 89' lang='lat' dir='ltr'>autem,</span> 
     </span>
     <span class='ocr_line' id='line_1_17' title="bbox 570 1381 1970 1428; baseline -0.001 -9"><span class='ocrx_word' id='word_1_143' title='bbox 570 1390 614 1420; x_wconf 88' lang='lat' dir='ltr'>ut</span> <span class='ocrx_word' id='word_1_144' title='bbox 633 1382 934 1420; x_wconf 87' lang='lat' dir='ltr'>continerentur.</span> <span class='ocrx_word' id='word_1_145' title='bbox 967 1382 1039 1420; x_wconf 89' lang='lat' dir='ltr'>Sed</span> <span class='ocrx_word' id='word_1_146' title='bbox 1058 1382 1228 1421; x_wconf 90' lang='lat' dir='ltr'>lubricos</span> <span class='ocrx_word' id='word_1_147' title='bbox 1247 1383 1381 1421; x_wconf 87' lang='lat' dir='ltr'>oculos</span> <span class='ocrx_word' id='word_1_148' title='bbox 1401 1382 1495 1422; x_wconf 92' lang='lat' dir='ltr'>fecit</span> <span class='ocrx_word' id='word_1_149' title='bbox 1513 1392 1551 1421; x_wconf 91' lang='lat' dir='ltr'>et</span> <span class='ocrx_word' id='word_1_150' title='bbox 1571 1383 1750 1428; x_wconf 85' lang='lat' dir='ltr'>mobiles,</span> <span class='ocrx_word' id='word_1_151' title='bbox 1785 1391 1829 1420; x_wconf 91' lang='lat' dir='ltr'>ut</span> <span class='ocrx_word' id='word_1_152' title='bbox 1847 1391 1885 1419; x_wconf 91' lang='lat' dir='ltr'>et</span> <span class='ocrx_word' id='word_1_153' title='bbox 1903 1381 1970 1419; x_wconf 91' lang='lat' dir='ltr'>de-</span> 
     </span>
     <span class='ocr_line' id='line_1_18' title="bbox 569 1447 1972 1503; baseline -0.001 -17"><span class='ocrx_word' id='word_1_154' title='bbox 569 1447 772 1494; x_wconf 84' lang='lat' dir='ltr'>clinarent,</span> <span class='ocrx_word' id='word_1_155' title='bbox 804 1447 830 1486; x_wconf 88' lang='lat' dir='ltr'>fi</span> <span class='ocrx_word' id='word_1_156' title='bbox 851 1447 946 1500; x_wconf 89' lang='lat' dir='ltr'>quid</span> <span class='ocrx_word' id='word_1_157' title='bbox 967 1457 1123 1486; x_wconf 88' lang='lat' dir='ltr'>noceret</span> <span class='ocrx_word' id='word_1_158' title='bbox 1137 1467 1150 1494; x_wconf 87' lang='lat'>;</span> <span class='ocrx_word' id='word_1_159' title='bbox 1181 1457 1219 1487; x_wconf 91' lang='lat' dir='ltr'>et</span> <span class='ocrx_word' id='word_1_160' title='bbox 1238 1449 1446 1502; x_wconf 64' lang='lat' dir='ltr'>aspeetum,</span> <span class='ocrx_word' id='word_1_161' title='bbox 1466 1463 1546 1503; x_wconf 92' lang='lat' dir='ltr'>quo</span> <span class='ocrx_word' id='word_1_162' title='bbox 1565 1449 1722 1495; x_wconf 90' lang='lat' dir='ltr'>vellent,</span> <span class='ocrx_word' id='word_1_163' title='bbox 1743 1447 1857 1487; x_wconf 91' lang='lat' dir='ltr'>facile</span> <span class='ocrx_word' id='word_1_164' title='bbox 1876 1460 1972 1486; x_wconf 88' lang='lat' dir='ltr'>con-</span> 
     </span>
     <span class='ocr_line' id='line_1_19' title="bbox 572 1514 1974 1570; baseline 0 -18"><span class='ocrx_word' id='word_1_165' title='bbox 572 1524 774 1553; x_wconf 89' lang='lat' dir='ltr'>verterent.</span> <span class='ocrx_word' id='word_1_166' title='bbox 806 1514 996 1568; x_wconf 90' lang='lat' dir='ltr'>Aciesque</span> <span class='ocrx_word' id='word_1_167' title='bbox 1016 1515 1107 1568; x_wconf 90' lang='lat' dir='ltr'>ipsa,</span> <span class='ocrx_word' id='word_1_168' title='bbox 1129 1529 1204 1569; x_wconf 90' lang='lat' dir='ltr'>qua</span> <span class='ocrx_word' id='word_1_169' title='bbox 1218 1516 1428 1562; x_wconf 91' lang='lat' dir='ltr'>cernimus,</span> <span class='ocrx_word' id='word_1_170' title='bbox 1447 1531 1532 1570; x_wconf 87' lang='lat' dir='ltr'>quae</span> <span class='ocrx_word' id='word_1_171' title='bbox 1552 1516 1699 1570; x_wconf 89' lang='lat' dir='ltr'>pupula</span> <span class='ocrx_word' id='word_1_172' title='bbox 1717 1524 1888 1560; x_wconf 88' lang='lat' dir='ltr'>vocatur,</span> <span class='ocrx_word' id='word_1_173' title='bbox 1922 1514 1974 1553; x_wconf 92' lang='lat' dir='ltr'>ita</span> 
     </span>
     <span class='ocr_line' id='line_1_20' title="bbox 574 1579 1973 1635; baseline 0.001 -18"><span class='ocrx_word' id='word_1_174' title='bbox 574 1593 687 1634; x_wconf 87' lang='lat' dir='ltr'>parva</span> <span class='ocrx_word' id='word_1_175' title='bbox 706 1579 771 1624; x_wconf 90' lang='lat' dir='ltr'>est,</span> <span class='ocrx_word' id='word_1_176' title='bbox 805 1589 848 1617; x_wconf 87' lang='lat' dir='ltr'>ut</span> <span class='ocrx_word' id='word_1_177' title='bbox 867 1593 922 1624; x_wconf 91' lang='lat' dir='ltr'>ea,</span> <span class='ocrx_word' id='word_1_178' title='bbox 953 1594 1038 1632; x_wconf 86' lang='lat' dir='ltr'>quae</span> <span class='ocrx_word' id='word_1_179' title='bbox 1057 1594 1193 1618; x_wconf 89' lang='lat' dir='ltr'>nocere</span> <span class='ocrx_word' id='word_1_180' title='bbox 1213 1581 1365 1633; x_wconf 76' lang='lat' dir='ltr'>possint,</span> <span class='ocrx_word' id='word_1_181' title='bbox 1397 1581 1509 1620; x_wconf 88' lang='lat' dir='ltr'>facile</span> <span class='ocrx_word' id='word_1_182' title='bbox 1533 1583 1642 1622; x_wconf 86' lang='lat' dir='ltr'>vitet.</span> <span class='ocrx_word' id='word_1_183' title='bbox 1688 1581 1973 1635; x_wconf 87' lang='lat' dir='ltr'>Palpebraeque,</span> 
     </span>
     <span class='ocr_line' id='line_1_21' title="bbox 575 1645 1975 1698; baseline 0.001 -15"><span class='ocrx_word' id='word_1_184' title='bbox 575 1659 660 1698; x_wconf 84' lang='lat' dir='ltr'>quae</span> <span class='ocrx_word' id='word_1_185' title='bbox 694 1645 781 1683; x_wconf 91' lang='lat' dir='ltr'>sunt</span> <span class='ocrx_word' id='word_1_186' title='bbox 814 1654 1010 1697; x_wconf 87' lang='lat' dir='ltr'>tegmenta</span> <span class='ocrx_word' id='word_1_187' title='bbox 1043 1645 1263 1694; x_wconf 88' lang='lat' dir='ltr'>oculorum,</span> <span class='ocrx_word' id='word_1_188' title='bbox 1300 1645 1530 1685; x_wconf 85' lang='lat' dir='ltr'>molliffimae</span> <span class='ocrx_word' id='word_1_189' title='bbox 1564 1649 1680 1693; x_wconf 68' lang='lat' dir='ltr'>tastu,</span> <span class='ocrx_word' id='word_1_190' title='bbox 1712 1660 1759 1685; x_wconf 91' lang='lat' dir='ltr'>ne</span> <span class='ocrx_word' id='word_1_191' title='bbox 1794 1647 1975 1685; x_wconf 69' lang='lat' dir='ltr'>laederent</span> 
     </span>
     <span class='ocr_line' id='line_1_22' title="bbox 575 1708 1975 1764; baseline 0.001 -16"><span class='ocrx_word' id='word_1_192' title='bbox 575 1711 714 1754; x_wconf 84' lang='lat' dir='ltr'>aciem,</span> <span class='ocrx_word' id='word_1_193' title='bbox 736 1709 923 1762; x_wconf 84' lang='lat' dir='ltr'>aptiffime</span> <span class='ocrx_word' id='word_1_194' title='bbox 943 1708 1049 1747; x_wconf 67' lang='lat' dir='ltr'>factae</span> <span class='ocrx_word' id='word_1_195' title='bbox 1069 1718 1106 1747; x_wconf 92' lang='lat' dir='ltr'>et</span> <span class='ocrx_word' id='word_1_196' title='bbox 1126 1710 1172 1747; x_wconf 92' lang='lat' dir='ltr'>ad</span> <span class='ocrx_word' id='word_1_197' title='bbox 1191 1710 1419 1749; x_wconf 86' lang='lat' dir='ltr'>claudendas</span> <span class='ocrx_word' id='word_1_198' title='bbox 1440 1711 1618 1764; x_wconf 86' lang='lat' dir='ltr'>pupulas,</span> <span class='ocrx_word' id='word_1_199' title='bbox 1641 1725 1689 1749; x_wconf 93' lang='lat' dir='ltr'>ne</span> <span class='ocrx_word' id='word_1_200' title='bbox 1710 1712 1805 1764; x_wconf 88' lang='lat' dir='ltr'>quid</span> <span class='ocrx_word' id='word_1_201' title='bbox 1824 1711 1975 1750; x_wconf 88' lang='lat' dir='ltr'>incide-</span> 
     </span>
     <span class='ocr_line' id='line_1_23' title="bbox 577 1774 1978 1830; baseline 0.001 -16"><span class='ocrx_word' id='word_1_202' title='bbox 577 1784 647 1821; x_wconf 88' lang='lat' dir='ltr'>ret,</span> <span class='ocrx_word' id='word_1_203' title='bbox 677 1784 715 1813; x_wconf 92' lang='lat' dir='ltr'>et</span> <span class='ocrx_word' id='word_1_204' title='bbox 745 1775 791 1812; x_wconf 91' lang='lat' dir='ltr'>ad</span> <span class='ocrx_word' id='word_1_205' title='bbox 811 1774 1056 1828; x_wconf 70' lang='lat' dir='ltr'>aperiendas,</span> <span class='ocrx_word' id='word_1_206' title='bbox 1089 1775 1205 1827; x_wconf 90' lang='lat' dir='ltr'>idque</span> <span class='ocrx_word' id='word_1_207' title='bbox 1236 1776 1417 1828; x_wconf 86' lang='lat' dir='ltr'>providit,</span> <span class='ocrx_word' id='word_1_208' title='bbox 1453 1786 1495 1815; x_wconf 93' lang='lat' dir='ltr'>ut</span> <span class='ocrx_word' id='word_1_209' title='bbox 1525 1777 1738 1816; x_wconf 84' lang='lat' dir='ltr'>identidem</span> <span class='ocrx_word' id='word_1_210' title='bbox 1758 1777 1839 1815; x_wconf 90' lang='lat' dir='ltr'>fieri</span> <span class='ocrx_word' id='word_1_211' title='bbox 1859 1776 1978 1830; x_wconf 85' lang='lat' dir='ltr'>posset</span> 
     </span>
     <span class='ocr_line' id='line_1_24' title="bbox 577 1840 1978 1896; baseline 0 -16"><span class='ocrx_word' id='word_1_212' title='bbox 577 1855 670 1880; x_wconf 90' lang='lat' dir='ltr'>cum</span> <span class='ocrx_word' id='word_1_213' title='bbox 691 1841 862 1879; x_wconf 86' lang='lat' dir='ltr'>maxima</span> <span class='ocrx_word' id='word_1_214' title='bbox 881 1840 1086 1878; x_wconf 89' lang='lat' dir='ltr'>celeritate.</span> <span class='ocrx_word' id='word_1_215' title='bbox 1118 1841 1364 1893; x_wconf 84' lang='lat' dir='ltr'>Munitaeque</span> <span class='ocrx_word' id='word_1_216' title='bbox 1379 1841 1466 1881; x_wconf 90' lang='lat' dir='ltr'>sunt</span> <span class='ocrx_word' id='word_1_217' title='bbox 1485 1843 1673 1896; x_wconf 85' lang='lat' dir='ltr'>palpebrae</span> <span class='ocrx_word' id='word_1_218' title='bbox 1694 1853 1876 1895; x_wconf 84' lang='lat' dir='ltr'>tanquam</span> <span class='ocrx_word' id='word_1_219' title='bbox 1895 1842 1978 1880; x_wconf 87' lang='lat' dir='ltr'>val-</span> 
     </span>
     <span class='ocr_line' id='line_1_25' title="bbox 577 1906 1979 1961; baseline 0 -16"><span class='ocrx_word' id='word_1_220' title='bbox 577 1907 618 1946; x_wconf 94' lang='lat' dir='ltr'>lo</span> <span class='ocrx_word' id='word_1_221' title='bbox 638 1907 835 1960; x_wconf 88' lang='lat' dir='ltr'>pilorum:</span> <span class='ocrx_word' id='word_1_222' title='bbox 868 1906 1024 1957; x_wconf 79' lang='lat' dir='ltr'>quibuS,</span> <span class='ocrx_word' id='word_1_223' title='bbox 1060 1915 1097 1944; x_wconf 86' lang='lat' dir='ltr'>et</span> <span class='ocrx_word' id='word_1_224' title='bbox 1128 1907 1266 1959; x_wconf 83' lang='lat' dir='ltr'>apertis</span> <span class='ocrx_word' id='word_1_225' title='bbox 1287 1907 1425 1953; x_wconf 89' lang='lat' dir='ltr'>oculis,</span> <span class='ocrx_word' id='word_1_226' title='bbox 1456 1907 1483 1945; x_wconf 91' lang='lat' dir='ltr'><strong>fi</strong></span> <span class='ocrx_word' id='word_1_227' title='bbox 1503 1908 1597 1961; x_wconf 93' lang='lat' dir='ltr'>quid</span> <span class='ocrx_word' id='word_1_228' title='bbox 1628 1909 1826 1953; x_wconf 88' lang='lat' dir='ltr'>incideret,</span> <span class='ocrx_word' id='word_1_229' title='bbox 1855 1907 1979 1961; x_wconf 83' lang='lat' dir='ltr'>repel-</span> 
     </span>
     <span class='ocr_line' id='line_1_26' title="bbox 579 1971 1981 2018; baseline 0.001 -8"><span class='ocrx_word' id='word_1_230' title='bbox 579 1973 748 2017; x_wconf 64' lang='lat' dir='ltr'>leretur,</span> <span class='ocrx_word' id='word_1_231' title='bbox 779 1981 816 2010; x_wconf 91' lang='lat' dir='ltr'>et</span> <span class='ocrx_word' id='word_1_232' title='bbox 837 1971 972 2009; x_wconf 89' lang='lat' dir='ltr'>somno</span> <span class='ocrx_word' id='word_1_233' title='bbox 992 1972 1305 2018; x_wconf 88' lang='lat' dir='ltr'>conniventibus,</span> <span class='ocrx_word' id='word_1_234' title='bbox 1324 1987 1416 2012; x_wconf 91' lang='lat' dir='ltr'>cum</span> <span class='ocrx_word' id='word_1_235' title='bbox 1436 1974 1558 2012; x_wconf 90' lang='lat' dir='ltr'>oculis</span> <span class='ocrx_word' id='word_1_236' title='bbox 1579 1973 1625 2012; x_wconf 92' lang='lat' dir='ltr'>ad</span> <span class='ocrx_word' id='word_1_237' title='bbox 1645 1973 1882 2013; x_wconf 89' lang='lat' dir='ltr'>cernendum</span> <span class='ocrx_word' id='word_1_238' title='bbox 1903 1987 1981 2012; x_wconf 89' lang='lat' dir='ltr'>non</span> 
     </span>
     <span class='ocr_line' id='line_1_27' title="bbox 581 2036 1980 2092; baseline 0.001 -16"><span class='ocrx_word' id='word_1_239' title='bbox 581 2051 793 2092; x_wconf 86' lang='lat' dir='ltr'>egeremus,</span> <span class='ocrx_word' id='word_1_240' title='bbox 823 2046 865 2075; x_wconf 93' lang='lat' dir='ltr'>ut</span> <span class='ocrx_word' id='word_1_241' title='bbox 885 2038 967 2089; x_wconf 90' lang='lat' dir='ltr'>qui,</span> <span class='ocrx_word' id='word_1_242' title='bbox 989 2036 1184 2089; x_wconf 45' lang='lat' dir='ltr'>*tanquam</span> <span class='ocrx_word' id='word_1_243' title='bbox 1214 2039 1393 2084; x_wconf 88' lang='lat' dir='ltr'>involuti,</span> <span class='ocrx_word' id='word_1_244' title='bbox 1423 2039 1673 2091; x_wconf 87' lang='lat' dir='ltr'>quiescerent.</span> <span class='ocrx_word' id='word_1_245' title='bbox 1722 2040 1864 2078; x_wconf 87' lang='lat' dir='ltr'>Latent</span> <span class='ocrx_word' id='word_1_246' title='bbox 1883 2053 1980 2091; x_wconf 79' lang='lat' dir='ltr'>prae-</span> 
     </span>
     <span class='ocr_line' id='line_1_28' title="bbox 584 2104 1982 2159; baseline 0 -15"><span class='ocrx_word' id='word_1_247' title='bbox 584 2115 682 2144; x_wconf 86' lang='lat' dir='ltr'>terea</span> <span class='ocrx_word' id='word_1_248' title='bbox 709 2105 867 2149; x_wconf 86' lang='lat' dir='ltr'>utiliter,</span> <span class='ocrx_word' id='word_1_249' title='bbox 900 2113 938 2142; x_wconf 90' lang='lat' dir='ltr'>et</span> <span class='ocrx_word' id='word_1_250' title='bbox 967 2104 1120 2142; x_wconf 77' lang='lat' dir='ltr'>excelsis</span> <span class='ocrx_word' id='word_1_251' title='bbox 1149 2105 1319 2157; x_wconf 90' lang='lat' dir='ltr'>undique</span> <span class='ocrx_word' id='word_1_252' title='bbox 1345 2105 1516 2159; x_wconf 89' lang='lat' dir='ltr'>partibus</span> <span class='ocrx_word' id='word_1_253' title='bbox 1548 2105 1757 2159; x_wconf 88' lang='lat' dir='ltr'>sepiuntur.</span> <span class='ocrx_word' id='word_1_254' title='bbox 1804 2105 1982 2144; x_wconf 87' lang='lat' dir='ltr'>Primum</span> 
     </span>
     <span class='ocr_line' id='line_1_29' title="bbox 585 2170 1983 2226; baseline 0.001 -17"><span class='ocrx_word' id='word_1_255' title='bbox 585 2173 690 2210; x_wconf 89' lang='lat' dir='ltr'>enim</span> <span class='ocrx_word' id='word_1_256' title='bbox 711 2171 914 2224; x_wconf 87' lang='lat' dir='ltr'>superiora,</span> <span class='ocrx_word' id='word_1_257' title='bbox 936 2170 1146 2224; x_wconf 88' lang='lat' dir='ltr'>superciliis</span> <span class='ocrx_word' id='word_1_258' title='bbox 1167 2171 1346 2218; x_wconf 58' lang='lat' dir='ltr'>obducta,</span> <span class='ocrx_word' id='word_1_259' title='bbox 1374 2172 1549 2210; x_wconf 87' lang='lat' dir='ltr'>sudorem</span> <span class='ocrx_word' id='word_1_260' title='bbox 1570 2186 1591 2210; x_wconf 88' lang='lat' dir='ltr'>a</span> <span class='ocrx_word' id='word_1_261' title='bbox 1609 2173 1734 2226; x_wconf 86' lang='lat' dir='ltr'>capite</span> <span class='ocrx_word' id='word_1_262' title='bbox 1753 2181 1792 2210; x_wconf 91' lang='lat' dir='ltr'>et</span> <span class='ocrx_word' id='word_1_263' title='bbox 1816 2185 1838 2209; x_wconf 86' lang='lat' dir='ltr'>a</span> <span class='ocrx_word' id='word_1_264' title='bbox 1856 2170 1983 2211; x_wconf 88' lang='lat' dir='ltr'>fronte</span> 
     </span>
     <span class='ocr_line' id='line_1_30' title="bbox 585 2237 1985 2291; baseline 0.001 -15"><span class='ocrx_word' id='word_1_265' title='bbox 585 2238 820 2276; x_wconf 87' lang='lat' dir='ltr'>defluentem</span> <span class='ocrx_word' id='word_1_266' title='bbox 851 2237 1055 2290; x_wconf 86' lang='lat' dir='ltr'>repellunt.</span> <span class='ocrx_word' id='word_1_267' title='bbox 1102 2238 1222 2276; x_wconf 86' lang='lat' dir='ltr'>Genae</span> <span class='ocrx_word' id='word_1_268' title='bbox 1249 2238 1385 2276; x_wconf 91' lang='lat' dir='ltr'>deinde</span> <span class='ocrx_word' id='word_1_269' title='bbox 1406 2238 1452 2276; x_wconf 90' lang='lat' dir='ltr'>ab</span> <span class='ocrx_word' id='word_1_270' title='bbox 1474 2237 1654 2277; x_wconf 87' lang='lat' dir='ltr'>inferiore</span> <span class='ocrx_word' id='word_1_271' title='bbox 1681 2246 1786 2291; x_wconf 84' lang='lat' dir='ltr'>parte</span> <span class='ocrx_word' id='word_1_272' title='bbox 1812 2247 1985 2278; x_wconf 87' lang='lat' dir='ltr'>tutantur</span> 
     </span>
     <span class='ocr_line' id='line_1_31' title="bbox 588 2303 1985 2358; baseline 0.001 -16"><span class='ocrx_word' id='word_1_273' title='bbox 588 2304 775 2355; x_wconf 62' lang='lat' dir='ltr'>subjeitae,</span> <span class='ocrx_word' id='word_1_274' title='bbox 797 2303 1006 2355; x_wconf 89' lang='lat' dir='ltr'>leviterque</span> <span class='ocrx_word' id='word_1_275' title='bbox 1027 2303 1252 2342; x_wconf 84' lang='lat' dir='ltr'>eminentes.</span> <span class='ocrx_word' id='word_1_276' title='bbox 1299 2303 1423 2343; x_wconf 83' lang='lat' dir='ltr'>Nasus</span> <span class='ocrx_word' id='word_1_277' title='bbox 1446 2304 1496 2342; x_wconf 83' lang='lat' dir='ltr'>ita</span> <span class='ocrx_word' id='word_1_278' title='bbox 1516 2304 1662 2343; x_wconf 82' lang='lat' dir='ltr'>locatus</span> <span class='ocrx_word' id='word_1_279' title='bbox 1691 2304 1758 2349; x_wconf 88' lang='lat' dir='ltr'>est,</span> <span class='ocrx_word' id='word_1_280' title='bbox 1792 2312 1850 2350; x_wconf 88' lang='lat' dir='ltr'>ut,</span> <span class='ocrx_word' id='word_1_281' title='bbox 1881 2305 1985 2358; x_wconf 79' lang='lat' dir='ltr'>quasi</span> 
     </span>
     <span class='ocr_line' id='line_1_32' title="bbox 588 2369 1420 2421; baseline 0.001 -13"><span class='ocrx_word' id='word_1_282' title='bbox 588 2383 736 2415; x_wconf 82' lang='lat' dir='ltr'>murus,</span> <span class='ocrx_word' id='word_1_283' title='bbox 766 2369 889 2408; x_wconf 89' lang='lat' dir='ltr'>oculis</span> <span class='ocrx_word' id='word_1_284' title='bbox 911 2369 1127 2421; x_wconf 67' lang='lat' dir='ltr'>interjectus</span> <span class='ocrx_word' id='word_1_285' title='bbox 1147 2369 1217 2407; x_wconf 80' lang='lat' dir='ltr'>effe</span> <span class='ocrx_word' id='word_1_286' title='bbox 1237 2370 1420 2409; x_wconf 86' lang='lat' dir='ltr'>videatur.</span> 
     </span>
    </p>

    <p class='ocr_par' dir='ltr' id='par_1_5' title="bbox 589 2435 1986 2622">
     <span class='ocr_line' id='line_1_33' title="bbox 644 2435 1985 2488; baseline 0.001 -15"><span class='ocrx_word' id='word_1_287' title='bbox 644 2436 813 2474; x_wconf 84' lang='lat' dir='ltr'>Auditus</span> <span class='ocrx_word' id='word_1_288' title='bbox 834 2445 963 2473; x_wconf 81' lang='lat' dir='ltr'>autem</span> <span class='ocrx_word' id='word_1_289' title='bbox 982 2435 1129 2488; x_wconf 91' lang='lat' dir='ltr'>semper</span> <span class='ocrx_word' id='word_1_290' title='bbox 1149 2444 1277 2488; x_wconf 72' lang='lat' dir='ltr'>patet,</span> <span class='ocrx_word' id='word_1_291' title='bbox 1299 2437 1380 2488; x_wconf 87' lang='lat' dir='ltr'>ejus</span> <span class='ocrx_word' id='word_1_292' title='bbox 1401 2437 1505 2474; x_wconf 87' lang='lat' dir='ltr'>enim</span> <span class='ocrx_word' id='word_1_293' title='bbox 1526 2436 1631 2475; x_wconf 87' lang='lat' dir='ltr'>sensu</span> <span class='ocrx_word' id='word_1_294' title='bbox 1651 2438 1767 2476; x_wconf 81' lang='lat' dir='ltr'>etiam</span> <span class='ocrx_word' id='word_1_295' title='bbox 1788 2435 1985 2475; x_wconf 87' lang='lat' dir='ltr'>dormien-</span> 
     </span>
     <span class='ocr_line' id='line_1_34' title="bbox 591 2501 1985 2556; baseline 0 -16"><span class='ocrx_word' id='word_1_296' title='bbox 591 2512 645 2540; x_wconf 82' lang='lat' dir='ltr'>tes</span> <span class='ocrx_word' id='word_1_297' title='bbox 666 2516 821 2553; x_wconf 85' lang='lat' dir='ltr'>egemus</span> <span class='ocrx_word' id='word_1_298' title='bbox 842 2520 852 2546; x_wconf 84' lang='lat'>;</span> <span class='ocrx_word' id='word_1_299' title='bbox 884 2515 904 2539; x_wconf 87' lang='lat' dir='ltr'>a</span> <span class='ocrx_word' id='word_1_300' title='bbox 926 2515 1005 2554; x_wconf 90' lang='lat' dir='ltr'>quo</span> <span class='ocrx_word' id='word_1_301' title='bbox 1035 2515 1127 2539; x_wconf 90' lang='lat' dir='ltr'>cum</span> <span class='ocrx_word' id='word_1_302' title='bbox 1150 2501 1260 2540; x_wconf 91' lang='lat' dir='ltr'>sonus</span> <span class='ocrx_word' id='word_1_303' title='bbox 1281 2502 1332 2540; x_wconf 86' lang='lat' dir='ltr'>est</span> <span class='ocrx_word' id='word_1_304' title='bbox 1354 2514 1547 2556; x_wconf 78' lang='lat' dir='ltr'>acceptus,</span> <span class='ocrx_word' id='word_1_305' title='bbox 1578 2504 1695 2542; x_wconf 79' lang='lat' dir='ltr'>etiam</span> <span class='ocrx_word' id='word_1_306' title='bbox 1721 2517 1741 2541; x_wconf 94' lang='lat' dir='ltr'>e</span> <span class='ocrx_word' id='word_1_307' title='bbox 1762 2502 1897 2541; x_wconf 86' lang='lat' dir='ltr'>somno</span> <span class='ocrx_word' id='word_1_308' title='bbox 1916 2515 1985 2540; x_wconf 83' lang='lat' dir='ltr'>ex·</span> 
     </span>
     <span class='ocr_line' id='line_1_35' title="bbox 589 2566 1986 2622; baseline -0.001 -16"><span class='ocrx_word' id='word_1_309' title='bbox 589 2568 769 2609; x_wconf 80' lang='lat' dir='ltr'>citamur.</span> <span class='ocrx_word' id='word_1_310' title='bbox 803 2567 1035 2609; x_wconf 86' lang='lat' dir='ltr'>Flexuosum</span> <span class='ocrx_word' id='word_1_311' title='bbox 1055 2567 1126 2606; x_wconf 83' lang='lat' dir='ltr'>iter</span> <span class='ocrx_word' id='word_1_312' title='bbox 1142 2566 1271 2613; x_wconf 80' lang='lat' dir='ltr'>habet,</span> <span class='ocrx_word' id='word_1_313' title='bbox 1290 2581 1335 2606; x_wconf 89' lang='lat' dir='ltr'>ne</span> <span class='ocrx_word' id='word_1_314' title='bbox 1354 2569 1449 2622; x_wconf 88' lang='lat' dir='ltr'>quid</span> <span class='ocrx_word' id='word_1_315' title='bbox 1466 2569 1603 2608; x_wconf 84' lang='lat' dir='ltr'>intrare</span> <span class='ocrx_word' id='word_1_316' title='bbox 1630 2568 1754 2622; x_wconf 77' lang='lat' dir='ltr'>poffit,</span> <span class='ocrx_word' id='word_1_317' title='bbox 1776 2568 1801 2607; x_wconf 77' lang='lat' dir='ltr'>si</span> <span class='ocrx_word' id='word_1_318' title='bbox 1828 2567 1986 2621; x_wconf 76' lang='lat' dir='ltr'>simplex</span> 
     </span>
    </p>
   </div>
  </div>
 </body>
</html>
