2330 2983
598 232 676 281 296
900 206 1731 269 TUSCULANARUM'

596 332 632 371 se
651 331 823 370 intendat
852 329 899 367 ad
918 328 1154 374 firmitatem,
1184 338 1228 366 ut
1247 329 1288 366 in
1307 328 1424 366 stadio
1448 328 1614 367 cursores
1634 329 1849 367 exclamant
1867 342 1985 382 quam

595 397 763 434 maxime
782 394 945 448 poffunt.
978 394 1143 432 Faciunt
1159 393 1280 438 idem,
1300 407 1393 431 cum
1412 403 1648 438 exercentur,
1666 393 1818 432 athletae
1836 409 1845 431 ι
1869 394 1985 446 pugi-

596 460 649 498 les
680 473 782 504 vero,
811 459 928 497 etiam
959 471 1053 496 cum
1082 457 1227 496 feriunt
1245 457 1509 503 adversarium,
1543 459 1582 496 in
1608 459 1793 510 jaftandis
1812 458 1985 496 caestibus

594 524 854 577 ingemiscunt
869 542 880 568 3
912 537 989 561 non
1009 523 1113 575 quod
1141 522 1295 560 doleant
1324 523 1498 560 animove
1517 523 1783 568 succumbant,
1815 523 1875 561 sed
1895 523 1986 574 quia

595 590 637 627 in
668 588 932 642 profundenda
961 601 1055 626 voce
1084 601 1199 626 omne
1232 601 1369 640 corpus
1399 587 1625 632 intenditur,
1667 589 1847 641 venitque
1876 588 1988 639 plaga

595 653 873 692 vehementior.

652 720 802 757 XXIV.
835 717 971 770 Qid?
993 718 1060 770 qui
1080 717 1216 755 volunt
1234 717 1444 754 exclamare
1465 718 1601 768 majus,
1623 731 1719 755 num
1739 717 1822 755 satis
1843 716 1986 755 habent

593 785 722 828 latera,
743 783 884 826 fauces,
914 782 1090 834 linguam
1110 781 1318 825 intendere,
1349 794 1369 818 e
1389 781 1531 832 quibus
1546 782 1635 819 elici
1656 794 1790 819 vocem
1815 791 1853 819 et
1872 781 1984 819 fundi

594 849 769 887 videmus
787 849 800 885 ?
850 849 957 885 Toto
990 859 1148 899 corpore
1181 855 1295 897 atque
1324 846 1508 884 omnibus
1542 846 1711 898 ungulis,
1757 856 1800 883 ut
1829 846 1983 891 dicitur,

593 913 835 952 contentioni
850 912 953 950 vocis
973 911 1185 950 afferviunt.
1209 912 1325 950 Genu
1341 910 1560 949 mehercule
1575 913 1637 950 M.
1656 912 1874 950 Antonium
1891 912 1984 955 vidi,

595 993 687 1018 cum
707 988 885 1018 contente
903 991 974 1032 pro
994 977 1029 1015 se
1048 977 1125 1030 ipse
1144 978 1227 1029 lege
1245 977 1358 1015 Varia
1378 977 1532 1022 diceret,
1560 987 1696 1016 terram
1717 986 1880 1030 tangere.
1928 978 1986 1015 Ut

594 1045 700 1083 enim
720 1044 859 1082 balistae
884 1043 1070 1097 lapidum,
1091 1051 1129 1081 et
1157 1043 1302 1095 reliqua
1330 1052 1519 1081 tormenta
1544 1043 1707 1082 telorum
1728 1055 1773 1081 eo
1798 1043 1984 1095 graviores

595 1109 808 1148 emiffiones
842 1107 999 1152 habent,
1033 1121 1111 1160 quo
1145 1107 1232 1145 sunt
1251 1117 1429 1145 contenta
1457 1117 1570 1160 atque
1600 1109 1759 1147 adducta
1777 1107 1984 1145 vehemen-

595 1175 697 1219 tius;
728 1174 779 1212 fic
799 1187 886 1218 vox,
919 1173 968 1211 sic
987 1173 1130 1218 cursus,
1162 1173 1211 1210 fic
1245 1173 1368 1226 plaga,
1398 1172 1474 1211 hoc
1503 1173 1666 1225 gravior,
1698 1186 1776 1226 quo
1795 1172 1847 1210 est
1881 1172 1987 1210 inissa

595 1239 828 1277 contentius.
863 1239 985 1289 Cujus
1005 1238 1262 1276 contentionis
1288 1251 1380 1276 cum
1406 1247 1508 1276 tanta
1527 1239 1582 1276 vis
1603 1239 1660 1282 sit,
1692 1239 1717 1276 fi
1744 1238 1911 1291 gemitus
1943 1239 1983 1275 in

594 1304 725 1342 dolore
745 1303 790 1340 ad
818 1302 1127 1341 confirmandum
1148 1303 1324 1340 animum
1345 1303 1498 1347 valebit,
1530 1313 1684 1340 utemur
1702 1317 1711 1340 :
1746 1304 1796 1340 fin
1818 1304 1889 1341 erit
1919 1304 1984 1341 ille

595 1370 762 1422 gemitus
783 1368 1050 1412 lamentabilis,
1082 1368 1107 1405 fi
1128 1368 1362 1412 imbecillus,
1384 1369 1410 1406 fi
1429 1369 1610 1419 abjectus,
1633 1369 1657 1406 s1
1679 1368 1843 1412 flebilis,
1862 1369 1897 1406 ei
1917 1370 1985 1421 qui

596 1435 631 1472 se
650 1434 808 1479 dederit,
838 1434 902 1471 vix
922 1447 1012 1471 eum
1032 1433 1158 1470 virum
1179 1432 1356 1470 dixerim.
1407 1432 1486 1483 Qi
1507 1433 1665 1484 quidem
1684 1433 1851 1485 gemitus
1882 1433 1907 1471 fi
1928 1433 1984 1470 le-

596 1499 758 1536 vationis
792 1498 939 1550 aliquid
972 1497 1135 1541 afferret,
1167 1506 1294 1535 tamen
1328 1497 1558 1542 videremus,
1591 1498 1685 1550 quid
1704 1497 1792 1535 effet
1811 1497 1920 1536 fortis
1948 1508 1986 1537 et

596 1564 753 1602 animosi
775 1564 858 1601 viri.
891 1565 996 1601 Cum
1016 1576 1104 1600 vero
1124 1561 1222 1600 nihil
1243 1563 1449 1600 imminuat
1476 1563 1631 1608 doloris,
1661 1577 1729 1601 cur
1749 1563 1882 1602 frustra
1902 1573 1984 1602 tur-

597 1643 662 1682 pes
679 1629 748 1667 esse
767 1629 946 1666 volumus
965 1629 978 1665 ?
1010 1627 1118 1679 Qid
1137 1627 1187 1665 est
1205 1628 1309 1665 enim
1330 1627 1421 1665 fletu
1443 1629 1623 1666 muliebri
1643 1629 1724 1666 viro
1745 1629 1892 1681 turpius
1911 1630 1923 1666 ?

652 1697 782 1745 Atque
815 1692 890 1730 hoc
926 1702 1173 1745 praeceptum,
1203 1693 1306 1743 quod
1329 1693 1374 1730 de
1404 1693 1533 1730 dolore
1566 1693 1688 1738 datur,
1720 1703 1822 1745 patet
1856 1694 1981 1733 latius.

598 1759 794 1797 Omnibus
815 1759 919 1795 enim
940 1758 1065 1801 rebus,
1092 1770 1168 1795 non
1199 1757 1320 1794 solum
1342 1758 1478 1801 dolori,
1500 1758 1614 1796 simili
1634 1758 1880 1797 contentione
1899 1761 1982 1798 ani-

597 1824 651 1861 mi
674 1823 913 1861 refistendum
934 1821 999 1859 est.
1033 1822 1090 1859 Ira
1102 1821 1335 1859 exardescit?
1358 1821 1480 1859 libido
1499 1822 1712 1860 concitatur
1730 1823 1742 1858 ?
1765 1824 1809 1860 ln
1825 1824 1984 1863 eandem

596 1902 722 1926 arcem
743 1887 1045 1939 confugiendum
1067 1887 1145 1931 est;
1176 1887 1306 1924 eadem
1328 1886 1413 1924 sunt
1432 1900 1535 1925 arma
1556 1887 1748 1925 sumenda.
1795 1889 1865 1925 Sed
1885 1902 1983 1940 quo-

597 1954 701 1991 niam
722 1953 768 1990 de
794 1953 923 1990 dolore
942 1951 1154 2002 loquimur,
1186 1951 1250 1988 illa
1269 1953 1508 1989 omittamus.
1551 1953 1613 1990 Ad
1636 1951 1837 1991 ferendum
1868 1954 1985 2006 igitur

596 2017 766 2055 dolorem
802 2016 948 2068 placide
981 2024 1018 2052 et
1052 2014 1187 2058 sedate,
1219 2015 1432 2066 plurimum
1464 2015 1613 2067 proficit
1644 2025 1726 2054 toto
1747 2019 1909 2068 pectOre,
1942 2028 1984 2056 ut

595 2083 751 2126 dicitur,
787 2082 965 2134 cogitare,
993 2094 1109 2132 quam
1145 2080 1181 2118 id
1212 2080 1411 2118 honestum
1438 2081 1493 2118 sit.
1545 2084 1682 2118 Sumus
1711 2082 1815 2119 enim
1837 2084 1982 2128 natura,

597 2158 639 2186 ut
659 2158 744 2185 ante
765 2148 858 2191 dixi,
882 2147 1106 2197 (dicendum
1137 2146 1185 2184 est
1207 2147 1310 2184 enim
1344 2146 1492 2198 sarpius)
1524 2146 1773 2184 studiosissimi
1800 2158 1981 2200 appeten·

597 2214 804 2266 tiffimique
824 2212 1026 2250 honestatis
1044 2230 1054 2256 ;
1086 2213 1194 2264 cujus
1216 2212 1239 2250 si
1262 2212 1362 2264 quasi
1386 2212 1515 2250 lumen
1536 2213 1691 2264 aliquod
1711 2212 1980 2265 aspexerimus,

597 2278 695 2317 nihil
716 2279 781 2323 cst,
812 2278 929 2330 quod,
962 2287 1003 2315 ut
1038 2291 1082 2314 eo
1103 2278 1307 2329 potiamur,
1338 2291 1414 2316 non
1449 2279 1564 2330 parati
1588 2278 1700 2316 limus
1730 2288 1767 2316 et
1802 2277 1910 2323 ferre,
1944 2290 1982 2318 et

596 2344 756 2397 perpeti.
781 2344 839 2381 Ex
861 2343 933 2381 hoc
946 2343 1054 2381 cursu
1072 2353 1183 2394 atque
1206 2344 1350 2396 impetu
1367 2344 1582 2381 animorum
1603 2344 1647 2381 ad
1668 2357 1792 2382 veram
1814 2344 1980 2389 laudem.

596 2419 708 2461 atque
728 2408 974 2452 honestatem,
997 2408 1060 2446 illa
1081 2407 1245 2460 pericula
1265 2409 1450 2446 adeuntur
1471 2410 1509 2446 in
1529 2409 1663 2461 prreliis
1681 2428 1692 2453 ;
1725 2423 1800 2448 non
1816 2409 1980 2448 sentiunt

597 2474 666 2511 viri
689 2473 804 2511 fortes
824 2474 862 2511 in
884 2473 962 2511 acie
983 2473 1163 2518 vulnera5
1195 2473 1252 2510 vel
1271 2473 1449 2517 sentiunt.
1473 2473 1530 2511 scd
1553 2475 1648 2511 mori
1671 2475 1833 2519 malunt,
1864 2488 1980 2527 quam

594 2539 791 2578 tantillum
813 2539 928 2578 modo
954 2538 999 2577 de
1019 2538 1214 2592 dignitatis
1233 2538 1352 2592 gradu
1372 2538 1570 2578 dimoveri.
1610 2540 1816 2594 Fulgentes
1834 2539 1979 2592 gladios
