<?xml version="1.0" encoding="UTF-8"?>
<!DOCTYPE html PUBLIC "-//W3C//DTD XHTML 1.0 Transitional//EN"
    "http://www.w3.org/TR/xhtml1/DTD/xhtml1-transitional.dtd">
<html xmlns="http://www.w3.org/1999/xhtml" xml:lang="en" lang="en">
 <head>
  <title>
</title>
<meta http-equiv="Content-Type" content="text/html;charset=utf-8" />
  <meta name='ocr-system' content='tesseract 3.04.00' />
  <meta name='ocr-capabilities' content='ocr_page ocr_carea ocr_par ocr_line ocrx_word'/>
</head>
<body>
  <div class='ocr_page' id='page_1' title='image "./operacumindicibu02ciceuoft_0365.png"; bbox 0 0 2330 2983; ppageno 0'>
   <div class='ocr_carea' id='block_1_1' title="bbox 656 211 1735 266">
    <p class='ocr_par' dir='ltr' id='par_1_1' title="bbox 656 211 1735 266">
     <span class='ocr_line' id='line_1_1' title="bbox 656 211 1735 266; baseline 0 -16"><span class='ocrx_word' id='word_1_1' title='bbox 656 211 932 251; x_wconf 82' lang='lat' dir='ltr'>LIBER</span> <span class='ocrx_word' id='word_1_2' title='bbox 990 211 1418 264; x_wconf 69' lang='lat' dir='ltr'>QUARTUS.</span> <span class='ocrx_word' id='word_1_3' title='bbox 1658 226 1735 266; x_wconf 77' lang='lat'>357</span> 
     </span>
    </p>
   </div>
   <div class='ocr_carea' id='block_1_2' title="bbox 350 312 1803 2585">
    <p class='ocr_par' dir='ltr' id='par_1_2' title="bbox 486 312 1440 366">
     <span class='ocr_line' id='line_1_2' title="bbox 486 312 1440 366; baseline 0 -16"><span class='ocrx_word' id='word_1_4' title='bbox 486 312 619 365; x_wconf 79' lang='lat' dir='ltr'><em>Impius</em></span> <span class='ocrx_word' id='word_1_5' title='bbox 637 312 810 351; x_wconf 80' lang='lat' dir='ltr'><em>hortatur</em></span> <span class='ocrx_word' id='word_1_6' title='bbox 828 327 880 351; x_wconf 82' lang='lat' dir='ltr'>me</span> <span class='ocrx_word' id='word_1_7' title='bbox 884 313 1030 365; x_wconf 82' lang='lat' dir='ltr'>frater,</span> <span class='ocrx_word' id='word_1_8' title='bbox 1062 321 1103 351; x_wconf 87' lang='lat' dir='ltr'>ut</span> <span class='ocrx_word' id='word_1_9' title='bbox 1122 326 1209 350; x_wconf 84' lang='lat' dir='ltr'>meos</span> <span class='ocrx_word' id='word_1_10' title='bbox 1227 313 1326 350; x_wconf 80' lang='lat' dir='ltr'>malis</span> <span class='ocrx_word' id='word_1_11' title='bbox 1339 312 1440 366; x_wconf 66' lang='lat' dir='ltr'>mg‘ser</span> 
     </span>
    </p>

    <p class='ocr_par' dir='ltr' id='par_1_3' title="bbox 350 378 1803 1212">
     <span class='ocr_line' id='line_1_3' title="bbox 486 378 828 416; baseline 0 0"><span class='ocrx_word' id='word_1_12' title='bbox 486 378 695 416; x_wconf 77' lang='lat' dir='ltr'>Manderem</span> <span class='ocrx_word' id='word_1_13' title='bbox 714 387 828 416; x_wconf 79' lang='lat' dir='ltr'>natos.</span> 
     </span>
     <span class='ocr_line' id='line_1_4' title="bbox 352 442 1738 496; baseline 0.001 -16"><span class='ocrx_word' id='word_1_14' title='bbox 352 442 500 480; x_wconf 86' lang='lat' dir='ltr'>Eorum</span> <span class='ocrx_word' id='word_1_15' title='bbox 534 443 672 480; x_wconf 89' lang='lat' dir='ltr'>viscera</span> <span class='ocrx_word' id='word_1_16' title='bbox 701 443 885 495; x_wconf 88' lang='lat' dir='ltr'>apponit:</span> <span class='ocrx_word' id='word_1_17' title='bbox 916 442 1010 493; x_wconf 89' lang='lat' dir='ltr'>quid</span> <span class='ocrx_word' id='word_1_18' title='bbox 1037 442 1090 479; x_wconf 88' lang='lat' dir='ltr'>est</span> <span class='ocrx_word' id='word_1_19' title='bbox 1117 443 1239 486; x_wconf 90' lang='lat' dir='ltr'>enim,</span> <span class='ocrx_word' id='word_1_20' title='bbox 1270 456 1348 493; x_wconf 88' lang='lat' dir='ltr'>quo</span> <span class='ocrx_word' id='word_1_21' title='bbox 1379 455 1455 480; x_wconf 89' lang='lat' dir='ltr'>non</span> <span class='ocrx_word' id='word_1_22' title='bbox 1475 442 1738 496; x_wconf 84' lang='lat' dir='ltr'>progrediatur</span> 
     </span>
     <span class='ocr_line' id='line_1_5' title="bbox 351 507 1738 559; baseline 0.001 -14"><span class='ocrx_word' id='word_1_23' title='bbox 351 507 433 545; x_wconf 85' lang='lat' dir='ltr'>ira?</span> <span class='ocrx_word' id='word_1_24' title='bbox 463 507 612 551; x_wconf 89' lang='lat' dir='ltr'>eodem,</span> <span class='ocrx_word' id='word_1_25' title='bbox 634 521 712 558; x_wconf 90' lang='lat' dir='ltr'>quo</span> <span class='ocrx_word' id='word_1_26' title='bbox 731 507 851 545; x_wconf 91' lang='lat' dir='ltr'>furor.</span> <span class='ocrx_word' id='word_1_27' title='bbox 896 508 1030 559; x_wconf 89' lang='lat' dir='ltr'>Itaque</span> <span class='ocrx_word' id='word_1_28' title='bbox 1060 507 1172 544; x_wconf 86' lang='lat' dir='ltr'>iratos</span> <span class='ocrx_word' id='word_1_29' title='bbox 1193 507 1342 558; x_wconf 84' lang='lat' dir='ltr'>proprie</span> <span class='ocrx_word' id='word_1_30' title='bbox 1368 508 1533 546; x_wconf 87' lang='lat' dir='ltr'>dicimus</span> <span class='ocrx_word' id='word_1_31' title='bbox 1552 508 1665 546; x_wconf 80' lang='lat' dir='ltr'>exisse</span> <span class='ocrx_word' id='word_1_32' title='bbox 1691 510 1738 546; x_wconf 89' lang='lat' dir='ltr'>de</span> 
     </span>
     <span class='ocr_line' id='line_1_6' title="bbox 350 570 1737 624; baseline 0.001 -15"><span class='ocrx_word' id='word_1_33' title='bbox 350 571 546 624; x_wconf 88' lang='lat' dir='ltr'>potestate,</span> <span class='ocrx_word' id='word_1_34' title='bbox 568 571 607 609; x_wconf 89' lang='lat' dir='ltr'>id</span> <span class='ocrx_word' id='word_1_35' title='bbox 626 572 691 616; x_wconf 88' lang='lat' dir='ltr'>est,</span> <span class='ocrx_word' id='word_1_36' title='bbox 714 572 760 609; x_wconf 92' lang='lat' dir='ltr'>de</span> <span class='ocrx_word' id='word_1_37' title='bbox 779 571 951 616; x_wconf 75' lang='lat' dir='ltr'>consilio,</span> <span class='ocrx_word' id='word_1_38' title='bbox 977 572 1023 609; x_wconf 91' lang='lat' dir='ltr'>de</span> <span class='ocrx_word' id='word_1_39' title='bbox 1042 572 1200 615; x_wconf 87' lang='lat' dir='ltr'>ratione,</span> <span class='ocrx_word' id='word_1_40' title='bbox 1221 571 1267 608; x_wconf 90' lang='lat' dir='ltr'>de</span> <span class='ocrx_word' id='word_1_41' title='bbox 1288 579 1417 609; x_wconf 88' lang='lat' dir='ltr'>mente</span> <span class='ocrx_word' id='word_1_42' title='bbox 1435 587 1443 608; x_wconf 92' lang='lat'>:</span> <span class='ocrx_word' id='word_1_43' title='bbox 1473 570 1610 610; x_wconf 89' lang='lat' dir='ltr'>horum</span> <span class='ocrx_word' id='word_1_44' title='bbox 1632 575 1737 611; x_wconf 89' lang='lat' dir='ltr'>enim</span> 
     </span>
     <span class='ocr_line' id='line_1_7' title="bbox 350 636 1739 689; baseline 0.001 -15"><span class='ocrx_word' id='word_1_45' title='bbox 350 637 511 689; x_wconf 81' lang='lat' dir='ltr'>potestas</span> <span class='ocrx_word' id='word_1_46' title='bbox 530 637 571 674; x_wconf 85' lang='lat' dir='ltr'>in</span> <span class='ocrx_word' id='word_1_47' title='bbox 592 646 718 675; x_wconf 86' lang='lat' dir='ltr'>totum</span> <span class='ocrx_word' id='word_1_48' title='bbox 739 637 913 674; x_wconf 85' lang='lat' dir='ltr'>animum</span> <span class='ocrx_word' id='word_1_49' title='bbox 933 636 1003 674; x_wconf 83' lang='lat' dir='ltr'>effe</span> <span class='ocrx_word' id='word_1_50' title='bbox 1023 636 1149 675; x_wconf 91' lang='lat' dir='ltr'>debet.</span> <span class='ocrx_word' id='word_1_51' title='bbox 1195 637 1271 674; x_wconf 85' lang='lat' dir='ltr'>His</span> <span class='ocrx_word' id='word_1_52' title='bbox 1293 646 1357 674; x_wconf 90' lang='lat' dir='ltr'>aut</span> <span class='ocrx_word' id='word_1_53' title='bbox 1377 636 1622 675; x_wconf 86' lang='lat' dir='ltr'>subtrahendi</span> <span class='ocrx_word' id='word_1_54' title='bbox 1652 638 1739 675; x_wconf 83' lang='lat' dir='ltr'>sunt</span> 
     </span>
     <span class='ocr_line' id='line_1_8' title="bbox 351 702 1739 755; baseline 0.001 -16"><span class='ocrx_word' id='word_1_55' title='bbox 351 704 400 747; x_wconf 89' lang='lat' dir='ltr'>ei,</span> <span class='ocrx_word' id='word_1_56' title='bbox 421 703 460 740; x_wconf 89' lang='lat' dir='ltr'>in</span> <span class='ocrx_word' id='word_1_57' title='bbox 481 715 576 754; x_wconf 87' lang='lat' dir='ltr'>quos</span> <span class='ocrx_word' id='word_1_58' title='bbox 597 703 786 755; x_wconf 86' lang='lat' dir='ltr'>impetum</span> <span class='ocrx_word' id='word_1_59' title='bbox 807 711 993 740; x_wconf 86' lang='lat' dir='ltr'>conantur</span> <span class='ocrx_word' id='word_1_60' title='bbox 1009 702 1144 747; x_wconf 87' lang='lat' dir='ltr'>facere,</span> <span class='ocrx_word' id='word_1_61' title='bbox 1161 703 1256 740; x_wconf 89' lang='lat' dir='ltr'>dum</span> <span class='ocrx_word' id='word_1_62' title='bbox 1276 702 1310 740; x_wconf 87' lang='lat' dir='ltr'>se</span> <span class='ocrx_word' id='word_1_63' title='bbox 1330 703 1397 755; x_wconf 83' lang='lat' dir='ltr'>ipfi</span> <span class='ocrx_word' id='word_1_64' title='bbox 1412 703 1610 754; x_wconf 84' lang='lat' dir='ltr'>colligant,</span> <span class='ocrx_word' id='word_1_65' title='bbox 1627 702 1739 755; x_wconf 87' lang='lat' dir='ltr'>(quid</span> 
     </span>
     <span class='ocr_line' id='line_1_9' title="bbox 352 767 1803 820; baseline 0 -15"><span class='ocrx_word' id='word_1_66' title='bbox 352 767 404 805; x_wconf 91' lang='lat' dir='ltr'>est</span> <span class='ocrx_word' id='word_1_67' title='bbox 424 778 551 806; x_wconf 87' lang='lat' dir='ltr'>autern</span> <span class='ocrx_word' id='word_1_68' title='bbox 571 767 606 820; x_wconf 73' lang='lat' dir='ltr'>se</span> <span class='ocrx_word' id='word_1_69' title='bbox 626 768 752 820; x_wconf 87' lang='lat' dir='ltr'>ipsum</span> <span class='ocrx_word' id='word_1_70' title='bbox 771 768 966 819; x_wconf 84' lang='lat' dir='ltr'>colligere,</span> <span class='ocrx_word' id='word_1_71' title='bbox 1000 769 1067 806; x_wconf 86' lang='lat' dir='ltr'>nifi</span> <span class='ocrx_word' id='word_1_72' title='bbox 1089 768 1274 820; x_wconf 73' lang='lat' dir='ltr'>dissipatas</span> <span class='ocrx_word' id='word_1_73' title='bbox 1294 768 1414 806; x_wconf 87' lang='lat' dir='ltr'>animi</span> <span class='ocrx_word' id='word_1_74' title='bbox 1447 777 1568 820; x_wconf 84' lang='lat' dir='ltr'>partes</span> <span class='ocrx_word' id='word_1_75' title='bbox 1590 768 1740 806; x_wconf 89' lang='lat' dir='ltr'>rursum</span> <span class='ocrx_word' id='word_1_76' title='bbox 1798 801 1803 805; x_wconf 85' lang='grc'><strong><em>,</em></strong></span> 
     </span>
     <span class='ocr_line' id='line_1_10' title="bbox 354 833 1741 885; baseline 0 -15"><span class='ocrx_word' id='word_1_77' title='bbox 354 834 394 871; x_wconf 92' lang='lat' dir='ltr'>in</span> <span class='ocrx_word' id='word_1_78' title='bbox 414 833 524 871; x_wconf 89' lang='lat' dir='ltr'>suum</span> <span class='ocrx_word' id='word_1_79' title='bbox 546 833 678 870; x_wconf 91' lang='lat' dir='ltr'>locum</span> <span class='ocrx_word' id='word_1_80' title='bbox 698 834 848 884; x_wconf 85' lang='lat' dir='ltr'>cogere)</span> <span class='ocrx_word' id='word_1_81' title='bbox 871 842 936 870; x_wconf 88' lang='lat' dir='ltr'>aut</span> <span class='ocrx_word' id='word_1_82' title='bbox 955 834 1112 885; x_wconf 85' lang='lat' dir='ltr'>rogandi</span> <span class='ocrx_word' id='word_1_83' title='bbox 1132 833 1340 884; x_wconf 89' lang='lat' dir='ltr'>orandique</span> <span class='ocrx_word' id='word_1_84' title='bbox 1361 833 1460 877; x_wconf 88' lang='lat' dir='ltr'>sunt,</span> <span class='ocrx_word' id='word_1_85' title='bbox 1492 842 1548 877; x_wconf 88' lang='lat' dir='ltr'>ut,</span> <span class='ocrx_word' id='word_1_86' title='bbox 1576 834 1601 870; x_wconf 87' lang='lat' dir='ltr'>fi</span> <span class='ocrx_word' id='word_1_87' title='bbox 1621 847 1741 885; x_wconf 87' lang='lat' dir='ltr'>quam</span> 
     </span>
     <span class='ocr_line' id='line_1_11' title="bbox 353 896 1744 950; baseline 0 -15"><span class='ocrx_word' id='word_1_88' title='bbox 353 896 496 935; x_wconf 89' lang='lat' dir='ltr'>habent</span> <span class='ocrx_word' id='word_1_89' title='bbox 518 897 722 935; x_wconf 85' lang='lat' dir='ltr'>ulciscendi</span> <span class='ocrx_word' id='word_1_90' title='bbox 743 898 836 942; x_wconf 89' lang='lat' dir='ltr'>vim,</span> <span class='ocrx_word' id='word_1_91' title='bbox 867 897 1044 935; x_wconf 81' lang='lat' dir='ltr'>differant</span> <span class='ocrx_word' id='word_1_92' title='bbox 1064 899 1103 935; x_wconf 87' lang='lat' dir='ltr'>in</span> <span class='ocrx_word' id='word_1_93' title='bbox 1124 907 1275 950; x_wconf 89' lang='lat' dir='ltr'>tempus</span> <span class='ocrx_word' id='word_1_94' title='bbox 1297 898 1414 942; x_wconf 89' lang='lat' dir='ltr'>aliud,</span> <span class='ocrx_word' id='word_1_95' title='bbox 1436 898 1531 935; x_wconf 90' lang='lat' dir='ltr'>dum</span> <span class='ocrx_word' id='word_1_96' title='bbox 1551 897 1744 936; x_wconf 81' lang='lat' dir='ltr'>deferves-</span> 
     </span>
     <span class='ocr_line' id='line_1_12' title="bbox 354 962 1746 1014; baseline 0 -14"><span class='ocrx_word' id='word_1_97' title='bbox 354 972 414 1000; x_wconf 89' lang='lat' dir='ltr'>cat</span> <span class='ocrx_word' id='word_1_98' title='bbox 433 963 498 1001; x_wconf 87' lang='lat' dir='ltr'>ira.</span> <span class='ocrx_word' id='word_1_99' title='bbox 536 962 802 1001; x_wconf 89' lang='lat' dir='ltr'>Defervescere</span> <span class='ocrx_word' id='word_1_100' title='bbox 821 973 949 1000; x_wconf 90' lang='lat' dir='ltr'>autem</span> <span class='ocrx_word' id='word_1_101' title='bbox 969 973 1070 1000; x_wconf 86' lang='lat' dir='ltr'>certe</span> <span class='ocrx_word' id='word_1_102' title='bbox 1090 963 1274 1014; x_wconf 87' lang='lat' dir='ltr'>fignificat</span> <span class='ocrx_word' id='word_1_103' title='bbox 1292 963 1463 1000; x_wconf 88' lang='lat' dir='ltr'>ardorem</span> <span class='ocrx_word' id='word_1_104' title='bbox 1483 963 1603 1000; x_wconf 84' lang='lat' dir='ltr'>animi</span> <span class='ocrx_word' id='word_1_105' title='bbox 1622 964 1746 1000; x_wconf 86' lang='lat' dir='ltr'>invita</span> 
     </span>
     <span class='ocr_line' id='line_1_13' title="bbox 355 1028 1744 1080; baseline 0.001 -15"><span class='ocrx_word' id='word_1_106' title='bbox 355 1029 496 1066; x_wconf 88' lang='lat' dir='ltr'>ratione</span> <span class='ocrx_word' id='word_1_107' title='bbox 515 1028 740 1066; x_wconf 75' lang='lat' dir='ltr'>excitatum.</span> <span class='ocrx_word' id='word_1_108' title='bbox 786 1029 847 1066; x_wconf 83' lang='lat' dir='ltr'>Ex</span> <span class='ocrx_word' id='word_1_109' title='bbox 866 1042 945 1080; x_wconf 90' lang='lat' dir='ltr'>quo</span> <span class='ocrx_word' id='word_1_110' title='bbox 974 1028 1072 1066; x_wconf 90' lang='lat' dir='ltr'>illud</span> <span class='ocrx_word' id='word_1_111' title='bbox 1102 1029 1275 1066; x_wconf 85' lang='lat' dir='ltr'>laudatur</span> <span class='ocrx_word' id='word_1_112' title='bbox 1294 1028 1474 1080; x_wconf 84' lang='lat' dir='ltr'>Archytae</span> <span class='ocrx_word' id='word_1_113' title='bbox 1490 1047 1501 1073; x_wconf 65' lang='grc' dir='ltr'><strong><em>ς</em></strong></span> <span class='ocrx_word' id='word_1_114' title='bbox 1532 1029 1613 1080; x_wconf 86' lang='lat' dir='ltr'>qui,</span> <span class='ocrx_word' id='word_1_115' title='bbox 1648 1042 1744 1066; x_wconf 88' lang='lat' dir='ltr'>cum</span> 
     </span>
     <span class='ocr_line' id='line_1_14' title="bbox 353 1092 1752 1146; baseline 0.001 -16"><span class='ocrx_word' id='word_1_116' title='bbox 353 1093 484 1131; x_wconf 89' lang='lat' dir='ltr'>villico</span> <span class='ocrx_word' id='word_1_117' title='bbox 514 1092 635 1131; x_wconf 57' lang='lat' dir='ltr'>faetus</span> <span class='ocrx_word' id='word_1_118' title='bbox 669 1092 758 1130; x_wconf 79' lang='lat' dir='ltr'>esset</span> <span class='ocrx_word' id='word_1_119' title='bbox 791 1094 934 1138; x_wconf 82' lang='lat' dir='ltr'>iratior,</span> <span class='ocrx_word' id='word_1_120' title='bbox 964 1095 1041 1144; x_wconf 76' lang='lat' dir='ltr'>Qo</span> <span class='ocrx_word' id='word_1_121' title='bbox 1072 1103 1106 1131; x_wconf 80' lang='lat' dir='ltr'>te</span> <span class='ocrx_word' id='word_1_122' title='bbox 1137 1093 1246 1138; x_wconf 89' lang='lat' dir='ltr'>modo,</span> <span class='ocrx_word' id='word_1_123' title='bbox 1275 1093 1420 1145; x_wconf 89' lang='lat' dir='ltr'>inquit,</span> <span class='ocrx_word' id='word_1_124' title='bbox 1448 1093 1652 1146; x_wconf 65' lang='lat' dir='ltr'>accepfffi&#39;m,</span> <span class='ocrx_word' id='word_1_125' title='bbox 1680 1093 1752 1145; x_wconf 68' lang='lat' dir='ltr'>⁷²ss</span> 
     </span>
     <span class='ocr_line' id='line_1_15' title="bbox 353 1158 615 1212; baseline 0 -16"><span class='ocrx_word' id='word_1_126' title='bbox 353 1159 472 1197; x_wconf 80' lang='lat' dir='ltr'>iratus</span> <span class='ocrx_word' id='word_1_127' title='bbox 489 1158 581 1212; x_wconf 75' lang='lat' dir='ltr'>ff’m</span> <span class='ocrx_word' id='word_1_128' title='bbox 595 1158 615 1196; x_wconf 63' lang='grc' dir='ltr'><strong><em>ἓ</em></strong></span> 
     </span>
    </p>

    <p class='ocr_par' dir='ltr' id='par_1_4' title="bbox 356 1223 1751 2061">
     <span class='ocr_line' id='line_1_16' title="bbox 407 1223 1742 1276; baseline 0 -13"><span class='ocrx_word' id='word_1_129' title='bbox 407 1225 619 1263; x_wconf 88' lang='lat' dir='ltr'>XXXVII.</span> <span class='ocrx_word' id='word_1_130' title='bbox 651 1224 733 1262; x_wconf 88' lang='lat' dir='ltr'>Ubi</span> <span class='ocrx_word' id='word_1_131' title='bbox 753 1223 840 1262; x_wconf 86' lang='lat' dir='ltr'>sunt</span> <span class='ocrx_word' id='word_1_132' title='bbox 859 1237 948 1276; x_wconf 88' lang='lat' dir='ltr'>ergo</span> <span class='ocrx_word' id='word_1_133' title='bbox 968 1224 1042 1269; x_wconf 84' lang='lat' dir='ltr'>isti,</span> <span class='ocrx_word' id='word_1_134' title='bbox 1061 1224 1129 1276; x_wconf 86' lang='lat' dir='ltr'>qui</span> <span class='ocrx_word' id='word_1_135' title='bbox 1149 1224 1384 1262; x_wconf 82' lang='lat' dir='ltr'>iracundiam</span> <span class='ocrx_word' id='word_1_136' title='bbox 1415 1224 1555 1263; x_wconf 89' lang='lat' dir='ltr'>utilem</span> <span class='ocrx_word' id='word_1_137' title='bbox 1574 1225 1709 1263; x_wconf 90' lang='lat' dir='ltr'>dicunt</span> <span class='ocrx_word' id='word_1_138' title='bbox 1727 1225 1742 1262; x_wconf 87' lang='lat'>?</span> 
     </span>
     <span class='ocr_line' id='line_1_17' title="bbox 356 1290 1743 1344; baseline 0 -16"><span class='ocrx_word' id='word_1_139' title='bbox 356 1291 476 1344; x_wconf 87' lang='lat' dir='ltr'>potest</span> <span class='ocrx_word' id='word_1_140' title='bbox 496 1290 601 1328; x_wconf 85' lang='lat' dir='ltr'>utilis</span> <span class='ocrx_word' id='word_1_141' title='bbox 621 1290 692 1327; x_wconf 75' lang='lat' dir='ltr'>ess&#39;e</span> <span class='ocrx_word' id='word_1_142' title='bbox 710 1290 876 1328; x_wconf 86' lang='lat' dir='ltr'>insania?</span> <span class='ocrx_word' id='word_1_143' title='bbox 909 1293 989 1327; x_wconf 87' lang='lat' dir='ltr'>Aut</span> <span class='ocrx_word' id='word_1_144' title='bbox 1010 1290 1220 1328; x_wconf 84' lang='lat' dir='ltr'>naturalem</span> <span class='ocrx_word' id='word_1_145' title='bbox 1238 1290 1252 1326; x_wconf 87' lang='lat'>?</span> <span class='ocrx_word' id='word_1_146' title='bbox 1283 1304 1328 1328; x_wconf 89' lang='lat' dir='ltr'>an</span> <span class='ocrx_word' id='word_1_147' title='bbox 1348 1290 1561 1343; x_wconf 84' lang='lat' dir='ltr'>quidquam</span> <span class='ocrx_word' id='word_1_148' title='bbox 1580 1290 1651 1328; x_wconf 86' lang='lat' dir='ltr'>effe</span> <span class='ocrx_word' id='word_1_149' title='bbox 1669 1305 1743 1344; x_wconf 89' lang='lat' dir='ltr'>po-</span> 
     </span>
     <span class='ocr_line' id='line_1_18' title="bbox 357 1355 1751 1408; baseline 0.001 -15"><span class='ocrx_word' id='word_1_150' title='bbox 357 1356 426 1394; x_wconf 81' lang='lat' dir='ltr'>test</span> <span class='ocrx_word' id='word_1_151' title='bbox 445 1355 654 1393; x_wconf 90' lang='lat' dir='ltr'>secundum</span> <span class='ocrx_word' id='word_1_152' title='bbox 672 1364 862 1400; x_wconf 88' lang='lat' dir='ltr'>naturam,</span> <span class='ocrx_word' id='word_1_153' title='bbox 882 1356 986 1407; x_wconf 91' lang='lat' dir='ltr'>quod</span> <span class='ocrx_word' id='word_1_154' title='bbox 1006 1356 1050 1394; x_wconf 87' lang='lat' dir='ltr'>fit</span> <span class='ocrx_word' id='word_1_155' title='bbox 1066 1365 1299 1408; x_wconf 82' lang='lat' dir='ltr'>repugnante</span> <span class='ocrx_word' id='word_1_156' title='bbox 1319 1356 1489 1394; x_wconf 89' lang='lat' dir='ltr'>ratione?</span> <span class='ocrx_word' id='word_1_157' title='bbox 1520 1357 1612 1408; x_wconf 86' lang='lat' dir='ltr'>Qo</span> <span class='ocrx_word' id='word_1_158' title='bbox 1627 1357 1751 1396; x_wconf 85' lang='lat' dir='ltr'>modo</span> 
     </span>
     <span class='ocr_line' id='line_1_19' title="bbox 358 1420 1741 1474; baseline 0.001 -16"><span class='ocrx_word' id='word_1_159' title='bbox 358 1430 500 1465; x_wconf 64' lang='lat' dir='ltr'>autem,</span> <span class='ocrx_word' id='word_1_160' title='bbox 520 1420 547 1458; x_wconf 87' lang='lat' dir='ltr'>fi</span> <span class='ocrx_word' id='word_1_161' title='bbox 568 1420 746 1458; x_wconf 85' lang='lat' dir='ltr'>naturalis</span> <span class='ocrx_word' id='word_1_162' title='bbox 766 1420 855 1458; x_wconf 83' lang='lat' dir='ltr'>effet</span> <span class='ocrx_word' id='word_1_163' title='bbox 875 1421 941 1465; x_wconf 90' lang='lat' dir='ltr'>ira,</span> <span class='ocrx_word' id='word_1_164' title='bbox 972 1430 1036 1458; x_wconf 91' lang='lat' dir='ltr'>aut</span> <span class='ocrx_word' id='word_1_165' title='bbox 1055 1421 1149 1459; x_wconf 88' lang='lat' dir='ltr'>alius</span> <span class='ocrx_word' id='word_1_166' title='bbox 1169 1421 1244 1459; x_wconf 88' lang='lat' dir='ltr'>alio</span> <span class='ocrx_word' id='word_1_167' title='bbox 1264 1422 1386 1474; x_wconf 89' lang='lat' dir='ltr'>magis</span> <span class='ocrx_word' id='word_1_168' title='bbox 1405 1422 1607 1459; x_wconf 86' lang='lat' dir='ltr'>iracundus</span> <span class='ocrx_word' id='word_1_169' title='bbox 1627 1421 1715 1460; x_wconf 82' lang='lat' dir='ltr'>effet</span> <span class='ocrx_word' id='word_1_170' title='bbox 1728 1440 1741 1466; x_wconf 89' lang='lat'>;</span> 
     </span>
     <span class='ocr_line' id='line_1_20' title="bbox 358 1485 1745 1539; baseline 0 -15"><span class='ocrx_word' id='word_1_171' title='bbox 358 1496 423 1524; x_wconf 83' lang='lat' dir='ltr'>aut</span> <span class='ocrx_word' id='word_1_172' title='bbox 438 1486 556 1524; x_wconf 87' lang='lat' dir='ltr'>finem</span> <span class='ocrx_word' id='word_1_173' title='bbox 576 1485 731 1524; x_wconf 88' lang='lat' dir='ltr'>haberet</span> <span class='ocrx_word' id='word_1_174' title='bbox 749 1487 868 1539; x_wconf 87' lang='lat' dir='ltr'>prius,</span> <span class='ocrx_word' id='word_1_175' title='bbox 900 1499 1017 1538; x_wconf 89' lang='lat' dir='ltr'>quam</span> <span class='ocrx_word' id='word_1_176' title='bbox 1037 1486 1124 1524; x_wconf 82' lang='lat' dir='ltr'>effet</span> <span class='ocrx_word' id='word_1_177' title='bbox 1145 1487 1238 1531; x_wconf 87' lang='lat' dir='ltr'>ulta,</span> <span class='ocrx_word' id='word_1_178' title='bbox 1273 1487 1479 1524; x_wconf 89' lang='lat' dir='ltr'>ulciscendi</span> <span class='ocrx_word' id='word_1_179' title='bbox 1500 1487 1620 1524; x_wconf 84' lang='lat' dir='ltr'>libido</span> <span class='ocrx_word' id='word_1_180' title='bbox 1636 1504 1647 1531; x_wconf 82' lang='lat'><em>3</em></span> <span class='ocrx_word' id='word_1_181' title='bbox 1679 1495 1745 1524; x_wconf 91' lang='lat' dir='ltr'>aut</span> 
     </span>
     <span class='ocr_line' id='line_1_21' title="bbox 358 1550 1744 1604; baseline 0.001 -16"><span class='ocrx_word' id='word_1_182' title='bbox 358 1564 596 1604; x_wconf 84' lang='lat' dir='ltr'>quemquam</span> <span class='ocrx_word' id='word_1_183' title='bbox 626 1551 841 1603; x_wconf 83' lang='lat' dir='ltr'>poeniteret‚</span> <span class='ocrx_word' id='word_1_184' title='bbox 869 1551 972 1603; x_wconf 91' lang='lat' dir='ltr'>quod</span> <span class='ocrx_word' id='word_1_185' title='bbox 1005 1550 1147 1589; x_wconf 82' lang='lat' dir='ltr'>feciffet</span> <span class='ocrx_word' id='word_1_186' title='bbox 1179 1565 1246 1603; x_wconf 90' lang='lat' dir='ltr'>per</span> <span class='ocrx_word' id='word_1_187' title='bbox 1273 1551 1382 1596; x_wconf 88' lang='lat' dir='ltr'>iram,</span> <span class='ocrx_word' id='word_1_188' title='bbox 1416 1561 1459 1589; x_wconf 85' lang='lat' dir='ltr'>ut</span> <span class='ocrx_word' id='word_1_189' title='bbox 1478 1551 1744 1591; x_wconf 86' lang='lat' dir='ltr'>Alexandrum</span> 
     </span>
     <span class='ocr_line' id='line_1_22' title="bbox 358 1615 1744 1669; baseline -0.001 -14"><span class='ocrx_word' id='word_1_190' title='bbox 358 1629 483 1669; x_wconf 79' lang='lat' dir='ltr'>regem</span> <span class='ocrx_word' id='word_1_191' title='bbox 501 1616 674 1654; x_wconf 85' lang='lat' dir='ltr'>videmus</span> <span class='ocrx_word' id='word_1_192' title='bbox 687 1633 699 1660; x_wconf 67' lang='grc' dir='ltr'><strong><em>ς</em></strong></span> <span class='ocrx_word' id='word_1_193' title='bbox 720 1616 803 1668; x_wconf 89' lang='lat' dir='ltr'>qui,</span> <span class='ocrx_word' id='word_1_194' title='bbox 822 1629 914 1654; x_wconf 91' lang='lat' dir='ltr'>cum</span> <span class='ocrx_word' id='word_1_195' title='bbox 930 1615 1177 1654; x_wconf 74' lang='lat' dir='ltr'>interemisset</span> <span class='ocrx_word' id='word_1_196' title='bbox 1194 1616 1362 1662; x_wconf 84' lang='lat' dir='ltr'>Clitum,</span> <span class='ocrx_word' id='word_1_197' title='bbox 1375 1615 1603 1655; x_wconf 81' lang='lat' dir='ltr'>familiarem</span> <span class='ocrx_word' id='word_1_198' title='bbox 1618 1617 1744 1661; x_wconf 87' lang='lat' dir='ltr'>suum,</span> 
     </span>
     <span class='ocr_line' id='line_1_23' title="bbox 357 1680 1746 1735; baseline 0 -15"><span class='ocrx_word' id='word_1_199' title='bbox 357 1682 422 1721; x_wconf 82' lang='lat' dir='ltr'>vix</span> <span class='ocrx_word' id='word_1_200' title='bbox 442 1695 463 1719; x_wconf 89' lang='lat' dir='ltr'>a</span> <span class='ocrx_word' id='word_1_201' title='bbox 480 1681 516 1719; x_wconf 91' lang='lat' dir='ltr'>se</span> <span class='ocrx_word' id='word_1_202' title='bbox 535 1694 670 1719; x_wconf 89' lang='lat' dir='ltr'>manus</span> <span class='ocrx_word' id='word_1_203' title='bbox 687 1681 881 1719; x_wconf 89' lang='lat' dir='ltr'>abstinuit.</span> <span class='ocrx_word' id='word_1_204' title='bbox 904 1682 1030 1719; x_wconf 85' lang='lat' dir='ltr'>Tanta</span> <span class='ocrx_word' id='word_1_205' title='bbox 1049 1681 1104 1720; x_wconf 91' lang='lat' dir='ltr'>vis</span> <span class='ocrx_word' id='word_1_206' title='bbox 1125 1680 1200 1719; x_wconf 91' lang='lat' dir='ltr'>fuit</span> <span class='ocrx_word' id='word_1_207' title='bbox 1218 1682 1447 1734; x_wconf 84' lang='lat' dir='ltr'>poenitendi.</span> <span class='ocrx_word' id='word_1_208' title='bbox 1480 1682 1634 1734; x_wconf 84' lang='lat' dir='ltr'>Qibus</span> <span class='ocrx_word' id='word_1_209' title='bbox 1649 1695 1746 1735; x_wconf 88' lang='lat' dir='ltr'>cog-</span> 
     </span>
     <span class='ocr_line' id='line_1_24' title="bbox 358 1746 1744 1800; baseline 0 -14"><span class='ocrx_word' id='word_1_210' title='bbox 358 1748 463 1793; x_wconf 81' lang='lat' dir='ltr'>nitis,</span> <span class='ocrx_word' id='word_1_211' title='bbox 476 1747 563 1800; x_wconf 87' lang='lat' dir='ltr'>quis</span> <span class='ocrx_word' id='word_1_212' title='bbox 579 1746 645 1792; x_wconf 89' lang='lat' dir='ltr'>est,</span> <span class='ocrx_word' id='word_1_213' title='bbox 662 1747 730 1799; x_wconf 92' lang='lat' dir='ltr'>qui</span> <span class='ocrx_word' id='word_1_214' title='bbox 744 1747 910 1791; x_wconf 89' lang='lat' dir='ltr'>dubitet,</span> <span class='ocrx_word' id='word_1_215' title='bbox 927 1747 1022 1798; x_wconf 91' lang='lat' dir='ltr'>quin</span> <span class='ocrx_word' id='word_1_216' title='bbox 1043 1746 1107 1784; x_wconf 91' lang='lat' dir='ltr'>hic</span> <span class='ocrx_word' id='word_1_217' title='bbox 1124 1760 1278 1799; x_wconf 91' lang='lat' dir='ltr'>quoque</span> <span class='ocrx_word' id='word_1_218' title='bbox 1298 1756 1426 1785; x_wconf 82' lang='lat' dir='ltr'>motus</span> <span class='ocrx_word' id='word_1_219' title='bbox 1447 1748 1565 1785; x_wconf 87' lang='lat' dir='ltr'>animi</span> <span class='ocrx_word' id='word_1_220' title='bbox 1581 1747 1625 1784; x_wconf 83' lang='lat' dir='ltr'>fit</span> <span class='ocrx_word' id='word_1_221' title='bbox 1641 1757 1744 1786; x_wconf 90' lang='lat' dir='ltr'>totus</span> 
     </span>
     <span class='ocr_line' id='line_1_25' title="bbox 358 1812 1744 1866; baseline 0 -15"><span class='ocrx_word' id='word_1_222' title='bbox 358 1813 562 1866; x_wconf 88' lang='lat' dir='ltr'>opinabilis</span> <span class='ocrx_word' id='word_1_223' title='bbox 581 1825 623 1849; x_wconf 90' lang='lat' dir='ltr'>ac</span> <span class='ocrx_word' id='word_1_224' title='bbox 639 1812 875 1850; x_wconf 84' lang='lat' dir='ltr'>voluntarius</span> <span class='ocrx_word' id='word_1_225' title='bbox 890 1813 903 1849; x_wconf 92' lang='lat'>?</span> <span class='ocrx_word' id='word_1_226' title='bbox 927 1812 1026 1863; x_wconf 85' lang='lat' dir='ltr'>Qis</span> <span class='ocrx_word' id='word_1_227' title='bbox 1040 1812 1144 1850; x_wconf 88' lang='lat' dir='ltr'>enim</span> <span class='ocrx_word' id='word_1_228' title='bbox 1161 1812 1357 1857; x_wconf 89' lang='lat' dir='ltr'>dubitarit,</span> <span class='ocrx_word' id='word_1_229' title='bbox 1375 1813 1468 1864; x_wconf 92' lang='lat' dir='ltr'>quin</span> <span class='ocrx_word' id='word_1_230' title='bbox 1484 1813 1744 1864; x_wconf 84' lang='lat' dir='ltr'>aegrotationes</span> 
     </span>
     <span class='ocr_line' id='line_1_26' title="bbox 360 1877 1745 1931; baseline 0 -15"><span class='ocrx_word' id='word_1_231' title='bbox 360 1879 493 1922; x_wconf 87' lang='lat' dir='ltr'>animi,</span> <span class='ocrx_word' id='word_1_232' title='bbox 527 1877 649 1930; x_wconf 85' lang='lat' dir='ltr'>qualis</span> <span class='ocrx_word' id='word_1_233' title='bbox 680 1877 732 1915; x_wconf 91' lang='lat' dir='ltr'>est</span> <span class='ocrx_word' id='word_1_234' title='bbox 761 1877 926 1922; x_wconf 81' lang='lat' dir='ltr'>avaritia,</span> <span class='ocrx_word' id='word_1_235' title='bbox 958 1877 1088 1930; x_wconf 88' lang='lat' dir='ltr'>gloriae</span> <span class='ocrx_word' id='word_1_236' title='bbox 1107 1878 1308 1930; x_wconf 87' lang='lat' dir='ltr'>cupiditas,</span> <span class='ocrx_word' id='word_1_237' title='bbox 1338 1891 1385 1916; x_wconf 84' lang='lat' dir='ltr'>ex</span> <span class='ocrx_word' id='word_1_238' title='bbox 1404 1891 1463 1922; x_wconf 91' lang='lat' dir='ltr'>eo,</span> <span class='ocrx_word' id='word_1_239' title='bbox 1484 1878 1589 1930; x_wconf 73' lang='lat' dir='ltr'>quod</span> <span class='ocrx_word' id='word_1_240' title='bbox 1614 1879 1745 1931; x_wconf 84' lang='lat' dir='ltr'>magni</span> 
     </span>
     <span class='ocr_line' id='line_1_27' title="bbox 361 1942 1744 1995; baseline -0.001 -14"><span class='ocrx_word' id='word_1_241' title='bbox 361 1942 564 1981; x_wconf 84' lang='lat' dir='ltr'>aestimetur</span> <span class='ocrx_word' id='word_1_242' title='bbox 582 1955 624 1979; x_wconf 92' lang='lat' dir='ltr'>ea</span> <span class='ocrx_word' id='word_1_243' title='bbox 640 1955 710 1987; x_wconf 90' lang='lat' dir='ltr'>res,</span> <span class='ocrx_word' id='word_1_244' title='bbox 728 1955 775 1980; x_wconf 84' lang='lat' dir='ltr'>ex</span> <span class='ocrx_word' id='word_1_245' title='bbox 791 1956 865 1994; x_wconf 91' lang='lat' dir='ltr'>qua</span> <span class='ocrx_word' id='word_1_246' title='bbox 878 1943 1029 1980; x_wconf 89' lang='lat' dir='ltr'>animus</span> <span class='ocrx_word' id='word_1_247' title='bbox 1046 1952 1212 1995; x_wconf 86' lang='lat' dir='ltr'>aegrotat‚</span> <span class='ocrx_word' id='word_1_248' title='bbox 1230 1943 1399 1980; x_wconf 86' lang='lat' dir='ltr'>oriantur</span> <span class='ocrx_word' id='word_1_249' title='bbox 1417 1943 1429 1980; x_wconf 89' lang='lat'>?</span> <span class='ocrx_word' id='word_1_250' title='bbox 1452 1943 1566 1980; x_wconf 90' lang='lat' dir='ltr'>Unde</span> <span class='ocrx_word' id='word_1_251' title='bbox 1582 1943 1744 1995; x_wconf 86' lang='lat' dir='ltr'>intelligi</span> 
     </span>
     <span class='ocr_line' id='line_1_28' title="bbox 361 2007 1545 2061; baseline -0.001 -15"><span class='ocrx_word' id='word_1_252' title='bbox 361 2008 486 2053; x_wconf 87' lang='lat' dir='ltr'>debet,</span> <span class='ocrx_word' id='word_1_253' title='bbox 507 2007 831 2061; x_wconf 86' lang='lat' dir='ltr'>perturbationem</span> <span class='ocrx_word' id='word_1_254' title='bbox 851 2021 1007 2060; x_wconf 90' lang='lat' dir='ltr'>quoque</span> <span class='ocrx_word' id='word_1_255' title='bbox 1026 2021 1185 2046; x_wconf 90' lang='lat' dir='ltr'>omnem</span> <span class='ocrx_word' id='word_1_256' title='bbox 1204 2007 1273 2045; x_wconf 85' lang='lat' dir='ltr'>effe</span> <span class='ocrx_word' id='word_1_257' title='bbox 1292 2008 1329 2045; x_wconf 92' lang='lat' dir='ltr'>in</span> <span class='ocrx_word' id='word_1_258' title='bbox 1351 2008 1545 2060; x_wconf 89' lang='lat' dir='ltr'>opinione.</span> 
     </span>
    </p>

    <p class='ocr_par' dir='ltr' id='par_1_5' title="bbox 362 2072 1749 2585">
     <span class='ocr_line' id='line_1_29' title="bbox 415 2072 1746 2125; baseline -0.001 -14"><span class='ocrx_word' id='word_1_259' title='bbox 415 2074 482 2119; x_wconf 91' lang='lat' dir='ltr'>Et,</span> <span class='ocrx_word' id='word_1_260' title='bbox 514 2073 540 2110; x_wconf 90' lang='lat' dir='ltr'>fi</span> <span class='ocrx_word' id='word_1_261' title='bbox 559 2072 729 2118; x_wconf 87' lang='lat' dir='ltr'>fidentia,</span> <span class='ocrx_word' id='word_1_262' title='bbox 759 2072 799 2110; x_wconf 91' lang='lat' dir='ltr'>id</span> <span class='ocrx_word' id='word_1_263' title='bbox 816 2073 883 2118; x_wconf 88' lang='lat' dir='ltr'>est,</span> <span class='ocrx_word' id='word_1_264' title='bbox 913 2073 1023 2111; x_wconf 85' lang='lat' dir='ltr'>firma</span> <span class='ocrx_word' id='word_1_265' title='bbox 1051 2074 1169 2111; x_wconf 89' lang='lat' dir='ltr'>animi</span> <span class='ocrx_word' id='word_1_266' title='bbox 1200 2073 1369 2118; x_wconf 82' lang='lat' dir='ltr'>confifio,</span> <span class='ocrx_word' id='word_1_267' title='bbox 1401 2073 1555 2110; x_wconf 91' lang='lat' dir='ltr'>scientia</span> <span class='ocrx_word' id='word_1_268' title='bbox 1572 2072 1746 2125; x_wconf 88' lang='lat' dir='ltr'>quaedam</span> 
     </span>
     <span class='ocr_line' id='line_1_30' title="bbox 362 2139 1747 2191; baseline -0.001 -15"><span class='ocrx_word' id='word_1_269' title='bbox 362 2139 428 2184; x_wconf 90' lang='lat' dir='ltr'>est,</span> <span class='ocrx_word' id='word_1_270' title='bbox 459 2147 497 2176; x_wconf 88' lang='lat' dir='ltr'>et</span> <span class='ocrx_word' id='word_1_271' title='bbox 523 2139 657 2191; x_wconf 87' lang='lat' dir='ltr'>opinio</span> <span class='ocrx_word' id='word_1_272' title='bbox 686 2139 827 2190; x_wconf 81' lang='lat' dir='ltr'>gravis,</span> <span class='ocrx_word' id='word_1_273' title='bbox 854 2152 929 2176; x_wconf 89' lang='lat' dir='ltr'>non</span> <span class='ocrx_word' id='word_1_274' title='bbox 951 2148 1091 2177; x_wconf 89' lang='lat' dir='ltr'>temere</span> <span class='ocrx_word' id='word_1_275' title='bbox 1110 2139 1332 2183; x_wconf 84' lang='lat' dir='ltr'>assentiens;</span> <span class='ocrx_word' id='word_1_276' title='bbox 1363 2139 1573 2177; x_wconf 87' lang='lat' dir='ltr'>diffidentia</span> <span class='ocrx_word' id='word_1_277' title='bbox 1592 2152 1747 2190; x_wconf 89' lang='lat' dir='ltr'>quoque</span> 
     </span>
     <span class='ocr_line' id='line_1_31' title="bbox 363 2204 1746 2257; baseline -0.001 -15"><span class='ocrx_word' id='word_1_278' title='bbox 363 2205 415 2242; x_wconf 91' lang='lat' dir='ltr'>est</span> <span class='ocrx_word' id='word_1_279' title='bbox 433 2213 557 2242; x_wconf 88' lang='lat' dir='ltr'>metus</span> <span class='ocrx_word' id='word_1_280' title='bbox 577 2205 762 2256; x_wconf 61' lang='lat' dir='ltr'>expectati</span> <span class='ocrx_word' id='word_1_281' title='bbox 781 2213 819 2242; x_wconf 90' lang='lat' dir='ltr'>et</span> <span class='ocrx_word' id='word_1_282' title='bbox 839 2205 1095 2257; x_wconf 81' lang='lat' dir='ltr'>impendentis</span> <span class='ocrx_word' id='word_1_283' title='bbox 1116 2205 1220 2243; x_wconf 89' lang='lat' dir='ltr'>mali.</span> <span class='ocrx_word' id='word_1_284' title='bbox 1258 2205 1324 2249; x_wconf 92' lang='lat' dir='ltr'>Et,</span> <span class='ocrx_word' id='word_1_285' title='bbox 1355 2205 1381 2242; x_wconf 93' lang='lat' dir='ltr'>s1</span> <span class='ocrx_word' id='word_1_286' title='bbox 1402 2205 1481 2257; x_wconf 89' lang='lat' dir='ltr'>spes</span> <span class='ocrx_word' id='word_1_287' title='bbox 1501 2204 1552 2242; x_wconf 89' lang='lat' dir='ltr'>est</span> <span class='ocrx_word' id='word_1_288' title='bbox 1571 2206 1746 2256; x_wconf 58' lang='lat' dir='ltr'>expeeta-</span> 
     </span>
     <span class='ocr_line' id='line_1_32' title="bbox 364 2270 1749 2323; baseline -0.001 -16"><span class='ocrx_word' id='word_1_289' title='bbox 364 2270 420 2308; x_wconf 89' lang='lat' dir='ltr'>tio</span> <span class='ocrx_word' id='word_1_290' title='bbox 439 2270 555 2315; x_wconf 82' lang='lat' dir='ltr'>boni3</span> <span class='ocrx_word' id='word_1_291' title='bbox 587 2270 678 2307; x_wconf 87' lang='lat' dir='ltr'>mali</span> <span class='ocrx_word' id='word_1_292' title='bbox 699 2271 998 2323; x_wconf 58' lang='lat' dir='ltr'>&amp;meditationem</span> <span class='ocrx_word' id='word_1_293' title='bbox 1020 2270 1089 2308; x_wconf 84' lang='lat' dir='ltr'>effe</span> <span class='ocrx_word' id='word_1_294' title='bbox 1109 2270 1252 2309; x_wconf 80' lang='lat' dir='ltr'>neceffe</span> <span class='ocrx_word' id='word_1_295' title='bbox 1271 2270 1323 2308; x_wconf 92' lang='lat' dir='ltr'>est</span> <span class='ocrx_word' id='word_1_296' title='bbox 1342 2280 1506 2309; x_wconf 88' lang='lat' dir='ltr'>metum.</span> <span class='ocrx_word' id='word_1_297' title='bbox 1555 2271 1610 2308; x_wconf 91' lang='lat' dir='ltr'>Ut</span> <span class='ocrx_word' id='word_1_298' title='bbox 1630 2270 1749 2321; x_wconf 69' lang='lat' dir='ltr'>igitur</span> 
     </span>
     <span class='ocr_line' id='line_1_33' title="bbox 365 2334 1749 2388; baseline -0.001 -16"><span class='ocrx_word' id='word_1_299' title='bbox 365 2344 504 2380; x_wconf 90' lang='lat' dir='ltr'>metus,</span> <span class='ocrx_word' id='word_1_300' title='bbox 527 2335 576 2372; x_wconf 87' lang='lat' dir='ltr'>fic</span> <span class='ocrx_word' id='word_1_301' title='bbox 596 2335 749 2387; x_wconf 85' lang='lat' dir='ltr'>reliquae</span> <span class='ocrx_word' id='word_1_302' title='bbox 767 2336 1068 2388; x_wconf 88' lang='lat' dir='ltr'>perturbationes</span> <span class='ocrx_word' id='word_1_303' title='bbox 1089 2337 1174 2374; x_wconf 92' lang='lat' dir='ltr'>sunt</span> <span class='ocrx_word' id='word_1_304' title='bbox 1195 2337 1234 2374; x_wconf 89' lang='lat' dir='ltr'>in</span> <span class='ocrx_word' id='word_1_305' title='bbox 1255 2337 1372 2376; x_wconf 88' lang='lat' dir='ltr'>malo.</span> <span class='ocrx_word' id='word_1_306' title='bbox 1391 2337 1494 2388; x_wconf 85' lang='lat' dir='ltr'>Ergo</span> <span class='ocrx_word' id='word_1_307' title='bbox 1514 2345 1557 2372; x_wconf 92' lang='lat' dir='ltr'>ut</span> <span class='ocrx_word' id='word_1_308' title='bbox 1571 2334 1749 2372; x_wconf 89' lang='lat' dir='ltr'>constan-</span> 
     </span>
     <span class='ocr_line' id='line_1_34' title="bbox 366 2400 1747 2454; baseline -0.001 -16"><span class='ocrx_word' id='word_1_309' title='bbox 366 2401 431 2445; x_wconf 83' lang='lat' dir='ltr'>tia,</span> <span class='ocrx_word' id='word_1_310' title='bbox 453 2400 614 2438; x_wconf 87' lang='lat' dir='ltr'>scientiae</span> <span class='ocrx_word' id='word_1_311' title='bbox 627 2419 638 2446; x_wconf 87' lang='lat'>;</span> <span class='ocrx_word' id='word_1_312' title='bbox 670 2401 718 2439; x_wconf 91' lang='lat' dir='ltr'>fic</span> <span class='ocrx_word' id='word_1_313' title='bbox 739 2402 984 2454; x_wconf 86' lang='lat' dir='ltr'>perturbatio,</span> <span class='ocrx_word' id='word_1_314' title='bbox 1005 2403 1138 2441; x_wconf 91' lang='lat' dir='ltr'>erroris</span> <span class='ocrx_word' id='word_1_315' title='bbox 1158 2402 1223 2441; x_wconf 88' lang='lat' dir='ltr'>est.</span> <span class='ocrx_word' id='word_1_316' title='bbox 1270 2403 1350 2454; x_wconf 84' lang='lat' dir='ltr'>Qi</span> <span class='ocrx_word' id='word_1_317' title='bbox 1370 2411 1498 2439; x_wconf 86' lang='lat' dir='ltr'>autem</span> <span class='ocrx_word' id='word_1_318' title='bbox 1529 2409 1661 2438; x_wconf 87' lang='lat' dir='ltr'>natura</span> <span class='ocrx_word' id='word_1_319' title='bbox 1685 2401 1747 2437; x_wconf 90' lang='lat' dir='ltr'>di-</span> 
     </span>
     <span class='ocr_line' id='line_1_35' title="bbox 366 2465 1748 2517; baseline -0.001 -14"><span class='ocrx_word' id='word_1_320' title='bbox 366 2475 505 2504; x_wconf 91' lang='lat' dir='ltr'>cuntur</span> <span class='ocrx_word' id='word_1_321' title='bbox 524 2466 710 2512; x_wconf 87' lang='lat' dir='ltr'>iracundi,</span> <span class='ocrx_word' id='word_1_322' title='bbox 741 2476 805 2505; x_wconf 90' lang='lat' dir='ltr'>aut</span> <span class='ocrx_word' id='word_1_323' title='bbox 825 2467 1095 2514; x_wconf 86' lang='lat' dir='ltr'>misericordes,</span> <span class='ocrx_word' id='word_1_324' title='bbox 1129 2476 1193 2506; x_wconf 90' lang='lat' dir='ltr'>aut</span> <span class='ocrx_word' id='word_1_325' title='bbox 1224 2468 1356 2511; x_wconf 90' lang='lat' dir='ltr'>invidi,</span> <span class='ocrx_word' id='word_1_326' title='bbox 1391 2475 1455 2503; x_wconf 88' lang='lat' dir='ltr'>aut</span> <span class='ocrx_word' id='word_1_327' title='bbox 1475 2465 1548 2502; x_wconf 85' lang='lat' dir='ltr'>tale</span> <span class='ocrx_word' id='word_1_328' title='bbox 1568 2465 1687 2517; x_wconf 83' lang='lat' dir='ltr'>quid;</span> <span class='ocrx_word' id='word_1_329' title='bbox 1718 2465 1748 2502; x_wconf 90' lang='lat' dir='ltr'>ii</span> 
     </span>
     <span class='ocr_line' id='line_1_36' title="bbox 366 2529 1747 2585; baseline -0.001 -16"><span class='ocrx_word' id='word_1_330' title='bbox 366 2530 452 2570; x_wconf 90' lang='lat' dir='ltr'>sunt</span> <span class='ocrx_word' id='word_1_331' title='bbox 471 2531 656 2584; x_wconf 84' lang='lat' dir='ltr'>ejusmodi</span> <span class='ocrx_word' id='word_1_332' title='bbox 686 2533 883 2572; x_wconf 88' lang='lat' dir='ltr'>constituti</span> <span class='ocrx_word' id='word_1_333' title='bbox 902 2534 1004 2585; x_wconf 85' lang='lat' dir='ltr'>quafi</span> <span class='ocrx_word' id='word_1_334' title='bbox 1035 2533 1134 2572; x_wconf 85' lang='lat' dir='ltr'>mala</span> <span class='ocrx_word' id='word_1_335' title='bbox 1152 2532 1366 2571; x_wconf 85' lang='lat' dir='ltr'>valetudine</span> <span class='ocrx_word' id='word_1_336' title='bbox 1391 2531 1509 2570; x_wconf 84' lang='lat' dir='ltr'>animi</span> <span class='ocrx_word' id='word_1_337' title='bbox 1523 2548 1536 2576; x_wconf 78' lang='lat'>3</span> <span class='ocrx_word' id='word_1_338' title='bbox 1568 2529 1747 2570; x_wconf 86' lang='lat' dir='ltr'>sanabiles</span> 
     </span>
    </p>
   </div>
  </div>
 </body>
</html>
