2330 2983
610 293 882 332 LIBER
940 293 1434 336 SECUNDUS.
1637 309 1710 347 441

391 394 484 433 V11.
516 393 618 432 Illud
637 402 779 439 autem,
801 393 905 446 quod
924 393 1045 432 vincit
1063 392 1144 432 haec
1163 394 1305 439 omnia,
1329 394 1512 432 rationem
1532 392 1633 439 dico,
1662 404 1714 440 et,

338 459 365 498 fi
394 460 531 512 placet,
565 458 739 511 pluribus
772 459 908 502 verbis,
949 468 1135 503 mentem,
1175 459 1391 504 confilium,
1427 460 1714 512 cogitationem,

337 523 593 578 prudentiam,
611 524 679 561 ubi
695 524 909 562 invenimus
928 523 940 559 ?
972 523 1071 561 unde
1090 523 1306 561 sustulimus
1327 525 1340 560 ?
1371 526 1434 562 An
1452 535 1583 564 caetera
1599 539 1716 564 mun-

338 589 408 628 dus
427 587 585 626 habebit
603 589 746 633 omnia,
776 587 850 626 hoc
871 601 1006 633 unum,
1035 588 1139 640 quod
1160 589 1318 640 plurimi
1338 588 1404 633 est,
1434 603 1510 628 non
1530 589 1716 629 habebit?

338 653 462 705 Atqui
490 660 591 691 certe
610 652 710 691 nihil
729 653 907 692 omnium
927 665 1053 691 rerum
1072 652 1212 691 melius
1231 653 1283 691 est
1303 652 1464 698 mundo,
1493 653 1592 692 nihil
1621 668 1717 707 prae-

338 716 521 763 stabilius,
552 717 651 756 nihil
682 717 879 771 pulchrius
894 736 907 763 ς
937 731 1007 756 nec
1038 718 1160 758 solum
1190 717 1288 756 nihil
1318 718 1385 764 est,
1416 719 1477 756 sed
1497 732 1544 757 ne
1561 719 1721 772 cogitari

339 782 497 832 quidem
517 782 731 834 quidquam
751 783 889 821 melius
908 782 1043 835 potest.
1075 783 1141 827 Et,
1163 782 1189 821 fi
1206 783 1348 822 ratione
1367 791 1405 821 et
1424 783 1603 836 sapientia
1621 783 1721 822 nihil

339 846 392 883 est
411 847 562 893 melius,
584 847 725 887 neceffe
743 848 798 887 est
816 847 898 887 haec
921 847 1034 887 ineffe
1052 848 1093 887 in
1111 861 1169 894 eo,
1199 849 1302 902 quod
1321 849 1517 903 optimum
1537 849 1607 890 effe
1625 863 1719 890 con-

340 911 526 951 cedimus.

395 977 504 1027 Qid
533 978 647 1016 vero?
678 986 780 1016 tanta
809 990 936 1017 rerum
956 978 1208 1024 consentiens,
1239 979 1472 1032 conspirans,
1503 980 1723 1019 continuata

341 1043 531 1093 cognatio,
552 1056 669 1095 quem
689 1056 767 1081 non
787 1053 898 1097 coget
916 1057 970 1089 ea,
997 1058 1082 1096 quae
1101 1044 1282 1083 dicuntur
1301 1058 1322 1082 a
1340 1058 1416 1090 me,
1443 1046 1690 1097 comprobare
1708 1047 1720 1082 ?

342 1105 515 1145 Poffetne
535 1121 612 1146 uno
633 1117 802 1161 tempore
820 1109 965 1153 florere,
981 1109 1118 1147 deinde
1136 1109 1296 1148 viciffim
1312 1108 1477 1154 horrere,
1500 1111 1623 1147 terra?
1643 1119 1722 1154 aut,

342 1179 400 1209 tot
418 1172 529 1210 rebus
550 1173 637 1226 ipfis
661 1173 696 1211 se
715 1174 1025 1218 immutantibus,
1048 1173 1134 1212 solis
1153 1173 1314 1213 acceffus
1334 1174 1582 1227 discessusque
1601 1175 1722 1213 solsti-

342 1235 405 1274 tiis
421 1236 640 1290 brumisque
654 1239 861 1292 cognosci?
891 1248 955 1277 aut
970 1239 1075 1277 aestus
1092 1240 1291 1285 maritimi,
1309 1239 1570 1291 fretorumque
1585 1239 1723 1292 angus-

342 1300 417 1346 tiae,
438 1311 524 1340 ortu
543 1312 607 1341 aut
621 1303 731 1341 obitu
748 1304 849 1342 lunae
868 1304 1102 1342 commoveri
1118 1305 1131 1340 ?
1152 1312 1216 1341 aut
1235 1304 1310 1342 una
1325 1304 1442 1342 totius
1462 1303 1545 1341 caeli
1564 1316 1723 1342 conver-

343 1365 443 1405 fione
462 1368 589 1406 cursus
609 1369 791 1407 astrorum
810 1369 970 1422 dispares
990 1368 1197 1407 conservari
1215 1370 1228 1406 ?
1259 1370 1355 1407 Haec
1375 1370 1426 1407 ita
1446 1369 1527 1407 fieri
1543 1370 1723 1408 omnibus

343 1429 441 1469 inter
460 1432 494 1470 se
521 1433 812 1472 concinentibus
843 1433 979 1471 mundi
999 1434 1170 1487 partibus
1193 1433 1362 1486 profesto
1382 1447 1458 1472 non
1477 1433 1635 1487 possent,
1657 1434 1725 1472 nifi

344 1508 385 1533 ea
405 1510 482 1536 uno
500 1497 643 1542 divino,
664 1507 702 1536 et
721 1499 944 1537 continuato
963 1499 1097 1551 spiritu
1117 1500 1414 1537 continerentur.

388 1561 503 1601 VIII.
534 1565 666 1615 Atque
684 1563 778 1607 haec,
808 1577 900 1602 cum
927 1563 1078 1600 uberius
1098 1563 1335 1614 disputantur
1354 1572 1391 1600 et
1409 1562 1540 1607 fufius,
1562 1572 1606 1601 ut
1625 1563 1725 1602 mihi

344 1627 396 1665 est
414 1627 466 1664 -in
496 1627 625 1664 animo
653 1626 788 1671 facere,
819 1626 968 1664 facilius
999 1625 1192 1678 effugiunt
1221 1627 1545 1666 Academicorum
1574 1629 1724 1667 calum-

344 1693 460 1730 niam.
509 1693 611 1729 Cum
631 1700 772 1736 autem,
795 1700 838 1730 ut
857 1691 967 1731 Zeno
995 1691 1150 1736 solebat,
1177 1691 1328 1730 brevius
1349 1693 1612 1745 angustiusque
1629 1708 1725 1732 con-

343 1756 551 1794 cluduntur
561 1773 573 1801 ;
615 1765 701 1794 turn
731 1756 914 1809 apertiora
947 1755 1033 1793 sunt
1065 1755 1111 1792 ad
1145 1755 1509 1807 reprehendendum.
1550 1757 1655 1795 Nam
1683 1767 1726 1796 ut

343 1821 535 1873 profluens
555 1821 679 1859 amnis
708 1829 772 1860 aut
791 1821 869 1865 vix,
899 1829 964 1858 aut
984 1819 1092 1858 nullo
1111 1819 1240 1865 mode,
1271 1820 1446 1858 conclusa
1472 1830 1600 1859 autem
1631 1835 1727 1874 aqua

343 1884 470 1930 facile,
501 1886 758 1938 corrumpitur
772 1903 784 1930 ;
833 1885 883 1923 fic
920 1885 1101 1924 orationis
1131 1884 1292 1923 flumine
1328 1884 1601 1938 reprehensoris
1635 1887 1727 1925 vitia

346 1949 572 1994 diluuntur;
603 1950 771 2002 angustia
797 1959 924 1989 autem
946 1949 1133 1988 conclusae
1159 1950 1339 1988 orationis
1361 1963 1438 1988 non
1466 1949 1576 1988 facile
1597 1950 1727 2004 seipsa

347 2022 503 2052 tutatur.
553 2015 650 2052 Haee
669 2015 787 2060 enim,
821 2028 905 2067 quae
934 2015 1139 2053 dilatantur
1167 2027 1188 2052 a
1207 2014 1332 2060 nobis,
1366 2015 1474 2054 Zeno
1494 2015 1543 2053 fic
1574 2029 1725 2068 preme-

347 2079 424 2123 bat,
456 2086 483 2102 “
504 2079 620 2130 Qod
640 2080 781 2118 ratione
801 2079 935 2125 utitur,
964 2079 1004 2117 id
1024 2079 1161 2119 melius
1183 2079 1235 2117 est
1254 2093 1369 2131 quam
1389 2080 1442 2125 id,
1465 2080 1568 2132 quod
1583 2081 1727 2120 ratione

347 2157 423 2182 non
443 2144 577 2181 utitur.
600 2143 715 2182 Nihil
735 2154 862 2183 autem
882 2145 1030 2183 mundo
1049 2145 1201 2182 melius.
1234 2145 1396 2182 Ratione
1415 2145 1534 2197 igitur
1559 2146 1726 2184 mundus

348 2208 483 2245 utitur.
514 2208 698 2245 Similiter
723 2209 823 2246 effici
850 2209 984 2261 potest,
1015 2209 1219 2261 sapientem
1239 2209 1308 2247 effe
1335 2210 1526 2248 mundum
1542 2228 1553 2255 ;
1590 2211 1725 2248 fimili-

348 2282 418 2316 ter,
437 2272 614 2317 beatum,
646 2273 831 2317 similiter,
853 2282 1048 2311 aeternum.
1087 2274 1232 2311 Omnia
1247 2275 1351 2312 enim
1368 2274 1449 2312 haec
1465 2275 1620 2313 meliora
1640 2275 1726 2313 sunt

349 2350 464 2388 quam
484 2350 538 2381 ea,
570 2351 653 2388 quae
673 2337 757 2374 sunt
775 2336 835 2375 his
856 2338 1039 2376 carentia:
1068 2352 1137 2376 nec
1157 2339 1304 2377 mundo
1324 2339 1535 2392 quidquam
1557 2339 1695 2376 melius
1714 2355 1723 2377 :

349 2414 396 2438 ex
409 2415 485 2452 quo
497 2401 672 2445 efficitur,
690 2401 760 2439 esse
774 2402 964 2440 mundum
975 2404 1117 2441 Deum.
1134 2404 1317 2456 Idemque
1329 2403 1403 2441 hoc
1419 2403 1554 2447 m0d0;
1578 2410 1604 2426 “
1619 2403 1725 2441 Nul-

349 2465 423 2503 lius
445 2466 548 2519 sensu
569 2467 726 2505 carentis
747 2481 829 2519 pars
849 2468 974 2520 aliqua
993 2469 1112 2521 potest
1131 2469 1200 2507 effe
1220 2469 1394 2507 sentiens.
1433 2468 1575 2506 Mundi
1598 2478 1726 2508 autem

351 2539 474 2582 partes
497 2530 694 2569 sentientes
715 2531 812 2569 sunt.
844 2533 936 2570 Non
958 2533 1074 2585 igitur
1100 2544 1199 2571 caret
1219 2533 1322 2571 sensu
1344 2531 1550 2571 mundus.''
1598 2533 1728 2586 Pergit

351 2595 453 2632 idem
473 2605 511 2632 et
531 2606 638 2648 urget
658 2597 876 2650 angustius;
909 2605 936 2622 ‘⁴
953 2597 1081 2643 Nihil,
1103 2599 1243 2651 inquit,
1271 2597 1374 2649 quod
1395 2597 1526 2643 animi,
1549 2598 1727 2650 quodque

429 2661 558 2699 Tot-1.
589 2662 606 2700 Ι
613 2662 641 2701 I.
1307 2664 1343 2700 K
1363 2662 1388 2701 k
1408 2662 1433 2699 k
