2330 2983
681 243 957 282 LIBER
1014 241 1448 295 QUINTUS.
1688 255 1766 296 207

373 343 478 395 quod
497 341 569 381 sese
589 342 690 380 male
710 342 821 380 rebus
842 341 916 380 suis
934 340 1160 380 consuluisse
1173 342 1357 380 dicerent.
1389 341 1540 379 Eorum
1556 339 1661 378 enim
1682 338 1765 378 haec

371 408 425 446 est
443 408 608 460 querela,
631 408 698 460 qui
718 408 787 445 fibi
807 408 884 445 cari
904 407 1004 451 sunt,
1037 407 1187 458 seseque
1213 407 1396 458 diligunt.
1430 407 1572 458 Qare‚
1595 405 1766 458 quoties-

370 485 525 524 cunque
558 473 708 511 dicetur
734 472 834 510 male
864 472 911 509 de
945 471 980 509 se
999 471 1087 523 quis
1120 472 1273 515 mereri,
1304 471 1451 523 fibique
1480 470 1551 508 effe
1581 471 1766 509 inimicus

369 546 483 590 atque
502 537 635 582 hostis,
665 538 784 576 vitam
804 538 970 589 denique
990 536 1135 589 fugere,
1165 536 1402 589 intelligatur
1421 536 1592 588 aliquam
1626 536 1766 575 subesse

369 603 559 654 ejusmodi
577 603 742 647 causam,
766 612 808 640 ut
827 616 874 641 ex
894 616 939 639 eo
959 602 1040 655 ipso
1059 601 1171 654 poflit
1190 601 1372 654 intelligi,
1393 601 1462 639 fibi
1482 614 1678 653 quemque
1695 601 1768 639 effe

370 681 518 708 carum.
550 670 637 708 Nec
658 682 746 707 vero
765 669 805 706 id
825 668 909 707 satis
930 668 996 713 est,
1028 668 1225 706 neminem
1247 666 1333 712 effe,
1368 667 1436 719 qui
1462 666 1540 719 ipse
1561 667 1595 704 se
1615 667 1737 704 oderit
1751 685 1765 712 ;

371 733 432 772 sed
453 735 549 772 illud
569 748 724 787 quoque
740 734 1037 786 intelligendum
1052 734 1118 779 est,
1136 734 1332 772 neminem
1352 733 1436 777 effe,
1454 733 1535 785 qui,
1555 746 1632 784 quo
1649 733 1766 771 modo

373 799 408 837 se
429 799 578 846 habeat,
612 800 712 838 nihil
743 800 807 838 sua
836 799 983 838 censeat
1012 800 1197 838 intereffe.
1227 799 1410 837 Tolletur
1439 799 1546 836 enim
1575 799 1765 851 appetitus

372 866 506 911 animi,
537 866 578 910 fi,
609 875 652 903 ut
672 866 711 903 in
740 866 787 904 iis
819 866 944 910 rebus,
975 866 1074 903 inter
1093 878 1187 918 quas
1207 864 1306 903 nihil
1326 865 1492 909 interest,
1520 873 1694 902 neutram
1724 866 1766 903 in

371 941 518 983 partem
550 931 806 984 propensiores
827 931 971 975 sumus,
1003 932 1096 969 item
1118 932 1158 968 in
1178 931 1475 983 nobismetipsis,
1510 931 1766 983 quemadmo-

371 996 466 1033 dum
486 995 611 1033 affecti
630 996 760 1040 fimus,
782 995 881 1033 nihil
902 996 1025 1033 nostra
1044 996 1272 1034 arbitramur
1290 995 1474 1034 intereffe.

425 1061 498 1098 XI.
529 1061 656 1112 Atqui
676 1061 793 1098 etiam
813 1061 924 1104 illud,
955 1060 981 1098 si
1002 1061 1088 1112 quis
1119 1061 1244 1098 dicere
1265 1061 1371 1105 velit,
1403 1059 1675 1112 perabsurdum
1705 1060 1765 1106 fit,

369 1125 423 1163 ita
442 1125 553 1178 diligi
574 1139 594 1162 a
613 1125 686 1163 sese
705 1139 914 1177 quemque,
936 1134 979 1162 ut
994 1138 1037 1162 ea
1056 1125 1111 1163 vis
1125 1125 1312 1178 diligendi
1327 1126 1373 1163 ad
1388 1125 1503 1163 aliam
1523 1139 1604 1163 rem
1624 1139 1766 1178 quam-

369 1191 475 1244 piam
495 1190 690 1236 referatur,
722 1205 800 1229 non
834 1191 880 1229 ad
906 1205 996 1229 eum
1015 1191 1158 1244 ipsum,
1184 1192 1254 1244 qui
1273 1191 1346 1230 sese
1366 1192 1516 1244 diligat.
1548 1192 1640 1230 Hoc
1673 1205 1766 1230 cum

369 1257 411 1295 in
431 1258 627 1303 amicitiis,
658 1271 749 1296 cum
770 1258 810 1295 in
831 1258 984 1302 officiis,
1006 1271 1097 1296 cum
1129 1258 1170 1295 in
1189 1258 1396 1296 virtutibus
1417 1258 1573 1302 dicitur,
1595 1271 1765 1310 quomo-

370 1323 576 1378 docunque
605 1324 761 1368 dicitur,
792 1323 958 1376 intelligi
979 1332 1121 1368 tamen,
1152 1323 1246 1375 quid
1267 1323 1428 1368 dicatur,
1458 1323 1594 1376 potest.
1626 1325 1672 1361 In
1691 1337 1765 1362 no-

371 1389 429 1427 bis
450 1399 578 1427 autem
598 1389 686 1441 ipsis
706 1402 754 1426 ne
783 1389 950 1441 intelligi
971 1389 1145 1441 quidem,
1173 1397 1216 1427 ut
1235 1398 1389 1441 propter
1408 1388 1522 1426 aliam
1538 1389 1766 1442 quampiam

371 1469 466 1501 rem,
490 1455 593 1493 verbi
612 1455 745 1507 gratia,
764 1463 918 1507 propter
933 1454 1188 1506 voluptatem,
1208 1467 1277 1492 nos
1298 1468 1486 1493 amemus.
1515 1455 1674 1507 Propter
1693 1469 1764 1494 nos

370 1521 476 1560 enim
496 1520 618 1564 illam,
640 1533 717 1557 non
737 1528 893 1572 propter
911 1532 996 1557 earn
1016 1519 1283 1572 nosmetipsos,
1304 1519 1520 1572 diligimus.

425 1588 659 1638 Qanquam
689 1585 783 1638 quid
803 1585 868 1630 est,
899 1585 1006 1638 quod
1036 1586 1159 1638 magis
1180 1585 1425 1638 perspicuum
1445 1585 1505 1630 fit,
1536 1599 1616 1623 non
1646 1585 1766 1624 modo

367 1665 499 1690 carum
518 1651 588 1689 fibi
608 1664 816 1704 quemque,
835 1664 968 1689 verum
988 1650 1103 1689 etiam
1123 1649 1370 1689 vehementer
1387 1664 1519 1689 carum
1539 1650 1611 1688 effe
1629 1651 1642 1688 ?
1663 1651 1766 1705 Qis

368 1718 420 1757 est
439 1718 559 1762 enim,
581 1726 645 1755 aut
664 1725 805 1769 quotus
822 1716 998 1769 quisque,
1017 1717 1095 1762 cui,
1115 1729 1220 1754 mors
1240 1729 1332 1755 cum
1349 1717 1645 1769 appropinquet,

504 1785 589 1823 Non
609 1783 770 1837 refugzbt
788 1782 907 1821 timido
913 1784 1093 1836 fiznguen,
1114 1793 1222 1836 atque
1240 1782 1433 1836 exalbescat
1451 1793 1546 1822 metu
1559 1783 1580 1821 ,ἓ

369 1849 449 1888 Etfi
484 1848 559 1887 hoc
589 1849 749 1901 quidem
778 1849 831 1887 est
855 1849 897 1887 in
930 1849 1039 1894 vitio,
1067 1848 1352 1887 dissolutionem
1379 1858 1520 1887 naturae
1555 1857 1634 1887 tam
1654 1849 1764 1887 valde

368 1914 675 1969 perhorrescere3
708 1915 814 1967 quod
841 1915 935 1953 item
966 1914 1019 1952 est
1048 1914 1402 1967 reprehendendum
1433 1916 1474 1953 in
1503 1915 1659 1953 dolore:
1702 1915 1763 1953 sed

369 1983 458 2034 quia
477 1981 556 2020 fere
577 1984 626 2020 fic
644 1982 865 2020 afficiuntur
894 1994 1043 2026 omnes,
1079 1981 1164 2020 satis
1191 1982 1408 2034 argumenti
1439 1981 1505 2026 est,
1536 1981 1584 2019 ab
1604 1982 1764 2019 interitu

369 2057 543 2085 naturam
563 2046 776 2085 abhorrere.
808 2046 929 2099 quue
949 2059 1027 2098 quo
1047 2047 1168 2099 magis
1189 2046 1348 2098 quidam
1369 2047 1421 2084 ita
1440 2044 1602 2091 faciunt,
1625 2055 1668 2083 ut
1693 2047 1762 2098 ju-

368 2127 406 2152 re
425 2115 542 2152 etiam
562 2112 898 2166 reprehendantur,
920 2112 996 2150 hoc
1017 2114 1138 2165 magis
1159 2112 1456 2165 intelligendum
1477 2112 1542 2157 est,
1573 2111 1655 2150 haec
1685 2111 1763 2164 ipsa

369 2179 489 2217 nimia
509 2180 549 2216 in
569 2178 799 2231 quibusdam
815 2177 944 2216 futura
960 2191 1038 2216 non
1059 2177 1181 2223 fuiffe,
1198 2177 1266 2216 nisi
1283 2178 1458 2230 quaedam
1476 2177 1591 2215 effent
1609 2178 1763 2215 modica

369 2245 514 2283 natura.
547 2245 633 2283 Nec
653 2258 741 2283 vero
760 2245 847 2282 dico
867 2258 1000 2282 eorum
1021 2254 1171 2283 metum
1193 2245 1341 2289 mortis,
1360 2245 1441 2296 qui,
1462 2244 1551 2296 quia
1570 2243 1706 2296 privari
1726 2243 1762 2281 se

370 2311 455 2348 vitae
475 2310 586 2348 bonis
606 2310 848 2355 arbitrentur,
871 2320 935 2348 aut
951 2311 1041 2362 quia
1055 2310 1233 2362 quasdam
1253 2310 1335 2362 post
1355 2319 1521 2347 mortem
1537 2308 1762 2347 formidines

369 2375 631 2420 extimescant,
662 2385 726 2413 aut
757 2376 780 2414 fi
804 2385 976 2414 metuant
995 2389 1042 2413 ne
1072 2389 1164 2414 cum
1198 2376 1326 2414 dolore
1358 2375 1583 2418 moriantur,
1616 2373 1761 2412 idcirco

369 2450 534 2479 mortem
554 2439 727 2493 fugiant:
759 2442 798 2479 in
820 2441 940 2495 parvis
961 2442 1066 2479 enim
1087 2442 1193 2494 saepe,
1216 2442 1284 2493 qui
1301 2439 1398 2478 nihil
1418 2453 1550 2477 eorum
1571 2440 1758 2492 cogitant,

369 2507 394 2545 fi
429 2506 582 2559 quando
601 2505 662 2544 his
690 2507 862 2545 ludentes
895 2507 1090 2545 minamur
1110 2507 1408 2559 praecipitaturos
1441 2505 1629 2551 alicunde,
1656 2505 1759 2543 exti-

368 2573 554 2617 mescunt.
587 2573 814 2624 Qinetiam
833 2572 933 2618 ferae,
956 2573 1083 2624 inquit
1106 2573 1306 2617 Pacuvius,

451 2640 575 2677 ΤοΜ.
598 2639 650 2677 ΙΙ.
