2330 2983
602 301 874 342 LIBIER
930 300 1423 339 SEC1JN13US.
1632 298 1703 348 4&

331 411 369 440 et
387 401 574 440 dii-eitum
593 410 748 453 pateret.
792 401 989 439 Provisum
1008 401 1137 445 etiam,
1160 410 1215 445 ut,
1238 402 1263 438 fi
1283 414 1358 452 qua
1376 398 1538 437 minima
1557 397 1710 436 bestiola

332 475 528 505 conaretur
546 466 767 518 irrumpere,
790 465 830 503 in
850 465 1019 503 sordibus
1039 465 1203 509 aurium,
1236 474 1418 516 tanquam
1445 464 1485 501 in
1504 463 1618 508 visco,
1648 463 1709 500 in·

332 529 558 568 haeresceret.
601 530 720 568 Extra
738 538 865 567 autem
884 529 1070 574 eminent,
1100 541 1184 580 quae
1203 529 1439 580 appellantur
1458 541 1575 572 aures,
1596 537 1634 565 et
1654 537 1710 565 te-

331 593 444 646 gendi
468 591 576 631 causa
594 591 712 638 factae,
745 592 970 644 tutandique
988 591 1111 630 sensus
1127 610 1140 636 ;
1170 600 1207 628 et
1227 604 1276 629 ne
1307 590 1457 642 adjeetae
1476 603 1585 628 voces
1605 591 1709 628 labe-

333 667 474 703 rentur,
495 667 608 710 atque
628 667 805 703 errarent,
826 657 1046 710 priusquam
1067 656 1189 694 sensus
1210 656 1256 694 ab
1272 655 1332 694 his
1353 654 1481 708 pulsus
1501 654 1602 693 esset.
1641 655 1711 693 Sed

332 723 444 762 duros
463 732 501 761 et
520 722 623 775 quasi
643 723 839 762 corneolos
870 721 1011 760 habent
1030 721 1223 766 introitus,
1255 720 1463 773 multisque
1482 733 1572 758 cum
1601 719 1710 758 flexi-

333 788 420 833 bus,
450 788 554 840 quod
573 787 633 826 his
650 789 792 827 naturis
813 788 948 826 relatus
966 787 1222 840 amplificatur
1240 786 1366 825 sonus.
1407 785 1600 838 roirca
1617 794 1655 823 et
1672 785 1713 822 in

332 852 474 892 fidibus
505 853 690 892 testudine
719 853 922 898 resonatur,
952 862 1017 891 aut
1036 866 1183 897 cornu,
1215 861 1252 890 et
1275 866 1322 890 ex
1351 851 1525 890 tortuosis
1554 850 1649 889 locis
1676 858 1714 887 et

334 918 487 957 inclusis
507 918 719 958 referuntur
740 918 955 972 ampliores.
988 918 1171 957 Similiter
1189 930 1307 962 nares,
1329 930 1412 969 quae
1439 916 1583 969 semper
1596 929 1712 968 prop-

332 990 392 1021 ter
420 984 634 1023 necessarias
665 985 847 1023 utilitates
882 992 1026 1037 patent,
1056 984 1320 1023 contmffiores
1349 982 1493 1021 habent
1522 982 1713 1026 introitus,

334 1061 382 1087 ne
415 1049 511 1101 quid
539 1050 581 1088 in
610 1063 684 1096 eaS‚
715 1051 818 1103 quod
846 1059 994 1095 noceat,
1025 1050 1137 1102 poffit
1165 1049 1392 1102 pervadere;
1433 1046 1716 1099 humoremque

335 1112 478 1167 semper
496 1114 639 1153 habent
658 1116 703 1153 ad
719 1116 930 1167 pulverem,
951 1115 1148 1166 multaque
1166 1114 1238 1152 alia
1256 1112 1478 1166 depellenda
1497 1126 1574 1150 non
1593 1112 1715 1150 inuti-

335 1179 427 1218 lem.
459 1180 640 1219 Gustatus
660 1181 834 1234 praeclare
864 1180 988 1233 septus
1013 1179 1090 1218 est:
1122 1192 1186 1218 ore
1219 1179 1324 1217 enim
1356 1178 1588 1223 continetur,
1615 1186 1653 1215 et
1672 1177 1718 1215 ad

336 1244 448 1284 usum
463 1254 564 1299 apte,
584 1255 624 1285 et
639 1246 685 1284 ad
704 1245 980 1284 incolumitatis
998 1245 1222 1283 custodiam.

389 1310 541 1349 LVIII.
573 1311 790 1363 Omnisque
810 1310 933 1349 sensus
953 1310 1162 1349 hominum
1185 1309 1313 1348 multo
1342 1307 1535 1347 antecellit
1553 1306 1718 1346 senfibus

338 1376 554 1415 bestiarum.
592 1377 770 1415 Primum
788 1377 893 1415 enim
912 1377 1016 1415 oculi
1036 1377 1076 1414 in
1095 1376 1142 1414 iis
1161 1375 1320 1421 artibus,
1350 1388 1512 1428 quarum
1526 1373 1722 1426 judicium

339 1440 392 1478 est
410 1441 625 1487 oculorum,
658 1442 698 1479 in
725 1442 852 1495 pictis,
877 1441 990 1486 ficus,
1022 1441 1236 1494 caelatisque
1265 1439 1416 1485 formis,
1445 1440 1487 1477 in
1516 1451 1721 1491 corporum

338 1506 455 1545 etiam
475 1507 658 1553 motione,
690 1516 803 1560 atque
831 1507 936 1560 gestu
961 1506 1083 1545 multa
1112 1515 1273 1545 cernunt
1301 1505 1491 1545 subtilius.
1533 1502 1722 1542 Colorum

339 1572 469 1618 etiam,
489 1582 527 1612 et
546 1573 755 1626 figurarum
774 1573 1022 1615 venustatem,
1042 1580 1156 1622 atque
1175 1571 1363 1615 ordinem,
1377 1579 1429 1614 et,
1447 1578 1491 1607 ut
1508 1568 1562 1606 ita
1580 1567 1722 1612 dicam,

339 1637 553 1676 decentiam
572 1637 674 1676 oculi
687 1637 887 1689 judicant,
918 1644 1031 1688 atque
1049 1635 1164 1673 etiam
1183 1635 1255 1673 alia
1274 1635 1428 1687 majora.
1459 1633 1566 1672 Nam
1586 1642 1624 1671 et
1642 1633 1722 1671 vir-

337 1711 451 1748 tutes,
481 1712 519 1741 et
549 1703 643 1741 vitia
670 1701 932 1755 cognoscunt,
964 1702 1118 1746 iratum,
1145 1700 1385 1753 propitium;
1416 1699 1623 1742 laetantem‚
1650 1698 1722 1736 do-

338 1766 512 1813 lentem;
542 1767 698 1814 fortem,
729 1769 911 1821 ignavum
926 1784 939 1812 3
970 1766 1165 1810 audacem,
1192 1764 1454 1816 timidumque
1472 1762 1722 1815 cognoscunt.

341 1834 508 1872 Aurium
527 1834 622 1872 item
641 1834 694 1871 est
714 1832 935 1871 admirabile
955 1830 1163 1884 quoddam,
1184 1828 1723 1881 artificiosumquejudicium,

341 1911 419 1949 quo
433 1898 628 1949 judicatur
646 1907 684 1936 et
702 1898 743 1935 in
763 1897 881 1941 vocis,
911 1904 950 1934 et
970 1896 1010 1934 in
1031 1895 1226 1939 tibiarum,
1251 1905 1532 1945 nervorumque
1550 1892 1724 1930 cantibus

341 1962 496 2001 varietas
517 1962 710 2007 sonorum,
739 1961 949 2006 intervalla,
973 1959 1162 1998 distinetio
1177 1976 1189 2004 ;
1220 1967 1258 1996 et
1276 1957 1380 1996 vocis
1399 1969 1534 2010 genera
1552 1956 1724 2009 permul-

343 2039 403 2066 ta:
435 2041 630 2073 canomm,
652 2027 829 2072 fuscum,
850 2027 955 2071 laeve,
971 2025 1142 2078 asperum
1155 2043 1168 2070 ς
1199 2037 1324 2077 grave,
1340 2032 1495 2061 acutum
1510 2041 1523 2068 3
1542 2021 1724 2065 flexibile,

344 2094 511 2139 durum,
542 2107 626 2146 quae
645 2093 852 2132 hominum
881 2092 1006 2131 solum
1035 2091 1188 2129 auribus
1203 2089 1439 2141 judicantur.
1481 2088 1727 2139 Nariumque

345 2160 454 2203 item,
488 2167 526 2197 et
554 2158 726 2211 gustandi
755 2157 895 2210 pariter
923 2167 962 2194 et
992 2155 1172 2208 tangendi
1202 2167 1339 2207 magna
1362 2153 1508 2206 judicia
1532 2152 1631 2190 sunt.
1663 2151 1727 2190 Ad

345 2236 441 2275 quos
462 2222 584 2261 sensus
603 2222 802 2275 capiendos
823 2231 860 2259 et
880 2220 1128 2274 perfruendos
1148 2219 1273 2272 plures
1289 2219 1419 2264 etiam,
1433 2231 1551 2270 quam
1570 2217 1726 2261 vellem,

344 2298 439 2327 artes
456 2297 607 2341 repertae
626 2287 724 2325 sunt.
762 2286 1010 2340 Perspicuum
1029 2285 1082 2323 est
1101 2286 1220 2330 enim,
1241 2298 1320 2336 quo
1339 2282 1631 2335 compositiones
1651 2294 1726 2318 un-

347 2363 592 2407 guentorum,
623 2367 702 2406 quo
731 2352 909 2391 ciborum
939 2351 1191 2396 conditiones,
1218 2364 1296 2402 quo
1313 2361 1519 2401 corporum
1539 2346 1728 2384 lenocinia

351 2419 604 2472 procefferint.

374 2485 483 2523 LIX.
499 2485 586 2535 Jam
605 2497 692 2522 vero
707 2484 882 2522 animum
897 2483 1038 2536 ipsum,
1060 2492 1307 2532 mentemque
1324 2478 1508 2522 hominis,
1525 2477 1725 2522 rationem,

345 2549 564 2593 confilium,
578 2548 832 2601 prudentiam,
846 2548 914 2600 qui
933 2562 1010 2586 non
1025 2547 1154 2586 divina
1169 2545 1259 2584 cura
1272 2542 1434 2596 perfe<fta
1445 2541 1515 2580 esse
1535 2540 1726 2594 perspicit,

347 2615 379 2653 is
398 2613 458 2653 his
479 2613 564 2666 ipfis
596 2614 705 2652 rebus
725 2612 824 2653 mihi
843 2613 990 2653 videtur
1008 2625 1145 2651 carere.
1187 2610 1248 2650 De
1269 2622 1347 2661 quo
1367 2608 1462 2646 dum
1481 2607 1726 2660 disputarem,

458 2679 692 2719 TOM.H.
1314 2675 1432 2726 Ppp
