2330 2983
679 240 952 279 LIBER
1010 239 1442 291 QUARTUS.
1678 255 1748 294 35¹

380 338 509 376 laetitia
528 347 592 376 aut
611 337 732 375 libido
751 338 893 375 oriatur
908 355 920 382 ς
952 351 1021 375 nec
1054 338 1215 383 malum,
1249 352 1297 376 ex
1328 351 1405 390 quo
1425 347 1489 376 aut
1523 347 1661 383 metus,
1696 350 1761 378 aut

380 404 576 456 aegritudo.
597 404 857 440 Veruntamen
878 402 959 440 haec
979 403 1030 440 est
1050 413 1150 440 certa
1168 413 1204 440 et
1225 404 1374 455 propria
1394 404 1545 449 sanatio,
1563 405 1589 443 si
1609 405 1758 450 doceas,

379 469 472 521 ipsas
492 468 792 519 perturbationes
812 481 877 520 per
898 467 931 503 se
951 467 1020 504 effe
1040 468 1202 511 vitiosas,
1225 481 1293 505 nec
1311 468 1448 506 habere
1468 470 1679 521 quidquam
1696 481 1760 508 aut

378 532 559 575 naturale,
589 540 654 569 aut
687 531 958 569 necessarium:
990 541 1033 568 ut
1063 530 1182 582 ipsam
1213 532 1479 582 aegritudinem
1511 533 1621 570 leniri
1652 535 1758 571 vide-

377 609 477 640 mus,
505 609 596 633 cum
614 595 821 646 objicimus
842 595 1094 633 moerentibus
1114 596 1422 633 imbecillitatem
1453 597 1571 633 animi
1591 597 1758 636 effoemi-

378 662 470 705 nati,
501 673 669 712 cumque
699 673 831 698 eorum
851 660 1074 712 gravitatem
1101 660 1425 712 constantiamque
1451 661 1661 706 laudamus,
1692 664 1760 714 qui

377 739 454 764 non
477 727 694 764 turbulente
714 724 882 763 humana
900 726 1104 778 patiantur.
1136 727 1253 777 Qod
1274 727 1430 778 quidem
1451 726 1543 764 solet
1562 728 1613 764 eis
1642 729 1759 766 etiam

378 791 557 835 accidere,
581 791 647 842 qui
667 790 732 827 illa
763 791 863 827 mala
881 790 951 828 esse
971 791 1134 835 censent,
1166 790 1318 828 ferenda
1345 801 1470 830 tamen
1492 805 1601 842 aequo
1629 794 1759 830 animo

377 856 618 894 arbitrantur.
651 857 765 893 Putat
783 856 920 906 aliquis
951 855 1021 892 effe
1041 856 1275 908 voluptatem
1302 857 1474 899 bonum;
1506 857 1600 894 alius
1631 868 1759 895 autem

378 922 603 973 pecuniam:
635 930 764 958 tamen
797 930 834 958 et
867 921 933 958 ille
966 921 1012 959 ab
1032 921 1336 974 intemperantia,
1366 932 1403 960 et
1434 921 1498 960 hic
1519 923 1566 960 ab
1591 924 1757 968 avaritia,

377 987 523 1023 avocari
542 986 675 1038 potest.
707 985 778 1023 Illa
797 995 926 1023 autem
957 986 1072 1023 altera
1104 988 1198 1024 ratio
1228 996 1266 1024 et
1300 988 1433 1031 oratio,
1463 1001 1547 1038 quae
1580 988 1690 1026 simul
1720 1000 1760 1026 et

376 1050 598 1102 opinionem
617 1049 747 1087 falsam
769 1050 884 1094 tollit,
918 1060 956 1088 et
982 1051 1245 1102 aegritudinem
1266 1051 1441 1096 detrahit,
1468 1052 1520 1088 est
1539 1065 1580 1089 ea
1599 1054 1757 1104 quidem

375 1116 519 1159 utilior,
541 1115 601 1153 sed
621 1129 702 1153 raro
721 1114 886 1167 proficit,
908 1129 1031 1167 neque
1051 1116 1102 1153 est
1121 1116 1166 1153 ad
1185 1116 1321 1168 vulgus
1341 1116 1564 1155 adhibenda.

430 1181 618 1232 Qaedam
648 1189 777 1217 autem
802 1180 889 1218 sunt
908 1181 1164 1233 aegrstudines,
1195 1194 1288 1232 quas
1317 1181 1438 1219 levare
1471 1181 1536 1219 illa
1569 1182 1758 1220 medicina

376 1246 485 1284 nullo
505 1246 621 1284 modo
639 1245 751 1298 poffit
768 1260 777 1283 z
810 1254 852 1283 ut
871 1245 897 1283 fi
918 1246 1004 1297 quis
1025 1259 1120 1298 aegre
1139 1245 1246 1290 ferat,
1268 1245 1366 1284 nihil
1387 1247 1426 1284 in
1447 1247 1482 1284 se
1500 1247 1571 1284 effe
1589 1248 1754 1293 virtutis,

375 1310 474 1350 nihil
493 1311 626 1355 animi,
657 1308 755 1349 nihil
775 1311 906 1355 officii,
938 1310 1037 1349 nihil
1062 1310 1264 1349 honestatis
1281 1329 1292 1356 ς
1324 1321 1477 1364 propter
1496 1312 1595 1349 mala
1613 1313 1644 1349 is
1665 1314 1755 1364 qui-

375 1377 463 1414 dem
483 1385 654 1428 angatur,
678 1376 740 1413 sed
759 1376 830 1413 alia
848 1377 1021 1427 quaedam
1040 1376 1084 1413 sit
1110 1376 1154 1414 acl
1175 1390 1264 1414 eum
1284 1377 1518 1414 admovenda
1537 1377 1693 1421 curatio,
1717 1387 1755 1415 et

374 1441 459 1479 talis
479 1441 650 1493 quidem,
680 1454 764 1492 quae
792 1440 902 1492 poffit
928 1439 999 1477 effe
1025 1441 1218 1485 omnium,
1249 1441 1363 1478 etiam
1392 1441 1437 1478 de
1466 1442 1609 1479 caeteris
1642 1442 1753 1480 rebus

375 1505 689 1558 discrepantium,
732 1503 1064 1557 philosophorum.
1110 1506 1214 1542 Inter
1243 1518 1375 1543 omnes
1413 1506 1518 1542 enim
1551 1506 1755 1543 convenire

373 1579 536 1625 oportet,
571 1570 850 1608 commotiones
883 1570 1114 1614 animorum,
1140 1583 1161 1607 a
1193 1571 1291 1607 reita
1320 1569 1464 1607 radone
1492 1570 1643 1614 aversas,
1683 1571 1754 1608 effe

372 1634 545 1673 vitiosas:
575 1643 633 1678 ut,
653 1634 770 1671 etiam
799 1633 826 1672 fi
855 1646 926 1671 nec
947 1633 1045 1672 mala
1072 1633 1145 1671 fint
1164 1634 1243 1678 illa,
1274 1647 1358 1686 quae
1378 1644 1527 1673 metum
1556 1634 1753 1686 aegritudi—

371 1713 507 1738 nemve
521 1717 533 1744 ς,
565 1712 635 1738 nec
654 1698 767 1744 bona,
788 1712 873 1751 quae
892 1699 1154 1751 cupiditatem,
1177 1699 1396 1737 laetitiamve
1412 1709 1602 1744 moveant,
1623 1708 1752 1738 tamen

372 1765 417 1803 fit
435 1764 567 1803 vitiosa
585 1764 664 1817 ipsa
679 1764 906 1803 commotio.
952 1763 1200 1801 Constantem
1220 1764 1325 1801 enim
1344 1764 1536 1815 quendam
1555 1764 1749 1809 volumus,

372 1831 553 1873 sedatum,
574 1842 741 1880 gravem,
771 1827 939 1866 humana
956 1828 1086 1865 omnia
1104 1836 1356 1879 prementem,
1387 1827 1500 1876 illum
1520 1828 1604 1873 effe,
1632 1841 1750 1880 quem

372 1893 665 1946 magnanimum
693 1901 730 1930 et
748 1891 888 1930 fortem
919 1893 1045 1930 virum
1065 1891 1244 1929 dicimus.
1277 1892 1383 1929 Talis
1404 1882 1531 1942 autem
1550 1905 1621 1930 nec
1649 1906 1749 1930 moe-

372 1971 470 2003 rens,
491 1970 562 1995 nec
581 1958 736 2001 timens,
757 1969 826 1994 nec
844 1957 1013 2008 cupiens,
1036 1969 1105 1994 nec
1124 1955 1284 2008 gestiens
1303 1955 1373 1999 effe
1393 1956 1594 2008 quisquam
1613 1957 1745 2009 potest.

371 2023 521 2061 Eorum
538 2021 644 2059 enim
662 2019 743 2059 haec
762 2020 861 2065 sunt,
893 2021 962 2073 qui
994 2029 1150 2058 eventus
1170 2019 1357 2059 humanos
1382 2020 1601 2074 superiores,
1631 2035 1749 2073 quam

372 2087 454 2126 suos
474 2088 620 2125 animos
639 2086 710 2124 esse
729 2086 890 2124 ducunt.

424 2153 574 2191 XXIX.
606 2151 735 2202 Qare
759 2152 937 2189 omnium
956 2149 1286 2203 philosophorum,
1316 2160 1357 2188 ut
1376 2160 1461 2190 ante
1480 2151 1574 2196 dixi,
1596 2164 1668 2189 una
1688 2165 1746 2189 ra-

370 2218 425 2255 tio
444 2217 495 2255 est
514 2216 690 2255 medendi
708 2233 720 2260 ς
756 2225 800 2253 ut
820 2214 933 2260 nihil,
964 2216 1074 2267 quale
1104 2215 1148 2253 fit
1173 2215 1284 2260 illud,
1305 2215 1409 2267 quod
1438 2217 1633 2268 perturbet
1662 2216 1745 2253 ani-

370 2295 497 2328 mum,
517 2281 577 2319 sed
597 2282 642 2319 de
661 2280 738 2333 ipsa
756 2280 799 2318 fit
815 2280 1096 2332 perturbatione
1113 2280 1334 2318 dicendum.
1366 2281 1499 2332 Itaque
1518 2281 1689 2332 primum
1703 2281 1744 2317 in

369 2347 447 2400 ipsa
465 2347 684 2400 cupiditate,
705 2360 797 2385 cum
816 2347 855 2384 id
874 2346 996 2384 solum
1013 2346 1149 2398 agitur,
1172 2356 1214 2384 ut
1233 2359 1274 2384 ea
1293 2346 1459 2390 tollatur,
1481 2358 1557 2383 non
1573 2345 1623 2382 est
1638 2358 1743 2396 quae-

371 2413 546 2457 rendum,
569 2413 715 2451 bonum
734 2412 830 2450 illud
848 2424 965 2450 necne
985 2411 1042 2457 fit,
1063 2412 1166 2463 quod
1186 2411 1387 2450 libidinem
1407 2419 1554 2448 moveat
1569 2428 1581 2455 ς
1613 2409 1673 2447 sed
1693 2410 1743 2449 li-

369 2478 461 2516 bido
481 2477 557 2530 ipsa
577 2477 744 2516 tollenda
761 2477 835 2515 est:
859 2486 900 2515 ut
920 2477 990 2514 five
1003 2476 1106 2528 quod
1122 2476 1322 2514 honestum
1342 2475 1407 2519 est,
1425 2474 1462 2511 id
1483 2474 1527 2512 fit
1545 2474 1743 2513 summum

371 2544 530 2589 bonum,
552 2543 624 2581 five
643 2542 829 2595 voluptas,
845 2541 917 2581 five
934 2541 1076 2581 horum
1090 2550 1294 2592 utrumque
1309 2540 1572 2592 conjunctum,
1593 2539 1664 2578 five
1679 2539 1744 2578 illa
