2330 2983
489 249 566 289 312
798 233 1576 278 TUSCULANARUM

485 333 710 386 aegritudine
729 331 814 376 effe,
835 332 901 383 qui
920 331 955 369 se
971 332 1012 370 in
1033 331 1144 370 malis
1160 331 1230 370 effe
1247 331 1490 378 arbitrentur,
1513 332 1585 371 five
1605 332 1671 371 illa
1689 341 1775 371 ante
1791 347 1880 386 pro-

485 399 561 436 visa
580 407 617 436 et
646 398 840 449 expectata
859 396 944 441 s1nt‚
973 396 1046 434 five
1065 397 1367 436 inveteraverint.
1413 398 1520 436 Nam
1552 411 1676 451 neque
1701 398 1882 438 vetustate

486 463 611 502 minui
633 462 744 506 mala,
766 475 835 500 nec
856 461 937 500 fieri
956 462 1216 515 praemeditata
1234 462 1374 501 leviora
1388 481 1400 508 5
1428 462 1660 516 stultamque
1675 463 1792 502 etiam
1811 463 1883 502 effe

485 529 776 567 meditationem
791 527 912 566 futuri
929 527 1036 573 mali,
1053 537 1118 567 aut
1135 527 1283 567 fortaffe
1299 541 1345 566 ne
1360 527 1482 567 futuri
1502 529 1684 581 quidem:
1707 529 1792 568 satis
1812 529 1882 568 esse

485 594 661 634 odiosum
681 594 829 633 malum
849 607 976 639 omne,
997 607 1088 633 cum
1107 593 1262 632 veniffet
1280 609 1289 633 :
1321 596 1389 646 qui
1415 604 1544 633 autem
1571 595 1718 648 semper
1732 588 1881 648 cogita-

486 659 606 705 visset,
640 659 808 698 accidere
837 659 937 712 poss‘e
957 659 1101 712 aliquid
1131 659 1285 704 adverfi‚
1316 660 1351 697 ei
1378 659 1459 698 fieri
1488 660 1586 698 illud
1606 660 1882 714 sempiternum

487 725 636 763 malum
656 739 664 763 ε
698 724 722 762 fi
743 738 832 762 vero
852 737 898 763 ne
917 723 1095 762 futurum
1114 723 1274 776 quidem
1294 723 1354 768 sit,
1380 723 1516 762 frustra
1534 723 1673 776 suscipi
1692 725 1883 764 miseriam

485 790 740 829 voluntariam
757 804 765 827 ε
781 790 833 827 ita
848 789 994 842 semper
1010 790 1113 842 angi,
1126 799 1191 827 aut
1205 789 1445 841 accipiendo,
1458 798 1524 826 aut
1538 789 1745 841 cogitando
1761 789 1879 828 malo.

486 856 738 895 Levationem
758 864 886 892 autem
906 854 1142 907 aegritudinis
1162 855 1202 892 in
1223 854 1369 892 duabus
1387 854 1498 892 rebus
1518 853 1644 907 ponit,
1664 855 1885 893 avocatione

487 936 506 959 a
526 921 728 974 cogitanda
740 920 923 965 molestia,
941 929 980 958 et
995 919 1246 966 revocatione,
1260 919 1306 958 ad
1323 916 1636 974 contemplandas
1651 919 1882 974 voluptates.

487 989 619 1026 Parere
639 988 743 1026 enim
761 986 885 1025 censet
905 987 1081 1025 animum
1101 987 1238 1026 rationi
1257 985 1374 1039 poffe,
1404 995 1456 1032 et,
1478 1000 1558 1039 quo
1576 985 1642 1024 illa
1660 986 1788 1032 ducat,
1825 986 1884 1025 se-

487 1054 570 1106 qui.
602 1054 717 1091 Vetat
737 1053 854 1105 igitur
873 1053 969 1092 ratio
988 1053 1130 1091 intueri
1150 1052 1339 1091 molestias
1352 1071 1365 1098 5
1391 1051 1573 1102 abstrahit
1587 1052 1634 1091 ab
1649 1052 1794 1092 acerbis
1814 1066 1882 1092 co—

486 1119 739 1172 gitationibus
758 1117 939 1156 hebetem
954 1118 1076 1156 aciem
1097 1117 1143 1156 ad
1163 1118 1330 1156 miserias
1349 1117 1662 1171 contemplandas
1674 1136 1688 1164 5
1710 1118 1884 1171 aquibus

486 1198 580 1224 cum
600 1183 741 1223 cecinit
762 1184 944 1237 receptui,
965 1183 1134 1237 impellit
1155 1183 1303 1222 rursum
1323 1192 1361 1222 et
1380 1183 1515 1222 incitat
1534 1183 1581 1221 ad
1601 1183 1884 1236 conspiciendas

486 1260 644 1303 totaque
662 1259 792 1289 mente
812 1248 1097 1288 contrectandas
1116 1249 1234 1287 varias
1249 1249 1478 1301 voluptates,
1495 1249 1637 1301 quibus
1653 1249 1719 1288 ille
1733 1258 1772 1288 et
1786 1263 1883 1303 prae-

488 1316 688 1354 teritarum
701 1314 901 1359 memoria,
917 1322 955 1352 et
968 1313 1031 1367 spe
1050 1312 1368 1366 consequentium
1381 1313 1559 1367 sapientis
1574 1313 1694 1353 vitam
1709 1313 1887 1353 refertam

486 1390 610 1435 putat.
642 1381 740 1420 Haec
760 1380 886 1419 nostro
904 1392 1011 1418 more
1030 1392 1100 1419 nos
1116 1379 1286 1419 diximus
1300 1397 1314 1425 5
1336 1379 1519 1433 Epicurei
1538 1378 1674 1418 dicunt
1692 1377 1773 1420 suo.
1800 1379 1885 1425 Sed,

486 1462 574 1502 quae
593 1448 737 1493 dicant,
758 1447 954 1486 videamus
968 1465 980 1492 5
1011 1438 1090 1499 quo
1109 1446 1240 1492 modo,
1263 1446 1517 1500 negligamus.

542 1514 656 1552 XVI.
689 1512 886 1566 Principio
915 1512 1015 1550 male
1045 1511 1330 1565 reprehendunt
1357 1512 1728 1566 praemeditationem
1759 1524 1887 1551 rerum

488 1578 722 1620 futurarum.
744 1577 860 1618 Nihil
881 1579 933 1617 est
952 1578 1072 1623 enim,
1094 1578 1199 1631 quod
1220 1588 1298 1617 tam
1318 1578 1507 1617 obtundat
1526 1588 1754 1631 enervetque
1774 1578 1885 1631 aegri-

489 1646 682 1691 tudinem,
703 1644 821 1698 quam
839 1644 1079 1697 perpetuain
1098 1644 1206 1682 omni
1223 1644 1299 1682 vita
1316 1644 1512 1696 cogitatio,
1535 1643 1649 1683 Nihil
1671 1643 1755 1688 esse,
1780 1643 1886 1696 quod

489 1712 658 1751 accidere
679 1724 756 1749 non
775 1710 914 1762 poffit5
937 1709 1054 1762 quam
1075 1710 1273 1748 meditatio
1288 1710 1520 1748 conditionis
1541 1709 1719 1748 humanae
1736 1729 1747 1754 ;
1767 1709 1886 1762 quam

491 1779 576 1817 vitae
597 1778 672 1822 lex,
694 1777 1048 1827 commentatioque
1068 1775 1220 1828 parendi
1236 1794 1248 1820 5
1281 1789 1365 1828 quae
1385 1789 1461 1814 non
1483 1775 1557 1814 hoc
1578 1776 1700 1821 affert,
1722 1786 1764 1814 ut
1786 1776 1885 1814 scm-

491 1858 556 1897 per
578 1855 821 1886 moereamus,
844 1841 902 1879 sed
923 1850 965 1879 ut
986 1854 1199 1893 nunquam.
1232 1841 1373 1893 Neque
1393 1841 1513 1886 enim,
1535 1841 1603 1892 qui
1624 1853 1750 1879 rerum
1773 1850 1885 1878 natu·

489 1923 584 1952 ram,
615 1909 683 1961 qui
713 1907 800 1945 vitae
824 1906 1056 1950 varietatem,
1092 1906 1161 1958 qui
1195 1905 1507 1944 imbecillitatem
1542 1905 1691 1959 generis
1725 1904 1888 1944 humani

490 1975 650 2026 cogitat,
682 1981 832 2017 moeret,
863 1985 955 2009 cum
980 1970 1061 2009 haec
1082 1971 1238 2024 cogitat,
1270 1971 1330 2009 sed
1359 1980 1445 2009 tum
1464 1972 1522 2009 vel
1551 1971 1719 2010 maxime
1739 1971 1886 2023 sapien-

492 2042 553 2079 tiae
573 2039 749 2092 fungitur
768 2051 938 2076 munere.
972 2038 1194 2090 Utrumque
1219 2037 1323 2075 enim
1349 2037 1609 2089 consequitur,
1641 2045 1737 2075 utet
1761 2038 1886 2075 confi-

493 2105 665 2143 derandis
699 2104 810 2142 rebus
831 2102 1011 2141 humanis
1046 2102 1201 2155 proprio
1230 2101 1482 2156 philosophia:
1502 2101 1647 2140 fruatur
1677 2102 1820 2147 officio,
1850 2112 1888 2140 et

492 2171 650 2210 adversis
681 2170 824 2208 casibus
859 2169 1002 2221 triplici
1037 2169 1293 2208 consolatione
1328 2168 1475 2206 sanetur
1498 2183 1507 2206 :
1555 2168 1742 2221 primum,
1781 2168 1887 2220 quod

494 2236 593 2290 posse
613 2235 782 2274 accidere
803 2234 869 2272 diu
903 2234 1141 2286 cogitaverit,
1172 2248 1258 2286 qua:
1277 2233 1460 2287 cogitatio
1489 2246 1563 2271 una
1594 2234 1764 2272 maxime
1798 2246 1887 2272 mo-

493 2303 614 2340 lestias
635 2313 770 2340 omnes
804 2309 982 2338 extenuat
1016 2309 1053 2337 ct
1084 2300 1225 2338 diluit:
1257 2299 1407 2344 deinde,
1439 2300 1542 2352 quod
1563 2298 1730 2338 humane
1759 2297 1887 2337 fcren-

494 2370 539 2405 da
561 2367 743 2420 intelligit
762 2381 770 2404 ε
804 2365 1006 2419 postremo,
1024 2365 1127 2417 quod
1145 2366 1245 2403 videt
1267 2365 1412 2404 malurn
1435 2365 1586 2403 nullum
1607 2365 1690 2410 csse,
1714 2364 1779 2403 nisi
1801 2365 1888 2403 cul-

496 2448 580 2486 pam
602 2453 610 2477 ς
642 2433 796 2486 culpam
828 2442 955 2470 autem
978 2432 1125 2469 nullam
1147 2431 1230 2475 css'c,
1252 2445 1344 2469 cum
1367 2431 1417 2474 id,
1440 2431 1542 2482 quod
1565 2432 1611 2469 ab
1632 2430 1790 2469 homine
1811 2444 1887 2470 non

497 2500 661 2553 potuerit
700 2499 874 2552 praestari,
905 2498 1085 2537 evenerit.
1126 2497 1232 2537 Nam
1268 2497 1453 2536 revocatio
1493 2497 1571 2543 illa,
1613 2511 1731 2550 quam
1765 2495 1886 2541 affert,
