2330 2983
750 223 1024 265 LIBER
1081 220 1512 275 QUINTUs.
1753 219 1826 271 389

441 328 602 372 tamdiu,
635 325 730 364 dum
762 324 982 378 praesentem
1013 321 1166 360 sentiret
1184 321 1422 375 voluptatem
1438 339 1451 365 5
1481 319 1656 358 animum
1676 327 1713 356 et
1732 332 1828 371 prze-

440 393 583 431 sentem
613 391 805 444 percipere
826 389 965 442 pariter
984 401 1076 425 cum
1095 400 1266 439 corpore,
1300 395 1339 424 et
1367 385 1578 438 prospicere
1597 384 1827 427 venientem,

439 472 510 497 nec
529 457 758 510 praeteritam
777 453 1028 508 praeterfluere
1044 452 1174 490 finere.
1194 453 1252 489 Ita
1270 461 1467 503 perpetuas
1487 460 1526 489 et
1544 460 1740 489 contextas
1761 463 1829 488 vo-

439 524 603 575 luptates
634 521 675 559 in
705 521 870 573 sapiente
899 517 982 556 fore
1012 517 1172 569 semper,
1207 529 1298 554 cum
1329 516 1583 568 expectationi
1604 516 1830 567 speratarum

439 587 696 640 voluptatum,
718 593 983 638 perceptarum
1003 581 1190 620 memoria
1202 582 1441 633 jungeretur.
1479 582 1611 632 Atque
1630 580 1676 617 iis
1697 580 1833 617 similia

440 651 486 689 ad
505 652 649 689 victum
675 652 790 689 etiam
823 647 1095 692 tranferuntur,
1122 655 1454 698 extenuanturque
1483 644 1769 698 magnificentia
1795 655 1833 682 et

441 716 618 769 sumptus
638 716 853 769 epularum,
875 714 979 766 quod
998 726 1113 766 parvo
1132 712 1240 750 cultu
1262 721 1394 750 natura
1411 720 1591 749 contenta
1611 710 1666 748 fit.

495 783 687 821 XXXIV.
719 781 878 819 Etenim
912 780 998 832 quis
1018 778 1093 817 hoc
1119 791 1196 816 non
1215 778 1332 823 videt,
1367 777 1556 816 desideriis
1587 776 1654 814 ista
1683 775 1831 814 condiri

441 848 599 886 omnia?
622 848 761 886 Darius
781 848 821 886 in
841 845 946 899 fuga,
968 859 1060 884 cum
1081 858 1219 897 aquam
1238 843 1433 882 turbidam
1452 851 1490 881 et
1509 842 1752 881 cadaveribus
1771 842 1832 878 in-

442 914 640 965 quinatam
661 911 824 957 bibiffet,
858 912 1009 964 negavit
1027 923 1200 962 unquam
1221 909 1257 947 se
1286 908 1420 947 bibiss‘e
1443 908 1668 960 jucundius·
1714 907 1831 945 Nun—

442 991 560 1029 quam
581 977 759 1015 videlicet
778 977 904 1014 sitiens
925 976 1084 1014 biberat.
1130 975 1216 1013 Nec
1236 973 1402 1012 esuriens
1423 974 1651 1011 Ptolemaeus
1678 972 1803 1009 ederat
1821 990 1830 1015 ς

441 1043 507 1080 cui
526 1055 616 1080 cum
635 1042 848 1094 peragranti
861 1043 1091 1093 AEgyptum‚
1109 1039 1318 1078 comitibus
1334 1052 1412 1076 non
1427 1037 1653 1080 consecutis,
1670 1036 1834 1073 cibarius

442 1108 483 1145 in
516 1107 596 1145 casa
625 1108 732 1160 panis
764 1107 872 1145 datus
901 1106 1002 1150 esset,
1035 1104 1134 1143 nihil
1160 1104 1286 1142 visum
1316 1103 1369 1141 est
1397 1103 1467 1142 illo
1497 1101 1833 1155 panejucundius.

443 1173 635 1211 Socratem
655 1171 796 1217 ferunt,
826 1185 915 1210 cum
938 1170 1057 1222 usque
1077 1169 1123 1207 ad
1142 1169 1340 1222 vesperum
1369 1168 1588 1206 contentius
1607 1167 1834 1210 ambularet,

443 1238 720 1290 quaefitumque
749 1236 838 1275 effet
856 1250 903 1275 ex
923 1249 982 1280 eo,
1013 1248 1128 1287 quare
1152 1234 1192 1272 id
1211 1233 1350 1272 faceret
1365 1251 1378 1278 3
1410 1232 1646 1285 respondisse,
1678 1232 1727 1276 se,
1758 1245 1836 1283 quo

443 1304 582 1341 melius
603 1312 782 1347 coenaret‚
804 1302 983 1340 obsonare
1002 1300 1236 1339 ambulando
1255 1298 1414 1338 famem.
1438 1299 1547 1350 Qid
1565 1298 1577 1334 ?
1600 1298 1745 1335 victum
1758 1298 1837 1335 La-

445 1369 768 1407 cedaemoniorum
789 1369 828 1406 in
849 1367 1024 1421 phiditiis
1044 1379 1172 1405 nonne
1197 1366 1373 1404 videmus
1393 1365 1406 1402 ?
1438 1365 1507 1403 ubi
1535 1377 1628 1403 cum
1655 1373 1835 1415 tyrannus

445 1434 660 1473 coenaviffet
694 1434 914 1486 Dionysius,
950 1433 1100 1486 negavit
1132 1432 1168 1470 se
1197 1433 1283 1484 jure
1315 1431 1385 1469 illo
1418 1431 1543 1483 nigro,
1582 1430 1687 1481 quod
1719 1443 1836 1467 coenae

445 1511 561 1554 caput
579 1511 671 1546 erat,
692 1500 935 1539 delectatum.
967 1501 1076 1537 Tum
1106 1499 1152 1542 is,
1184 1498 1253 1550 qui
1283 1497 1349 1535 illa
1368 1505 1533 1541 coxerat,
1567 1496 1739 1534 Minime
1759 1497 1837 1532 mi-

446 1580 548 1611 rum,
570 1567 817 1604 condimenta
832 1565 938 1603 enim
958 1563 1176 1603 defuerunt.
1199 1564 1297 1614 Qae
1317 1561 1486 1605 tandem,
1504 1561 1632 1613 inquit
1645 1560 1737 1598 ille?
1760 1561 1836 1598 La-

449 1633 518 1671 bor
537 1633 577 1670 in
596 1641 749 1676 venatu,
768 1631 893 1675 sudor,
921 1629 1049 1669 cursus
1069 1629 1114 1667 ad
1134 1629 1336 1674 Eurotam,
1357 1627 1492 1672 fames,
1514 1627 1606 1666 sitis.
1637 1627 1713 1665 His
1733 1627 1838 1664 enim

447 1699 558 1736 rebus
577 1697 961 1736 Lacedaemoniorum
990 1695 1112 1747 epulae
1145 1695 1394 1732 condiuntur.
1439 1697 1570 1745 Atque
1588 1693 1664 1730 hoc
1696 1705 1772 1730 non
1791 1705 1837 1729 ex

444 1762 656 1802 hominum
674 1776 782 1801 more
802 1762 939 1805 solum,
961 1761 1024 1798 sed
1040 1760 1156 1798 etiam
1173 1773 1220 1797 ex
1235 1759 1376 1803 bestiis,
1392 1759 1557 1811 intelligi
1572 1757 1692 1811 potest
1704 1775 1716 1802 5
1739 1771 1836 1809 quae‚

448 1839 492 1867 ut
523 1828 713 1881 quidquid
743 1828 937 1880 objectum
958 1826 1025 1871 est,
1057 1826 1160 1878 quod
1181 1825 1298 1863 modo
1329 1824 1462 1862 natura
1481 1838 1559 1862 non
1580 1824 1624 1861 fit
1654 1823 1837 1867 alienum,

447 1908 494 1933 eo
513 1904 702 1933 contentae
728 1908 806 1932 non
825 1902 1000 1946 quaerunt
1020 1892 1199 1945 amplius.
1232 1891 1415 1930 Civitates
1439 1891 1614 1943 quaedam
1644 1889 1835 1933 universae,

449 1974 556 1999 more
575 1960 708 2005 doctae,
743 1959 968 2013 parfimonia
997 1958 1243 2002 delectantur,
1273 1965 1318 1994 ut
1350 1957 1396 1995 de
1415 1956 1705 1995 Lacedemoniis
1726 1955 1840 2007 paulo

448 2036 537 2065 ante
556 2026 739 2065 diximus.
782 2026 980 2064 Persarum
998 2038 1020 2062 a
1039 2022 1299 2076 Xenophonte
1330 2023 1451 2061 victus
1481 2023 1713 2075 exponitur3
1745 2034 1839 2073 quos

450 2101 563 2144 negat
580 2091 627 2130 ad
647 2105 784 2144 panem
812 2090 990 2129 adhibere
1009 2090 1238 2142 quidquam,
1263 2097 1396 2140 praeter
1413 2088 1659 2127 nasturcium.
1702 2088 1837 2139 Qan-

451 2170 582 2208 quam,
605 2157 630 2194 fi
646 2156 821 2208 quaedam
840 2157 956 2194 etiam
973 2155 1139 2192 suaviora
1155 2163 1286 2192 natura
1305 2153 1496 2198 desideret,
1518 2167 1634 2206 quam
1652 2152 1774 2190 multa
1793 2164 1839 2188 ex

453 2231 550 2260 terra
568 2221 837 2273 arboribusque
851 2221 1063 2273 gignuntur
1077 2218 1168 2258 cum
1185 2219 1302 2272 copia,
1312 2218 1432 2264 facili,
1450 2229 1534 2257 tum
1552 2219 1728 2257 suavitate
1744 2230 1838 2269 prae-

454 2287 564 2324 stanti
583 2287 595 2322 ?
627 2286 737 2324 Adde
769 2286 988 2330 siccitatem,
1019 2300 1102 2339 quae
1121 2285 1364 2337 consequitur
1383 2284 1481 2322 hanc
1502 2283 1778 2322 continentiam
1800 2281 1838 2318 in

455 2352 572 2389 viem.
618 2351 728 2389 Adde
747 2351 1003 2404 integritatem
1024 2351 1264 2389 valetudinis.
1312 2349 1456 2388 Confer
1475 2350 1659 2391 sudantes,
1689 2348 1839 2383 metan-

456 2427 526 2461 tes,
548 2414 703 2454 refertos
723 2417 860 2468 epulis,
882 2426 1062 2469 tauquam
1083 2417 1233 2468 opimos
1261 2416 1398 2453 boves:
1431 2424 1514 2452 tum
1542 2413 1744 2464 intelliges,
1773 2411 1840 2463 qui

457 2481 692 2534 voluptatem
713 2482 880 2520 maxime
901 2482 1113 2534 sequantur,
1146 2495 1208 2519 eos
1241 2481 1402 2519 minime
1421 2479 1601 2531 consequi
1617 2496 1630 2524 5
1655 2477 1838 2531 jucundi.—

458 2556 653 2601 ratemque
673 2546 794 2586 vic‘tfis
813 2547 882 2587 effe
903 2548 943 2585 in
964 2547 1154 2592 defiderio,
1174 2560 1251 2586 non
1271 2546 1310 2584 in
1328 2545 1507 2584 satietate.
