2330 2983
740 221 1016 260 LIBER
1072 221 1503 273 QUINTUS.
1739 238 1815 279 375

433 322 577 359 beatus.
613 322 702 372 Jam
717 334 806 360 vero
825 323 894 374 qui
912 323 1034 375 potest
1053 323 1110 360 vir
1126 323 1249 361 bonus
1269 337 1346 362 non
1366 323 1412 362 ad
1432 323 1485 368 id,
1507 323 1611 376 quod
1629 323 1819 362 laudabile

433 386 491 430 fit,
512 387 641 425 omnia
660 386 808 431 referre,
826 401 910 439 quae
925 388 1016 439 agit,
1037 401 1199 439 quaeque
1217 388 1356 426 sentit?
1388 388 1524 427 Refert
1543 398 1669 428 autem
1689 391 1819 429 omnia

431 452 477 488 ad
497 452 604 489 beate
623 451 831 489 vivendum
849 467 858 489 :
891 452 998 489 beata
1015 452 1134 503 igitur
1152 453 1230 489 vita
1248 452 1448 490 laudabilis
1464 469 1472 491 :
1504 468 1574 492 nec
1605 456 1820 508 quidquam

431 516 508 554 fine
526 517 668 553 virtute
688 516 877 555 laudabile
894 531 903 554 :
935 517 1044 554 beata
1062 517 1181 568 igitur
1199 517 1276 554 vita
1294 518 1434 555 virtute
1453 519 1670 558 conficitur.

485 581 618 619 XVII.
649 582 780 633 Atque
806 581 881 619 hoc
902 582 951 619 fic
982 581 1098 619 etiam
1118 581 1377 627 concluditur,
1408 583 1496 621 Nec
1516 585 1556 621 in
1582 584 1715 622 misera
1743 586 1820 623 vita

431 646 645 698 quidquam
664 646 717 684 est
735 647 977 699 praedicabile
995 656 1061 685 aut
1079 647 1346 700 gloriandum3
1377 662 1447 687 nec
1476 650 1517 687 in
1550 663 1604 694 ea,
1636 664 1720 702 quae
1750 663 1820 688 nec

431 711 565 750 misera
583 712 640 757 fit,
662 725 732 750 nec
752 713 882 751 beata:
914 721 952 751 et
971 713 1024 750 est
1043 713 1084 751 in
1103 713 1230 766 aliqua
1249 715 1327 752 vita
1343 714 1584 766 praedicabile
1603 715 1763 769 aliquid,
1783 724 1823 753 et

432 777 689 828 gloriandum,
721 791 762 816 ac
782 792 857 830 prae
878 778 912 815 se
932 777 1134 817 ferendum
1150 797 1162 823 ς
1193 788 1238 817 ut
1257 779 1559 832 Epaminondas,

569 843 725 894 Cotfiliis
743 843 866 895 nostris
884 843 962 882 laus
979 843 1024 897 cst
1041 845 1183 897 attonstz
1197 845 1381 884 Laconum
1396 861 1410 884 .-

432 915 475 945 ut
491 906 713 953 Africanus,

568 975 611 1010 A
613 974 688 1025 sole
706 974 893 1017 exoriente,
910 975 1032 1026 ficpra
1045 975 1188 1013 Maeoti’
1200 975 1364 1027 paludes,

567 1038 681 1076 Nemo
699 1038 758 1090 est,
779 1038 842 1091 qui
839 1039 959 1090 saftis
977 1053 1029 1076 me
1046 1041 1267 1092 aequiperare
1284 1049 1406 1092 queat.

433 1100 550 1152 Qod
571 1102 596 1139 fi
614 1102 667 1140 est
678 1121 690 1147 3
723 1103 829 1141 beata
849 1103 925 1140 vita
940 1102 1150 1154 glorianda,
1170 1113 1208 1141 et
1227 1103 1476 1156 praedicanda,
1494 1112 1532 1141 et
1550 1117 1627 1156 prae
1646 1103 1681 1141 se
1695 1103 1821 1143 feren-

432 1167 479 1205 da
497 1166 549 1205 est
563 1185 576 1212 5
607 1166 707 1205 nihil
740 1168 793 1206 est
812 1168 918 1206 enim
949 1167 1068 1213 aliud,
1100 1169 1204 1220 quod
1234 1169 1519 1221 praedicandum
1544 1179 1582 1207 et
1611 1184 1687 1222 prae
1706 1170 1742 1208 se
1761 1169 1821 1208 fe-

432 1233 595 1271 rendum
614 1233 672 1272 fit.
705 1233 860 1284 Qibus
879 1234 1022 1286 posuis,
1039 1234 1225 1286 intelligis
1245 1235 1340 1286 quid
1354 1235 1541 1286 sequatur.
1574 1236 1626 1272 Et
1646 1235 1823 1287 quidem,

433 1298 502 1336 nifi
521 1311 564 1335 ea
582 1299 658 1337 vita
676 1298 784 1336 beata
802 1298 868 1344 est,
890 1313 974 1351 quae
993 1299 1046 1336 est
1060 1299 1192 1337 eadem
1211 1298 1364 1338 honesta
1375 1319 1389 1344 ς
1420 1300 1465 1338 fit
1487 1300 1590 1338 aliud
1609 1300 1751 1339 neceffe
1769 1301 1823 1340 est

432 1364 571 1401 melius
605 1365 683 1402 vita
715 1364 835 1402 beata.
887 1364 1003 1415 Qod
1036 1365 1107 1402 erit
1136 1365 1240 1402 enim
1266 1365 1483 1410 honestum,
1511 1375 1611 1404 certe
1639 1365 1820 1405 fatebun-

432 1438 496 1467 tur
515 1428 586 1467 effe
605 1429 758 1468 melius.
790 1430 847 1467 Ita
865 1429 936 1466 erit
955 1429 1064 1467 beata
1083 1429 1159 1467 vita
1175 1430 1314 1468 melius
1335 1431 1480 1482 aliquid
1495 1449 1507 1475 ;
1539 1445 1618 1483 quo
1637 1432 1732 1483 quid
1748 1445 1821 1484 po-

432 1493 504 1532 test
523 1494 600 1532 dici
618 1494 822 1546 perversius
841 1495 853 1530 ?
886 1493 995 1544 Qid
1013 1494 1026 1530 ?
1047 1507 1139 1531 cum
1159 1493 1326 1532 fatentur
1345 1495 1429 1532 satis
1450 1508 1630 1547 magnam
1650 1497 1731 1534 vim
1751 1496 1823 1535 effe

433 1559 474 1597 in
493 1560 595 1597 vitiis
615 1560 662 1596 ad
680 1559 855 1597 miseram
873 1558 1008 1602 vitam,
1030 1571 1158 1596 nonne
1187 1557 1388 1597 fatendum
1407 1559 1475 1605 est,
1494 1560 1653 1598 eandem
1673 1561 1754 1599 vim
1779 1562 1820 1599 in

431 1623 574 1662 virtute
593 1623 663 1662 effe
683 1624 728 1662 ad
748 1624 896 1661 beatam
916 1623 1037 1661 vitam
1053 1623 1066 1659 ?
1099 1624 1388 1662 Contrariorum
1405 1625 1511 1664 enim
1529 1626 1717 1664 contraria
1735 1626 1823 1665 sunt

430 1688 715 1741 consequentia.
752 1690 843 1740 Qo
862 1688 949 1727 loco
967 1701 1109 1740 quaero,
1130 1702 1247 1740 quam
1267 1689 1348 1726 vim
1366 1687 1504 1727 habeat
1528 1689 1625 1727 libra
1644 1690 1710 1728 illa
1730 1691 1820 1729 Cri-

430 1753 523 1792 tolai
540 1754 553 1791 ?
584 1754 665 1807 qui,
687 1767 779 1792 curn
799 1754 839 1791 in
859 1753 1016 1791 alteram
1033 1753 1183 1791 lancem
1203 1753 1322 1791 animi
1343 1754 1443 1792 bona
1458 1755 1646 1807 imponat,
1665 1755 1704 1792 in
1723 1755 1820 1793 alte-

432 1832 514 1857 ram
533 1819 701 1871 corporis
722 1828 762 1856 et
778 1827 946 1862 externa,
980 1826 1132 1856 tantum
1152 1819 1385 1871 propendere
1414 1819 1522 1858 illam
1553 1820 1645 1858 boni
1671 1821 1822 1859 lancem

432 1893 556 1936 putet,
578 1893 621 1921 ut
640 1892 779 1921 terram
793 1892 831 1921 et
850 1883 970 1921 maria
987 1884 1190 1936 deprimat.

492 1950 647 1988 XVIII.
678 1950 786 2001 Qid
811 1962 901 2001 ergo
920 1958 985 1987 aut
1011 1948 1116 1987 hunc
1135 1948 1327 2002 prohibet,
1348 1958 1413 1988 aut
1428 1950 1543 1988 etiam
1563 1951 1822 1990 Xenocratem

433 2015 547 2053 illum
566 2014 828 2068 graviffimum
849 2013 1180 2067 philosophorum,
1210 2025 1501 2068 exaggerantem
1523 2025 1717 2069 tantopere
1740 2018 1818 2056 vir-

432 2090 572 2127 tutem,
593 2090 634 2120 et
647 2089 916 2120 extenuantem
935 2089 1068 2119 caetera
1084 2090 1122 2119 et
1140 2081 1400 2133 abjicientem,
1420 2082 1461 2120 in
1476 2082 1616 2120 virtute
1635 2097 1712 2121 non
1728 2083 1820 2121 bea-

434 2155 513 2184 tam
534 2146 651 2185 modo
669 2146 804 2190 vitam,
826 2144 888 2182 sed
906 2145 1022 2183 etiam
1042 2145 1305 2191 beatiffimam,
1323 2159 1462 2198 ponere
1479 2147 1493 2184 ?
1524 2147 1641 2199 Qod
1660 2148 1818 2199 quidem

435 2206 504 2243 nisi
523 2206 582 2251 fit,
603 2207 790 2244 virtutum
807 2205 984 2243 interitus
999 2205 1264 2258 consequetur.
1286 2207 1392 2245 Nam
1408 2207 1448 2245 in
1462 2221 1578 2259 quem
1594 2208 1695 2245 cadit
1707 2209 1819 2259 aegri-

435 2271 544 2316 tudo,
579 2271 620 2309 in
639 2270 805 2309 eundem
825 2280 975 2308 metum
999 2271 1132 2309 cadere
1150 2271 1291 2310 neceffe
1308 2272 1360 2312 est
1375 2291 1387 2317 5
1418 2272 1470 2310 est
1487 2274 1590 2310 enim
1610 2281 1735 2311 metus
1751 2271 1817 2310 fu·

437 2346 531 2375 turae
552 2337 785 2389 aegritudinis
806 2336 965 2375 sollicita
990 2338 1200 2390 expectatio
1219 2353 1231 2376 ι
1259 2338 1299 2376 in
1321 2352 1438 2391 quem
1461 2348 1588 2376 autem
1608 2348 1746 2382 metus,
1776 2338 1819 2375 in

436 2403 603 2440 eundem
623 2401 804 2447 formido,
837 2403 1036 2448 timiditas,
1067 2417 1195 2456 pavor,
1225 2404 1401 2456 ignavia;
1433 2417 1521 2454 ergo
1541 2413 1583 2439 ut
1608 2403 1711 2440 idem
1730 2403 1816 2440 vin-

435 2478 544 2508 catur
563 2467 771 2512 interdum,
787 2480 856 2506 nec
870 2477 980 2520 putet
995 2468 1042 2506 ad
1060 2468 1096 2505 se
1114 2478 1346 2520 praeceptum
1364 2467 1461 2505 illud
1472 2467 1582 2505 Atrei
1601 2467 1786 2520 pertinere
1802 2486 1816 2512 5

569 2533 729 2575 Proinde
745 2534 801 2574 ita
810 2543 948 2587 parent
948 2535 995 2588 st
1008 2534 1046 2573 in
1071 2535 1167 2580 vita,
1187 2543 1230 2573 ut
1245 2534 1347 2574 vinci
1361 2533 1534 2585 mstiant.
