2330 2983
1049 248 1276 304 [397]

1113 465 1238 510 DE·

516 664 1096 726 NATURA
1208 666 1804 743 DEORUM,

780 896 866 926 ΑΒ
939 881 1005 927 M.
1079 879 1545 937 BRUTUM,

661 1093 1050 1134 LIBER
1158 1093 1658 1134 PRIMUS.

459 1282 492 1323 1,
648 1276 752 1316 UM
782 1275 916 1315 multae
941 1289 997 1315 res
1027 1275 1069 1315 in
1087 1275 1333 1330 philosophia
1357 1289 1602 1329 nequaquam
1627 1276 1712 1315 satis
1732 1277 1861 1317 adhuc

515 1278 641 1412 C
670 1342 868 1396 explicatae
885 1342 971 1388 fint,
993 1350 1078 1380 tum
1098 1343 1352 1396 perdifficilis,
1374 1343 1504 1386 Brute,
1530 1342 1659 1395 (quod
1673 1351 1723 1381 tu·
1735 1343 1861 1381 mini-

671 1419 735 1445 me
764 1408 933 1459 ignoras)
966 1415 1004 1445 et
1023 1407 1250 1460 perobscura
1269 1406 1426 1460 quaestio
1444 1407 1496 1445 est
1515 1407 1565 1445 de
1589 1416 1722 1445 natura
1748 1408 1858 1446 Deo-

458 1483 571 1518 rum3
602 1485 687 1524 quae
707 1481 745 1511 et
764 1473 810 1511 ad
829 1472 1068 1525 agnitionem
1087 1472 1208 1511 animi
1227 1472 1491 1526 pulcherrima
1509 1472 1575 1517 est,
1596 1482 1633 1510 et
1653 1473 1700 1511 ad
1719 1473 1856 1512 mode-

457 1537 614 1576 randam
622 1538 849 1591 religionem
862 1537 1075 1576 necessaria.
1093 1539 1155 1576 De
1167 1552 1243 1590 qua
1255 1547 1333 1576 tam
1342 1538 1452 1576 variae
1459 1537 1546 1576 sunt
1553 1537 1858 1578 doctiffimorum

458 1600 683 1648 hominurn,
706 1612 863 1656 tamque
882 1603 1136 1655 discrepantes
1159 1603 1367 1648 sententiae,
1397 1611 1442 1641 ut
1468 1616 1611 1656 magno
1629 1613 1859 1655 argumento

455 1666 527 1705 effe
547 1667 696 1713 debeat,
718 1667 882 1713 causam,
914 1667 955 1705 id
981 1667 1034 1705 est
1063 1667 1316 1721 principium,
1341 1666 1610 1721 philosophiae‚
1642 1667 1713 1706 effe
1731 1667 1856 1707 scien-

455 1733 577 1779 tiam;
599 1734 884 1787 prudenterque
903 1733 1158 1772 Academicos
1178 1747 1199 1771 a
1215 1734 1326 1772 rehus
1347 1733 1501 1771 incertis
1522 1733 1767 1772 affenfionem
1786 1747 1859 1773 co-

455 1797 631 1838 hibuiffe.
671 1799 780 1850 Qid
799 1799 852 1837 est
872 1799 979 1837 enim
1000 1799 1214 1837 temeritate
1234 1797 1400 1837 fortius?
1430 1808 1495 1836 aut
1515 1798 1610 1850 quid
1630 1807 1710 1837 tam
1730 1808 1855 1838 teme-

458 1864 614 1908 rarium,
648 1874 806 1916 tamque
836 1864 1044 1917 indignum
1071 1863 1247 1916 sapientis
1277 1863 1459 1916 gravitate
1483 1873 1598 1916 atque
1629 1863 1860 1910 constantiaf.

456 1942 576 1981 quam
596 1938 661 1967 aut
680 1929 818 1968 falsum
840 1929 989 1976 sentire,
1011 1939 1090 1975 aut,
1105 1930 1209 1983 quod
1225 1943 1302 1968 non
1319 1930 1403 1968 satis
1418 1930 1610 1982 explorate
1626 1940 1858 1984 perceptum

454 1994 501 2033 fit
520 2005 557 2033 et
577 1997 794 2048 cognitum,
816 1996 892 2034 fine
913 1996 992 2034 ulla
1009 1996 1248 2034 dubitatione
1265 1994 1465 2034 defendere
1484 1996 1505 2033 ?·

509 2060 629 2099 Velut
660 2061 700 2099 in
730 2060 802 2100 hac
827 2061 1046 2114 quaestione,
1078 2061 1252 2114 plerique
1284 2061 1428 2114 (quod
1453 2061 1623 2100 maxime
1651 2062 1854 2101 verisimile

455 2126 522 2172 est,
552 2136 590 2164 et
622 2141 700 2179 quo
719 2140 852 2166 omnes
884 2127 982 2165 duce
1013 2137 1147 2166 natura
1166 2126 1372 2180 vehimur)
1408 2127 1512 2166 Deos
1543 2127 1615 2166 effe
1640 2129 1819 2167 dixerunt
1840 2143 1852 2167 z

455 2191 628 2230 dubitare
659 2192 694 2230 se
714 2194 934 2245 Protagoras
953 2207 962 2231 :
995 2192 1122 2231 nullos
1147 2192 1218 2231 effe
1237 2193 1398 2232 omnino
1417 2193 1602 2246 Diagoras
1623 2194 1793 2239 Melius,
1814 2202 1854 2232 et

457 2255 687 2295 Theodorus
708 2257 941 2308 Cyrenaicus
959 2267 1202 2310 putaverunt.
1235 2259 1424 2310 inero
1444 2259 1548 2297 Deos
1567 2258 1643 2296 effe
1658 2260 1850 2303 dixerunt,

456 2332 560 2361 tanta
579 2322 664 2361 sunt
685 2323 724 2360 in
746 2323 921 2362 varietate
947 2338 991 2362 ac
1009 2324 1243 2369 diffenfione,
1275 2334 1318 2363 ut
1338 2339 1477 2364 eorum-
1498 2325 1704 2363 molestum
1724 2325 1769 2362 fit
1788 2325 1850 2362 di-

457 2401 655 2426 numerare
675 2388 889 2428 sententias.
936 2390 1042 2429 Nam
1062 2399 1100 2428 et
1119 2390 1164 2428 de
1184 2390 1319 2443 figuris
1339 2392 1526 2435 Deorum,
1554 2399 1591 2427 et
1611 2390 1657 2427 de
1676 2390 1770 2427 locis
1790 2399 1851 2427 at-

457 2466 533 2506 que
554 2453 717 2499 sedibus,
747 2463 784 2493 et
803 2455 950 2493 actione
970 2456 1055 2494 vitae
1084 2456 1208 2494 multa
1228 2456 1409 2494 dicuntur
1421 2473 1432 2500 3
1464 2456 1587 2506 deque
1620 2453 1680 2492 his
1701 2455 1851 2494 summa

459 2518 778 2572 philosophorum
807 2519 1024 2559 diffenfione
1057 2530 1234 2560 certatur.
1291 2521 1408 2573 Qod
1442 2533 1532 2558 vero
1566 2520 1735 2558 maxime
1768 2534 1851 2559 rem

455 2584 680 2640 causamque
700 2585 886 2632 continet,
918 2584 1050 2626 utrum
1079 2584 1179 2626 nihil
1211 2596 1336 2640 agant,
1368 2583 1466 2625 nihil
1486 2585 1708 2633 moliantur,
1739 2586 1861 2625 omni>
