2330 2983
561 279 636 334 με
807 275 901 314 DE
959 270 1298 311 NATURA
1357 269 1706 309 DEORUM

557 377 670 428 fingi,
702 370 958 423 convertique
983 367 1112 421 poffit.
1159 367 1257 419 Ejus
1289 375 1420 405 autem
1450 367 1635 407 universae
1667 366 1872 413 fictricem,
1906 374 1947 407 et

557 438 859 480 moderatricem
880 435 1055 473 divinam
1076 432 1148 471 effe
1168 432 1472 486 providentiam.
1523 433 1640 472 Hanc
1672 433 1810 486 igitur,
1841 446 1943 486 quo·

557 518 731 558 cumque
751 503 787 542 se
808 511 976 546 moveat,
1011 500 1164 538 efficere
1183 498 1302 552 posse,
1339 499 1535 552 quidquid
1561 499 1671 539 velit.
1720 499 1858 552 Itaque
1877 506 1945 538 aut

557 571 696 616 nescit,
733 568 830 622 quid
859 567 1002 621 poffit5
1033 575 1100 604 aut
1130 566 1299 618 negligit
1326 578 1384 604 res
1411 565 1631 611 humanas;
1663 574 1744 612 aut,
1781 564 1879 618 quid
1899 564 1946 603 fit

557 637 774 690 optimum,
806 647 885 673 non
905 631 1238 686 potestjudicare.

615 701 711 740 Non
743 709 854 739 curat
886 697 1057 751 fingulos
1092 696 1290 734 homines.
1334 697 1430 735 Non
1466 697 1642 735 mirum:
1687 709 1737 735 ne
1769 695 1947 735 civitates

558 767 735 821 quidem.
782 767 877 804 Non
899 765 994 802 eas?
1026 776 1074 800 ne
1095 762 1271 800 nationes
1293 762 1472 814 quidem,
1507 772 1546 800 et
1576 771 1727 814 gentes.
1770 761 1892 814 Qod
1921 761 1948 800 fi

559 833 629 872 has
650 833 768 871 etiam
789 837 1033 872 contemnet,
1063 826 1161 880 quid
1182 827 1332 865 mirum
1352 827 1420 872 est,
1443 840 1562 866 omne
1583 828 1631 865 ab
1657 841 1701 865 ea
1725 840 1849 880 genus
1869 826 1949 865 hu-

559 911 723 937 manum
745 896 817 936 effe
837 894 1145 946 contemptum?
1178 892 1266 938 Sed,
1297 906 1378 944 quo
1406 892 1526 931 modo
1546 892 1668 931 iidem
1688 892 1838 938 dicitis,
1868 905 1950 931 non

560 965 694 1002 omnia
716 963 807 1000 deos
829 960 1037 1014 persequi3
1070 958 1192 997 iidem
1215 958 1353 1003 vultis,
1388 972 1409 996 a
1439 958 1514 996 diis
1545 958 1841 997 immortalibus
1873 957 1950 997 ho-

561 1029 738 1069 minibus
759 1028 954 1080 dispartiri
976 1039 1018 1064 ac
1040 1025 1164 1064 dividi
1186 1025 1337 1063 somnia
1357 1026 1370 1063 ?
1408 1024 1563 1064 Idcirco
1583 1024 1666 1064 haec
1688 1035 1836 1070 tecum,
1859 1025 1954 1078 quia

563 1095 684 1134 vestra
702 1094 756 1132 est
776 1094 823 1131 de
843 1092 1089 1131 somniorum
1110 1091 1271 1130 veritate
1292 1090 1492 1129 sententia.
1537 1092 1673 1144 Atque
1692 1091 1814 1129 iidem
1833 1091 1952 1129 etiam

561 1170 650 1200 vota
682 1160 824 1212 suscipi
858 1158 992 1196 dicitis
1024 1166 1219 1210 oportere.
1266 1157 1426 1210 Nempe
1460 1157 1603 1209 singuli
1636 1166 1807 1196 vovent:
1843 1156 1953 1195 audit

561 1227 685 1279 igitur
706 1238 816 1264 mens
838 1224 971 1262 divina
990 1223 1110 1261 etiam
1131 1223 1178 1261 de
1198 1222 1377 1274 singulis,
1424 1222 1580 1261 Videtis
1612 1236 1721 1275 erge,
1755 1236 1842 1261 eam
1873 1235 1955 1261 non

561 1291 634 1330 effe
655 1301 734 1329 tam
755 1299 1004 1343 occupatam,
1025 1302 1144 1342 quam
1166 1288 1363 1341 putabatis
1383 1289 1396 1325 ?
1429 1289 1508 1326 Fac
1528 1288 1600 1326 effe
1621 1288 1845 1333 distentam,
1877 1301 1954 1327 cae-

563 1359 647 1396 lum
669 1357 898 1400 versantem,
921 1365 1064 1394 terram
1086 1363 1279 1399 tuentem,
1309 1355 1428 1392 maria
1449 1354 1720 1392 moderantem
1741 1368 1750 1392 :
1783 1367 1854 1392 cur
1873 1363 1956 1393 tam

563 1424 712 1463 multos
734 1423 825 1461 deos
851 1421 954 1460 nihil
986 1434 1112 1473 agere,
1149 1430 1188 1459 et
1221 1419 1359 1458 cessare
1390 1420 1571 1473 patitur?
1615 1420 1699 1458 Cur
1731 1433 1810 1458 non
1840 1420 1955 1459 rebus

562 1489 748 1528 humanis
769 1488 922 1541 aliquos
943 1487 1088 1525 otiosos
1110 1486 1202 1525 deos
1223 1484 1390 1539 praeficit
1408 1486 1421 1524 ?
1454 1485 1524 1539 qui
1544 1499 1565 1523 a
1586 1494 1638 1531 te,
1673 1486 1809 1531 Balbe,
1832 1485 1956 1524 innu-

563 1555 775 1593 merabiles
790 1553 977 1607 explicati
999 1553 1100 1591 sunt.

619 1622 719 1660 Haec
741 1620 822 1659 fere
841 1619 970 1658 dicere
990 1618 1113 1657 habui
1134 1618 1181 1656 de
1202 1629 1339 1656 natura
1359 1619 1537 1663 deorum,
1567 1633 1645 1658 non
1668 1629 1714 1658 ut
1731 1632 1817 1658 eam
1839 1619 1958 1658 tolle-

565 1702 647 1727 rem
668 1708 680 1734 ;
713 1687 779 1726 sed
800 1695 846 1725 ut
864 1685 1155 1738 intelligeretis,
1188 1698 1306 1738 quarn
1328 1685 1418 1724 effet
1440 1685 1618 1731 obscura,
1654 1695 1692 1724 et
1713 1699 1832 1738 quam
1852 1685 1957 1724 diffi-

564 1755 659 1792 ciles
680 1753 900 1807 explicatus
920 1751 1098 1790 haberet.

620 1821 708 1859 XL.
741 1821 841 1876 Qae
862 1832 956 1857 cum
977 1817 1146 1862 dixisset,
1181 1818 1301 1856 Cotta
1321 1818 1456 1857 finem.
1502 1819 1683 1858 Lucilius
1705 1827 1850 1863 autem,
1873 1819 1957 1857 Ve-

564 1887 808 1932 hementius,
834 1885 983 1938 inquit,
1018 1885 1151 1928 Cotta,
1174 1894 1215 1922 tu
1236 1884 1399 1937 quidem
1421 1886 1596 1923 invectus
1619 1899 1658 1923 es
1680 1886 1720 1923 in
1742 1898 1827 1923 eam
1850 1886 1958 1923 Stoi-

565 1967 703 1992 corum
727 1953 934 1994 rationem,
972 1964 1058 2002 quae
1080 1950 1126 1988 de
1147 1951 1393 2003 providentia
1414 1951 1578 1990 deorum
1600 1952 1648 1989 ab
1669 1951 1749 1989 illis
1773 1951 1958 1989 sanctissi-

567 2032 631 2057 me
650 2028 689 2057 et
710 2016 1044 2071 providentissime
1064 2016 1277 2054 constituta
1296 2016 1364 2055 est.
1413 2017 1486 2055 Sed
1507 2018 1695 2070 quoniam
1716 2017 1959 2070 advesperas-

568 2085 637 2129 cit,
670 2083 779 2121 dabis
810 2083 915 2120 diem
944 2082 1058 2120 nobis
1086 2082 1276 2135 aliquem,
1310 2091 1354 2120 ut
1382 2091 1519 2120 contra
1548 2081 1617 2120 ista
1648 2082 1840 2120 dicamus.
1892 2082 1960 2121 Est

567 2151 673 2189 enim
697 2148 798 2188 mihi
820 2158 951 2188 tecum
985 2163 1054 2201 pro
1086 2149 1161 2187 aris
1182 2159 1220 2187 et
1251 2147 1352 2187 focis
1382 2158 1596 2193 certamen,
1627 2159 1665 2187 et
1693 2163 1763 2201 pro
1794 2149 1960 2188 deorum

568 2217 728 2270 templis
752 2226 867 2268 atque
888 2215 1078 2259 delubris,
1115 2229 1263 2267 proque
1285 2215 1393 2253 urbis
1415 2215 1554 2259 muris,
1587 2229 1686 2267 quos
1708 2228 1790 2260 vos,
1824 2217 1961 2268 ponti-

569 2285 674 2327 fices.
701 2283 847 2320 l‘an‹stos
868 2281 939 2319 cll‘e
959 2281 1106 2325 dicitis,
1126 2281 1434 2333 diligentiusque
1456 2283 1594 2320 urbem
1618 2282 1822 2334 religione,
1838 2296 1959 2334 quam

567 2349 658 2402 ipsi>
680 2348 878 2387 moenibus
901 2348 1076 2399 cingitis.
1108 2349 1207 2400 Qae
1229 2348 1350 2386 deseri
1370 2361 1390 2386 a
1413 2362 1489 2391 mc,
1512 2348 1608 2386 dum
1631 2348 1793 2401 quidem
1819 2348 1959 2401 spirare

569 2426 722 2468 potero,
755 2414 860 2453 nefas
876 2413 1031 2466 judico.

625 2483 735 2519 'I'um
772 2482 906 2526 Cotta,
948 2481 1036 2533 Ego
1074 2494 1163 2519 vero
1196 2490 1234 2518 ct
1269 2490 1364 2534 opto
1401 2481 1580 2535 redargui
1613 2496 1689 2527 mc,
1732 2481 1879 2520 Balbe:
1921 2492 1961 2520 ct

571 2561 627 2592 ea,
665 2561 751 2600 qua·
779 2547 988 2600 disputavi,
1022 2546 1199 2586 diss'crcre
1231 2548 1370 2593 malui,
1406 2548 1748 2601 qiiainjudicare:
1781 2556 1821 2587 et
1845 2545 1963 2588 facile
