2330 2983
579 239 629 279 68
889 233 1665 277 ACADEMICORUM

579 331 697 369 finem
718 331 924 374 bonorum,
960 330 1143 382 adeptum
1163 329 1234 367 effe
1253 330 1385 367 omnia
1403 341 1422 366 e
1443 337 1574 366 natura
1593 336 1631 366 et
1649 325 1793 370 animo,
1824 333 1864 364 et
1882 337 1971 364 cor-

580 409 684 449 pore,
714 405 752 433 et
782 396 872 433 vita.
933 395 1114 447 Corporis
1145 403 1273 432 autem
1304 394 1374 432 alia
1399 393 1592 446 ponebant
1611 392 1682 431 effe
1710 392 1750 429 in
1777 399 1871 436 toto,
1902 391 1974 429 alia

580 463 620 499 in
641 461 826 514 partibus.
884 461 1171 504 Valetudinem,
1203 461 1312 504 vires,
1342 458 1691 512 pulchritudinem,
1721 457 1761 495 in
1787 466 1896 495 toto:
1932 457 1973 494 in

579 527 751 579 partibus
771 535 914 570 autem,
946 526 1069 564 sensus
1090 526 1272 578 integros,
1289 534 1326 564 et
1347 524 1599 577 praestantiam
1618 524 1787 576 aliquam
1806 522 1975 575 partium

581 591 814 644 singularum
827 609 839 636 ς
870 601 915 628 ut
933 591 973 629 in
994 591 1155 643 pedibus
1175 590 1422 634 celeritatem,
1444 591 1523 628 vim
1545 591 1584 628 in
1606 589 1799 633 manibus,
1819 588 1974 626 clarita-

582 665 662 695 tem
682 657 722 695 in
742 670 848 701 voce,
869 657 909 694 in
929 656 1060 709 lingua
1078 657 1194 694 etiam
1214 656 1453 709 explanatam
1474 669 1615 693 vocum
1635 653 1934 707 impreffionem.

637 723 773 760 Animi
804 730 949 766 autem,
977 735 1062 773 quae
1081 721 1197 758 effent
1226 721 1272 758 ad
1292 718 1692 772 comprehendendam
1711 718 1875 770 ingeniis
1894 717 1975 756 vir-

582 796 706 825 tutem
727 787 888 824 idonea:
920 799 1038 837 eaque
1071 786 1118 823 ab
1138 786 1183 823 iis
1214 786 1255 823 in
1286 795 1459 823 naturam
1490 793 1528 822 et
1547 797 1672 822 mores
1692 783 1973 821 dividebantur.

581 853 740 890 Naturae
757 851 992 889 celeritatem
1012 850 1058 887 ad
1078 850 1303 888 discendum
1322 859 1360 887 et
1375 849 1605 887 memoriam
1621 848 1785 892 dabant;
1807 859 1979 899 quorum·

581 927 790 970 utrumque
809 917 949 955 mentis
969 915 1058 954 esset
1076 916 1291 968 proprium,
1312 924 1351 953 et
1370 915 1529 968 ingenii.
1572 915 1737 953 Morum
1755 922 1884 952 autem
1900 926 1979 966 pu-

582 983 713 1021 tabant
733 982 854 1020 studia
870 981 941 1019 effe
960 990 998 1019 et
1013 981 1116 1034 quafi
1135 981 1450 1019 consuetudinem
1465 999 1478 1025 ;
1500 993 1617 1033 quam
1633 980 1774 1034 partim
1790 979 1978 1018 exercita-

581 1049 697 1088 tionis
717 1048 939 1093 affiduitate,
964 1049 1104 1101 partim
1122 1048 1280 1093 ratione,
1301 1046 1518 1085 formabant
1530 1065 1542 1092 ;
1564 1047 1604 1084 in
1625 1047 1766 1100 quibus
1786 1055 1865 1084 erat
1883 1044 1976 1098 phi-

582 1113 753 1168 losophia
783 1114 873 1167 ipsa.
933 1115 977 1152 In
1009 1127 1085 1166 qua
1103 1114 1208 1166 quod
1234 1113 1460 1152 inchoatum
1490 1113 1557 1158 est,
1588 1126 1711 1166 neque
1741 1112 1974 1157 absolutum,

581 1180 784 1234 progreflio
804 1179 977 1232 quaedam
998 1179 1044 1216 ad
1070 1179 1252 1216 virtutem
1272 1179 1508 1231 appellatur:
1540 1178 1645 1230 quod
1674 1188 1802 1216 autem
1823 1177 1977 1216 absolu-

583 1255 682 1290 tum,
697 1246 737 1283 id
752 1245 804 1283 est
818 1246 952 1290 virtus,
967 1244 1068 1296 quafi
1081 1243 1263 1297 perfectio
1276 1254 1431 1289 naturae,
1448 1245 1705 1296 omniumque
1721 1257 1863 1289 rerum,
1883 1256 1977 1296 quas

581 1312 621 1349 in
641 1311 779 1350 animis
799 1319 964 1364 ponunt,
986 1323 1062 1348 una
1081 1323 1137 1348 res
1157 1311 1317 1362 optima.
1350 1311 1455 1362 Ergo
1474 1309 1556 1348 haec
1576 1311 1810 1348 animorum.

635 1377 736 1414 Vitae
768 1385 897 1415 autem
931 1375 988 1427 (id
1018 1374 1123 1414 enim
1155 1384 1233 1413 erat
1264 1376 1442 1427 tertium)
1478 1375 1654 1427 adjuncta
1683 1375 1753 1413 effe
1783 1375 1977 1421 dicebant,

581 1457 666 1495 quae
685 1442 730 1480 ad
751 1443 901 1480 virtutis
919 1441 1029 1479 usum
1048 1442 1230 1480 valerent.
1266 1442 1354 1493 Jam
1373 1441 1492 1480 virtus
1510 1441 1631 1479 animi
1651 1441 1762 1480 bonis
1781 1451 1820 1480 et
1835 1454 1978 1495 corpo-

581 1509 632 1547 ris
652 1509 820 1546 cernitur
834 1508 874 1546 in
892 1507 1135 1560 quibusdam,
1150 1521 1235 1560 quae
1251 1521 1326 1546 non
1344 1517 1422 1545 tam
1439 1516 1594 1552 naturae,
1609 1520 1727 1559 quam
1743 1508 1861 1546 beatae
1874 1509 1976 1554 vitae‚

582 1574 755 1626 adjuncta
782 1573 881 1612 sunt.
932 1574 1150 1616 Hominem
1171 1572 1242 1611 effe
1272 1573 1473 1611 censebant
1493 1573 1595 1626 quasi
1617 1582 1763 1626 partem
1784 1573 1978 1625 quandam

581 1640 761 1685 civitatis,
795 1648 832 1677 et
864 1639 1022 1677 univerli
1053 1640 1200 1692 generis
1230 1637 1407 1683 humani,
1438 1652 1606 1692 eumque
1635 1638 1705 1677 effe
1724 1640 1976 1691 conjunctum

582 1719 672 1743 cum
691 1704 916 1743 hominibus
933 1703 1101 1742 humana
1115 1705 1280 1757 quadam
1297 1705 1484 1743 societate.
1507 1706 1567 1743 Ac
1584 1705 1629 1743 de
1645 1704 1799 1743 summo
1818 1704 1978 1757 quidem

583 1780 697 1822 atque
719 1769 879 1808 naturali
911 1769 1014 1807 bono
1044 1769 1093 1808 fic
1114 1780 1246 1822 agunt.
1307 1771 1452 1808 Caetera
1482 1779 1610 1808 autem
1644 1772 1833 1822 pertinere
1863 1770 1908 1808 ad
1938 1771 1978 1808 id

584 1845 733 1888 putant,
754 1845 818 1873 aut
839 1835 883 1873 ad
904 1818 1139 1887 augendum,
1159 1844 1223 1873 aut
1243 1834 1289 1872 ad
1311 1835 1498 1873 tuendum
1515 1853 1527 1880 5
1559 1845 1603 1873 ut
1622 1835 1786 1880 divitias,
1809 1844 1851 1873 ut
1870 1848 1976 1888 opes,

584 1912 625 1939 ut
645 1901 822 1954 gloriam,
853 1910 895 1939 ut
914 1901 1089 1954 gratiam.
1140 1901 1197 1939 Ita
1225 1901 1412 1954 tripartita
1440 1902 1487 1939 ab
1508 1902 1554 1940 iis
1575 1901 1772 1940 inducitur
1790 1902 1885 1940 ratio
1906 1902 1979 1941 bo-

586 1981 738 2005 norum.

640 2033 708 2069 VI.
742 2034 872 2085 Atque
892 2031 972 2070 haec
994 2032 1058 2069 illa
1079 2031 1163 2069 sunt
1184 2032 1253 2070 tria
1268 2045 1418 2085 genera,
1449 2046 1533 2084 quae
1550 2042 1687 2085 putant
1708 2033 1880 2086 plerique
1905 2033 1977 2071 Pe-

586 2099 800 2151 ripateticos
831 2098 979 2136 dicere:
1013 2098 1050 2135 id
1085 2098 1243 2150 quidem
1277 2112 1351 2136 non
1375 2097 1494 2143 fals0;
1526 2099 1577 2136 est
1597 2099 1701 2137 enim
1722 2097 1803 2137 haec
1825 2099 1979 2152 partitio

585 2163 740 2202 illorum
758 2182 768 2209 ;
802 2163 898 2201 illud
919 2164 1194 2217 imprudenter,
1227 2163 1251 2202 fi
1283 2164 1373 2201 alios
1404 2163 1475 2202 esse
1494 2165 1760 2209 Academicos,
1794 2166 1861 2217 qui
1894 2175 1977 2203 tum

584 2230 877 2283 appellarentur,
909 2229 1001 2268 alios
1026 2230 1307 2283 Peripatetico&
1339 2231 1581 2268 arbitrantur.
1634 2231 1867 2270 Communis
1898 2230 1979 2270 haec

585 2296 692 2339 ratio,
714 2305 752 2333 ct
773 2295 940 2347 utrisque
959 2295 1022 2333 hic
1044 2295 1234 2334 bonorum
1256 2296 1341 2334 finis
1363 2296 1574 2341 videbatur,
1596 2297 1749 2350 adipisci
1766 2311 1850 2349 qua:
1862 2296 1980 2336 ess'cn‘t

587 2361 708 2412 prima
728 2361 765 2398 in
789 2370 932 2404 natura,
955 2374 1115 2413 qumque
1137 2361 1212 2413 ipsa
1234 2375 1298 2413 per
1319 2360 1390 2399 sese
1413 2362 1634 2414 expetenda,
1665 2372 1728 2400 aut
1748 2363 1891 2407 omnia,
1914 2372 1979 2401 aut

589 2428 766 2465 maxima.
802 2428 856 2465 Ea
877 2427 962 2465 sunt
983 2436 1109 2465 autem
1143 2428 1323 2472 maxima,
1345 2441 1429 2480 quae
1462 2429 1499 2465 in
1537 2428 1615 2481 ipso
1645 2430 1773 2467 animo
1793 2439 1907 2481 atquc
1939 2430 1977 2467 in

589 2493 663 2545 ipsa
680 2494 817 2531 virtute
832 2493 1036 2532 versantur.
1071 2494 1204 2546 ltaque
1224 2495 1350 2532 omnis
1368 2493 1431 2531 illa
1447 2495 1600 2547 antiqua
1616 2494 1855 2549 philosophia
1871 2495 1979 2533 senlit

588 2559 626 2596 in
645 2572 716 2596 unzi
733 2559 871 2598 virtute
886 2558 957 2597 effe
973 2559 1131 2613 politam
1150 2560 1296 2598 beatam
1311 2561 1454 2605 vitam3
1478 2574 1545 2598 nec
1568 2571 1696 2599 tamen
1713 2560 1976 2606 beatissimam,
