2330 2983
568 267 643 320 178
990 262 1094 301 DE
1152 259 1537 300 FrNrssth

564 361 743 404 constitui
764 360 876 414 poffit
903 359 990 399 finis
1008 360 1216 398 bonorum.
1248 358 1486 413 Chrysippus
1505 367 1650 404 autem,
1669 370 1865 412 exponens
1883 358 1964 397 dif-

565 429 740 467 ferentias
771 427 1046 471 animantium,
1089 426 1143 464 ait
1174 426 1264 464 alias
1294 439 1424 464 earum
1453 439 1612 479 corpore
1643 424 1843 470 excellere,
1873 424 1967 464 alias

564 504 695 532 autem
728 493 873 538 animo,
917 491 1121 530 nonnullas
1158 492 1281 530 valere
1315 502 1475 544 utraque
1508 505 1547 530 re
1563 510 1575 537 5
1612 491 1749 530 deinde
1781 490 1964 544 disputat,

564 559 671 612 quod
689 557 874 610 cujusque
903 557 1051 610 generis
1071 557 1276 595 animantis
1297 557 1408 596 statui
1427 557 1557 596 deceat
1575 566 1809 595 extremum.
1856 557 1964 594 Cum

553 634 694 665 ,autem
723 623 926 663 hominem
956 623 998 661 in
1030 636 1077 661 eo
1109 636 1245 676 genere
1270 623 1461 676 posuisset,
1492 634 1535 661 ut
1565 623 1600 661 ei
1627 623 1812 661 tribueret
1841 620 1965 659 animi

562 690 859 734 excellentiam5
888 689 1089 727 summum
1121 689 1270 727 bonum
1302 689 1343 727 id
1363 689 1575 733 constituit,
1605 702 1683 727 non
1716 696 1761 727 ut
1779 688 1967 727 excellere

562 757 710 800 animo,
731 755 794 793 sed
814 755 872 793 uti
890 753 990 792 nihil
1010 753 1094 799 effe,
1116 763 1251 806 praeter
1270 754 1463 799 animum,
1483 754 1686 793 videretur.

618 822 713 861 XII.
745 822 838 858 Uno
857 829 986 857 autern
1007 819 1126 857 modo
1144 819 1185 857 in
1205 820 1345 857 virtute
1365 819 1442 857 sola
1464 818 1664 857 summum
1689 819 1839 857 bonum
1865 819 1968 857 reete

562 895 782 939 poneretur,
802 885 829 923 fi
848 884 955 936 quod
971 883 1062 922 effet
1080 884 1238 930 animal,
1260 885 1365 936 quod
1385 893 1513 923 totum
1530 897 1578 923 ex
1596 893 1728 923 mente
1749 883 1934 922 constaret
1948 902 1964 930 5

562 951 732 1005 idipsum
752 960 880 990 tamen
899 950 964 996 fic,
995 959 1039 989 ut
1056 963 1099 988 ea
1118 963 1226 989 mens
1251 949 1353 988 nihil
1372 949 1526 989 haberet
1546 951 1586 989 in
1607 950 1656 996 se,
1673 950 1780 1003 quod
1797 949 1886 988 effet
1905 949 1964 988 se-

562 1018 737 1057 cundum
768 1025 942 1056 naturam
956 1034 970 1062 ς
1000 1025 1044 1055 ut
1072 1016 1250 1055 valetudo
1269 1017 1336 1055 est.
1381 1016 1452 1056 Sed
1472 1017 1512 1055 id
1537 1031 1584 1055 ne
1615 1016 1777 1069 cogitari
1804 1015 1968 1068 quidem

563 1083 700 1136 potest,
721 1083 831 1135 quale
851 1081 911 1127 fit,
932 1090 976 1120 ut
995 1095 1071 1120 non
1097 1091 1286 1135 repugnet
1305 1082 1431 1135 ipsum
1452 1082 1535 1121 fibi.
1578 1083 1643 1121 Sin
1663 1082 1759 1121 dicit
1773 1081 1966 1121 obscurari

562 1148 754 1201 quaedam‚
785 1161 856 1186 nec
876 1160 1067 1200 apparere,
1096 1148 1189 1200 quia
1217 1148 1325 1186 valde
1344 1161 1456 1201 parva
1485 1148 1570 1193 fint,
1602 1161 1670 1186 nos
1691 1161 1847 1200 quoque
1866 1161 1963 1185 con-

562 1214 736 1253 cedimus
751 1231 766 1259 5
795 1213 901 1266 quod
919 1213 1015 1251 dicit
1035 1214 1228 1266 Epicurus
1257 1214 1303 1252 de
1328 1214 1522 1267 voluptate
1538 1233 1552 1259 5
1581 1228 1666 1266 quae
1697 1214 1870 1252 minimae
1891 1213 1966 1252 sint

561 1279 792 1332 voluptates,
820 1291 880 1316 eas
905 1276 1097 1317 obscurari
1115 1278 1210 1331 saepe
1229 1288 1267 1317 et
1286 1279 1413 1318 obrui.
1472 1279 1545 1317 Sed
1564 1293 1642 1317 non
1661 1279 1748 1317 sunt
1768 1279 1811 1317 in
1828 1292 1874 1316 eo
1893 1293 1963 1331 ge-

562 1357 650 1382 nere
682 1353 794 1383 tantae
822 1343 1118 1382 commoditates
1148 1345 1332 1397 corporis,
1363 1354 1520 1398 tamque
1549 1345 1742 1398 productae
1773 1345 1963 1397 tempori-

562 1409 648 1454 bus,
679 1418 836 1461 tamque
855 1408 1003 1447 multae.
1038 1409 1189 1461 Itaque,
1217 1410 1257 1447 in
1287 1403 1446 1462 quibus',
1475 1419 1630 1463 propter
1649 1423 1780 1448 earum
1807 1410 1965 1463 exigui-

560 1483 694 1520 tatem,
725 1474 940 1512 obscuratio
971 1473 1230 1526 consequitur,
1262 1475 1356 1527 saepe
1390 1475 1545 1521 accidit,
1585 1484 1628 1513 ut
1662 1474 1763 1514 nihil
1792 1474 1968 1513 interesse

559 1539 684 1579 nostra
701 1538 902 1585 fateamur,
924 1539 996 1577 sint
1015 1539 1096 1585 illa,
1118 1553 1237 1578 necne
1258 1541 1329 1578 sint
1345 1559 1357 1585 5
1389 1550 1432 1579 ut
1452 1541 1492 1578 in
1512 1541 1603 1586 sole,
1633 1541 1738 1593 quod
1758 1555 1778 1579 a
1798 1550 1835 1579 te
1854 1541 1963 1579 dice—

559 1605 687 1650 batur,
707 1605 905 1643 lucernam
924 1603 1104 1646 adhibere
1135 1605 1234 1644 nihil
1255 1606 1423 1651 interest,
1457 1615 1522 1645 aut
1555 1607 1770 1645 teruntium
1802 1607 1966 1658 adjicere

558 1671 679 1710 Croefi
701 1671 888 1723 pecuniae.

614 1737 770 1789 Qibus
804 1745 934 1775 autem
965 1736 1005 1774 in
1038 1737 1150 1774 rebus
1170 1736 1384 1776 obscuratio
1411 1746 1513 1775 tanta
1533 1751 1609 1776 non
1637 1737 1695 1782 fit,
1726 1737 1806 1776 fieri
1835 1748 1963 1777 tamen

560 1803 697 1855 potest,
727 1812 770 1840 ut
790 1801 830 1840 id
850 1801 992 1854 ipsum,
1023 1802 1128 1854 quod
1147 1802 1314 1849 interest,
1345 1817 1422 1842 non
1442 1803 1486 1842 fit
1506 1817 1708 1856 magnum.
1747 1805 1804 1841 Ut
1823 1805 1873 1849 ei,
1892 1806 1963 1857 qui

555 1868 726 1920 jucunde
747 1868 882 1906 vixerit
902 1881 1019 1906 annos
1040 1868 1188 1913 decem,
1220 1869 1244 1906 fi
1267 1883 1372 1921 :eque
1401 1870 1478 1908 vita
1491 1869 1665 1921 jucunda
1683 1869 1873 1908 menstrua
1893 1870 1964 1908 ad-

559 1935 683 1978 datur,
714 1934 804 1985 quia
836 1943 1083 1972 momentum
1117 1934 1273 1986 aliquod
1299 1935 1436 1974 habeat
1467 1936 1513 1973 ad
1537 1935 1761 1987 jucundum
1789 1935 1963 1982 acceffio,

559 2000 707 2038 bonum
727 1998 771 2036 fit
788 2017 800 2043 5
831 1997 885 2036 sm
900 2007 1028 2036 autem
1050 1999 1087 2036 id
1106 2013 1182 2037 non
1203 2001 1446 2044 concedatur,
1469 2014 1545 2039 non
1566 2001 1754 2039 continuo
1773 2001 1849 2037 vita
1870 2001 1961 2039 bea-

559 2075 598 2102 ta
617 2064 780 2102 tollitur.
840 2064 946 2102 Bona
965 2073 1093 2102 autem
1123 2066 1292 2117 corporis
1312 2064 1403 2104 huic
1425 2065 1525 2110 sunt,
1553 2066 1657 2118 quod
1678 2065 1859 2118 posterius
1887 2081 1958 2119 po-

560 2130 630 2174 sui,
662 2129 855 2168 similiora.
899 2129 1058 2168 Habent
1078 2131 1182 2168 enim
1203 2131 1451 2170 accessionem
1472 2132 1645 2184 dignam,
1673 2132 1712 2169 in
1733 2145 1808 2183 qua
1827 2131 1959 2170 clabo-

560 2206 690 2240 retur5
724 2205 766 2233 ut
786 2193 885 2233 mihi
906 2195 945 2233 in
964 2194 1040 2233 hoc
1062 2196 1178 2234 Stoici
1194 2197 1314 2248 jocari
1342 2197 1540 2235 videantur
1564 2197 1772 2241 interdum,
1794 2211 1885 2235 cum
1907 2199 1959 2236 it.1

559 2260 702 2304 dicant,
734 2259 760 2298 sl
793 2260 838 2298 ad
870 2259 979 2298 illam
1013 2261 1145 2305 vitam,
1176 2276 1261 2314 qua:
1290 2276 1382 2300 cum
1414 2263 1554 2300 virtute
1586 2262 1757 2316 degatur,
1789 2264 1962 2316 ampulla

560 2336 624 2364 aut
655 2325 807 2379 strigilis
839 2326 1004 2371 accedat,
1043 2326 1288 2380 sumpturum
1321 2328 1528 2380 sapientem
1556 2343 1639 2366 cam
1663 2329 1782 2366 vit-lm
1814 2330 1960 2382 potius.

561 2405 638 2441 quo
658 2389 737 2428 hac
759 2391 901 2443 adjecta
921 2391 1005 2436 lint,
1037 2405 1105 2429 nec
1135 2392 1341 2430 beatiorem
1365 2402 1491 2431 tamen
1512 2393 1561 2430 ob
1582 2407 1664 2431 cam
1691 2393 1838 2432 causam
1861 2392 1957 2433 fore.

563 2457 651 2494 lloc
674 2456 794 2494 simile
820 2456 974 2495 tandem
1000 2457 1051 2495 cst
1074 2471 1148 2495 non
1177 2457 1250 2495 risu
1272 2458 1413 2511 potius,
1444 2472 1560 2510 quam
1585 2459 1766 2503 oratione,
1798 2460 1957 2511 ejicien-

561 2521 655 2559 dum
676 2522 687 2558 ?
725 2522 910 2576 Ampulla
924 2524 1027 2561 enim
1047 2523 1103 2568 sit,
1127 2537 1244 2561 nccnc
1262 2524 1318 2569 fit,
1340 2525 1426 2576 quis
1445 2538 1517 2562 non
1531 2527 1616 2576 jure
1634 2525 1784 2578 optime
1801 2524 1958 2562 irridm-

561 2595 636 2633 tur,
651 2586 675 2625 li
697 2587 863 2627 laboret?
887 2591 940 2627 At
957 2603 1043 2628 vcro
1058 2589 1241 2643 gravitate
1257 2589 1522 2630 membrorum
1535 2600 1572 2629 ct
1592 2590 1763 2630 cruciatu
1779 2588 1958 2629 dolorum
