<?xml version="1.0" encoding="UTF-8"?>
<!DOCTYPE html PUBLIC "-//W3C//DTD XHTML 1.0 Transitional//EN"
    "http://www.w3.org/TR/xhtml1/DTD/xhtml1-transitional.dtd">
<html xmlns="http://www.w3.org/1999/xhtml" xml:lang="en" lang="en">
 <head>
  <title>
</title>
<meta http-equiv="Content-Type" content="text/html;charset=utf-8" />
  <meta name='ocr-system' content='tesseract 3.04.00' />
  <meta name='ocr-capabilities' content='ocr_page ocr_carea ocr_par ocr_line ocrx_word'/>
</head>
<body>
  <div class='ocr_page' id='page_1' title='image "./operacumindicibu02ciceuoft_0264.png"; bbox 0 0 2330 2983; ppageno 0'>
   <div class='ocr_carea' id='block_1_1' title="bbox 531 194 1620 276">
    <p class='ocr_par' dir='ltr' id='par_1_1' title="bbox 531 194 1620 276">
     <span class='ocr_line' id='line_1_1' title="bbox 531 194 1620 276; baseline -0.002 -14"><span class='ocrx_word' id='word_1_1' title='bbox 531 194 609 276; x_wconf 54' lang='lat'><strong>2&#39;56</strong></span> <span class='ocrx_word' id='word_1_2' title='bbox 840 218 1620 260; x_wconf 85' lang='lat' dir='ltr'>TUSCULANARUM</span> 
     </span>
    </p>
   </div>
   <div class='ocr_carea' id='block_1_2' title="bbox 524 318 1931 2617">
    <p class='ocr_par' dir='ltr' id='par_1_2' title="bbox 527 318 1929 766">
     <span class='ocr_line' id='line_1_2' title="bbox 529 318 1924 374; baseline 0.001 -14"><span class='ocrx_word' id='word_1_3' title='bbox 529 321 587 360; x_wconf 87' lang='lat' dir='ltr'>uti</span> <span class='ocrx_word' id='word_1_4' title='bbox 608 319 767 359; x_wconf 83' lang='lat' dir='ltr'>licebit?</span> <span class='ocrx_word' id='word_1_5' title='bbox 799 319 895 358; x_wconf 82' lang='lat' dir='ltr'>Non</span> <span class='ocrx_word' id='word_1_6' title='bbox 915 318 1013 358; x_wconf 89' lang='lat' dir='ltr'>valet</span> <span class='ocrx_word' id='word_1_7' title='bbox 1033 327 1186 358; x_wconf 87' lang='lat' dir='ltr'>tantum</span> <span class='ocrx_word' id='word_1_8' title='bbox 1206 319 1371 365; x_wconf 83' lang='lat' dir='ltr'>animus,</span> <span class='ocrx_word' id='word_1_9' title='bbox 1404 329 1449 359; x_wconf 90' lang='lat' dir='ltr'>ut</span> <span class='ocrx_word' id='word_1_10' title='bbox 1468 319 1504 359; x_wconf 89' lang='lat' dir='ltr'>se</span> <span class='ocrx_word' id='word_1_11' title='bbox 1523 320 1652 374; x_wconf 86' lang='lat' dir='ltr'>ipsum</span> <span class='ocrx_word' id='word_1_12' title='bbox 1670 320 1749 374; x_wconf 86' lang='lat' dir='ltr'>ipse</span> <span class='ocrx_word' id='word_1_13' title='bbox 1776 321 1924 368; x_wconf 85' lang='lat' dir='ltr'>videat;</span> 
     </span>
     <span class='ocr_line' id='line_1_3' title="bbox 529 385 1929 432; baseline 0.002 -8"><span class='ocrx_word' id='word_1_14' title='bbox 529 396 581 432; x_wconf 88' lang='lat' dir='ltr'>at,</span> <span class='ocrx_word' id='word_1_15' title='bbox 604 394 645 424; x_wconf 90' lang='lat' dir='ltr'>ut</span> <span class='ocrx_word' id='word_1_16' title='bbox 664 385 814 429; x_wconf 81' lang='lat' dir='ltr'>oculus,</span> <span class='ocrx_word' id='word_1_17' title='bbox 849 385 898 423; x_wconf 88' lang='lat' dir='ltr'>fic</span> <span class='ocrx_word' id='word_1_18' title='bbox 918 385 1070 424; x_wconf 88' lang='lat' dir='ltr'>animus</span> <span class='ocrx_word' id='word_1_19' title='bbox 1091 385 1165 424; x_wconf 85' lang='lat' dir='ltr'>sese</span> <span class='ocrx_word' id='word_1_20' title='bbox 1184 399 1262 425; x_wconf 89' lang='lat' dir='ltr'>non</span> <span class='ocrx_word' id='word_1_21' title='bbox 1281 386 1413 424; x_wconf 77' lang='lat' dir='ltr'>videns</span> <span class='ocrx_word' id='word_1_22' title='bbox 1433 386 1507 425; x_wconf 86' lang='lat' dir='ltr'>alia</span> <span class='ocrx_word' id='word_1_23' title='bbox 1524 387 1661 426; x_wconf 82' lang='lat' dir='ltr'>cernit.</span> <span class='ocrx_word' id='word_1_24' title='bbox 1711 387 1806 427; x_wconf 89' lang='lat' dir='ltr'>Non</span> <span class='ocrx_word' id='word_1_25' title='bbox 1825 389 1929 427; x_wconf 88' lang='lat' dir='ltr'>videt</span> 
     </span>
     <span class='ocr_line' id='line_1_4' title="bbox 527 450 1928 506; baseline 0.002 -16"><span class='ocrx_word' id='word_1_26' title='bbox 527 462 672 496; x_wconf 78' lang='lat' dir='ltr'>autem,</span> <span class='ocrx_word' id='word_1_27' title='bbox 692 451 797 504; x_wconf 91' lang='lat' dir='ltr'>quod</span> <span class='ocrx_word' id='word_1_28' title='bbox 817 451 1031 490; x_wconf 86' lang='lat' dir='ltr'>minimum</span> <span class='ocrx_word' id='word_1_29' title='bbox 1050 451 1119 496; x_wconf 86' lang='lat' dir='ltr'>est,</span> <span class='ocrx_word' id='word_1_30' title='bbox 1143 450 1311 490; x_wconf 83' lang='lat' dir='ltr'>formam</span> <span class='ocrx_word' id='word_1_31' title='bbox 1330 451 1450 491; x_wconf 88' lang='lat' dir='ltr'>suam.</span> <span class='ocrx_word' id='word_1_32' title='bbox 1483 452 1648 491; x_wconf 84' lang='lat' dir='ltr'>Fortasse</span> <span class='ocrx_word' id='word_1_33' title='bbox 1659 471 1672 498; x_wconf 70' lang='lat'>5</span> <span class='ocrx_word' id='word_1_34' title='bbox 1705 467 1928 506; x_wconf 88' lang='lat' dir='ltr'>quanquam</span> 
     </span>
     <span class='ocr_line' id='line_1_5' title="bbox 529 516 1926 572; baseline 0.002 -16"><span class='ocrx_word' id='word_1_35' title='bbox 529 518 568 556; x_wconf 92' lang='lat' dir='ltr'>id</span> <span class='ocrx_word' id='word_1_36' title='bbox 588 531 767 570; x_wconf 87' lang='lat' dir='ltr'>quoque:</span> <span class='ocrx_word' id='word_1_37' title='bbox 785 516 847 556; x_wconf 88' lang='lat' dir='ltr'>sed</span> <span class='ocrx_word' id='word_1_38' title='bbox 866 517 1129 570; x_wconf 83' lang='lat' dir='ltr'>relinquamus</span> <span class='ocrx_word' id='word_1_39' title='bbox 1145 532 1154 555; x_wconf 91' lang='lat'>:</span> <span class='ocrx_word' id='word_1_40' title='bbox 1175 518 1257 556; x_wconf 90' lang='lat' dir='ltr'>vim</span> <span class='ocrx_word' id='word_1_41' title='bbox 1275 527 1392 562; x_wconf 89' lang='lat' dir='ltr'>certe,</span> <span class='ocrx_word' id='word_1_42' title='bbox 1412 517 1666 572; x_wconf 82' lang='lat' dir='ltr'>sagacitatem,</span> <span class='ocrx_word' id='word_1_43' title='bbox 1685 521 1926 564; x_wconf 83' lang='lat' dir='ltr'>memoriam,</span> 
     </span>
     <span class='ocr_line' id='line_1_6' title="bbox 528 582 1927 638; baseline 0.003 -18"><span class='ocrx_word' id='word_1_44' title='bbox 528 592 698 628; x_wconf 87' lang='lat' dir='ltr'>motum,</span> <span class='ocrx_word' id='word_1_45' title='bbox 717 582 953 621; x_wconf 84' lang='lat' dir='ltr'>celeritatem</span> <span class='ocrx_word' id='word_1_46' title='bbox 973 582 1092 622; x_wconf 89' lang='lat' dir='ltr'>videt.</span> <span class='ocrx_word' id='word_1_47' title='bbox 1123 583 1222 622; x_wconf 87' lang='lat' dir='ltr'>Haec</span> <span class='ocrx_word' id='word_1_48' title='bbox 1240 596 1393 636; x_wconf 87' lang='lat' dir='ltr'>magna,</span> <span class='ocrx_word' id='word_1_49' title='bbox 1420 583 1502 622; x_wconf 89' lang='lat' dir='ltr'>haec</span> <span class='ocrx_word' id='word_1_50' title='bbox 1522 584 1666 629; x_wconf 85' lang='lat' dir='ltr'>divina,</span> <span class='ocrx_word' id='word_1_51' title='bbox 1685 584 1767 624; x_wconf 85' lang='lat' dir='ltr'>haec</span> <span class='ocrx_word' id='word_1_52' title='bbox 1798 585 1927 638; x_wconf 81' lang='lat' dir='ltr'>semp-</span> 
     </span>
     <span class='ocr_line' id='line_1_7' title="bbox 527 647 1929 703; baseline 0.002 -17"><span class='ocrx_word' id='word_1_53' title='bbox 527 648 678 701; x_wconf 84' lang='lat' dir='ltr'>piterna</span> <span class='ocrx_word' id='word_1_54' title='bbox 696 648 795 687; x_wconf 87' lang='lat' dir='ltr'>sunt.</span> <span class='ocrx_word' id='word_1_55' title='bbox 836 648 926 702; x_wconf 69' lang='lat' dir='ltr'>Qia</span> <span class='ocrx_word' id='word_1_56' title='bbox 944 647 1042 687; x_wconf 87' lang='lat' dir='ltr'>facie</span> <span class='ocrx_word' id='word_1_57' title='bbox 1062 647 1221 701; x_wconf 87' lang='lat' dir='ltr'>quidem</span> <span class='ocrx_word' id='word_1_58' title='bbox 1241 649 1301 693; x_wconf 89' lang='lat' dir='ltr'>fit,</span> <span class='ocrx_word' id='word_1_59' title='bbox 1329 657 1395 687; x_wconf 84' lang='lat' dir='ltr'>aut</span> <span class='ocrx_word' id='word_1_60' title='bbox 1414 648 1481 687; x_wconf 89' lang='lat' dir='ltr'>ubi</span> <span class='ocrx_word' id='word_1_61' title='bbox 1500 647 1663 695; x_wconf 89' lang='lat' dir='ltr'>habitet,</span> <span class='ocrx_word' id='word_1_62' title='bbox 1686 663 1733 688; x_wconf 89' lang='lat' dir='ltr'>ne</span> <span class='ocrx_word' id='word_1_63' title='bbox 1752 663 1929 703; x_wconf 83' lang='lat' dir='ltr'>quaeren-</span> 
     </span>
     <span class='ocr_line' id='line_1_8' title="bbox 528 713 886 766; baseline 0 -15"><span class='ocrx_word' id='word_1_64' title='bbox 528 713 623 752; x_wconf 87' lang='lat' dir='ltr'>dum</span> <span class='ocrx_word' id='word_1_65' title='bbox 643 714 802 766; x_wconf 87' lang='lat' dir='ltr'>quidem</span> <span class='ocrx_word' id='word_1_66' title='bbox 821 714 886 752; x_wconf 82' lang='lat' dir='ltr'>est.</span> 
     </span>
    </p>

    <p class='ocr_par' dir='ltr' id='par_1_3' title="bbox 524 777 1931 1624">
     <span class='ocr_line' id='line_1_9' title="bbox 583 777 1929 832; baseline 0.001 -15"><span class='ocrx_word' id='word_1_67' title='bbox 583 781 654 824; x_wconf 92' lang='lat' dir='ltr'>Ut,</span> <span class='ocrx_word' id='word_1_68' title='bbox 676 793 768 818; x_wconf 86' lang='lat' dir='ltr'>cum</span> <span class='ocrx_word' id='word_1_69' title='bbox 788 779 964 818; x_wconf 77' lang='lat' dir='ltr'>videmus</span> <span class='ocrx_word' id='word_1_70' title='bbox 985 778 1148 832; x_wconf 85' lang='lat' dir='ltr'>speciem</span> <span class='ocrx_word' id='word_1_71' title='bbox 1164 777 1337 832; x_wconf 72' lang='lat' dir='ltr'>primum</span> <span class='ocrx_word' id='word_1_72' title='bbox 1356 778 1639 832; x_wconf 81' lang='lat' dir='ltr'>candoremque</span> <span class='ocrx_word' id='word_1_73' title='bbox 1664 781 1762 825; x_wconf 85' lang='lat' dir='ltr'><strong>caeli,</strong></span> <span class='ocrx_word' id='word_1_74' title='bbox 1791 780 1929 818; x_wconf 85' lang='lat' dir='ltr'>deinde</span> 
     </span>
     <span class='ocr_line' id='line_1_10' title="bbox 527 845 1928 899; baseline 0.001 -15"><span class='ocrx_word' id='word_1_75' title='bbox 527 845 779 885; x_wconf 84' lang='lat' dir='ltr'>converfionis</span> <span class='ocrx_word' id='word_1_76' title='bbox 795 845 1030 883; x_wconf 81' lang='lat' dir='ltr'>celeritatem</span> <span class='ocrx_word' id='word_1_77' title='bbox 1047 853 1208 889; x_wconf 89' lang='lat' dir='ltr'>tantam,</span> <span class='ocrx_word' id='word_1_78' title='bbox 1230 854 1414 897; x_wconf 84' lang='lat' dir='ltr'>quantam</span> <span class='ocrx_word' id='word_1_79' title='bbox 1430 846 1598 898; x_wconf 84' lang='lat' dir='ltr'>cogitare</span> <span class='ocrx_word' id='word_1_80' title='bbox 1617 859 1696 884; x_wconf 87' lang='lat' dir='ltr'>non</span> <span class='ocrx_word' id='word_1_81' title='bbox 1710 845 1928 899; x_wconf 74' lang='lat' dir='ltr'>poffumus;</span> 
     </span>
     <span class='ocr_line' id='line_1_11' title="bbox 527 911 1929 965; baseline 0.001 -15"><span class='ocrx_word' id='word_1_82' title='bbox 527 921 612 950; x_wconf 88' lang='lat' dir='ltr'>turn</span> <span class='ocrx_word' id='word_1_83' title='bbox 627 911 900 949; x_wconf 85' lang='lat' dir='ltr'>viciflitudines</span> <span class='ocrx_word' id='word_1_84' title='bbox 915 911 1066 950; x_wconf 90' lang='lat' dir='ltr'>dierum</span> <span class='ocrx_word' id='word_1_85' title='bbox 1082 920 1196 963; x_wconf 89' lang='lat' dir='ltr'>atque</span> <span class='ocrx_word' id='word_1_86' title='bbox 1210 911 1401 957; x_wconf 65' lang='lat' dir='ltr'>nostium,</span> <span class='ocrx_word' id='word_1_87' title='bbox 1411 912 1810 965; x_wconf 87' lang='lat' dir='ltr'>commutationesque</span> <span class='ocrx_word' id='word_1_88' title='bbox 1826 922 1929 951; x_wconf 87' lang='lat' dir='ltr'>tem-</span> 
     </span>
     <span class='ocr_line' id='line_1_12' title="bbox 528 976 1931 1031; baseline 0.001 -17"><span class='ocrx_word' id='word_1_89' title='bbox 528 989 668 1029; x_wconf 85' lang='lat' dir='ltr'>porum</span> <span class='ocrx_word' id='word_1_90' title='bbox 689 976 996 1029; x_wconf 86' lang='lat' dir='ltr'>quadripartitas‚</span> <span class='ocrx_word' id='word_1_91' title='bbox 1013 976 1058 1016; x_wconf 85' lang='lat' dir='ltr'>ad</span> <span class='ocrx_word' id='word_1_92' title='bbox 1078 976 1342 1017; x_wconf 79' lang='lat' dir='ltr'>maturitatem</span> <span class='ocrx_word' id='word_1_93' title='bbox 1364 976 1541 1030; x_wconf 87' lang='lat' dir='ltr'>frugum,</span> <span class='ocrx_word' id='word_1_94' title='bbox 1557 988 1595 1016; x_wconf 88' lang='lat' dir='ltr'>et</span> <span class='ocrx_word' id='word_1_95' title='bbox 1613 978 1660 1016; x_wconf 89' lang='lat' dir='ltr'>ad</span> <span class='ocrx_word' id='word_1_96' title='bbox 1681 978 1931 1031; x_wconf 78' lang='lat' dir='ltr'>temperatio-</span> 
     </span>
     <span class='ocr_line' id='line_1_13' title="bbox 526 1043 1931 1099; baseline 0.001 -18"><span class='ocrx_word' id='word_1_97' title='bbox 526 1056 616 1082; x_wconf 85' lang='lat' dir='ltr'>nem</span> <span class='ocrx_word' id='word_1_98' title='bbox 637 1056 846 1096; x_wconf 89' lang='lat' dir='ltr'>corporum</span> <span class='ocrx_word' id='word_1_99' title='bbox 860 1052 988 1099; x_wconf 47' lang='lat' dir='ltr'>aptasj</span> <span class='ocrx_word' id='word_1_100' title='bbox 1011 1056 1222 1096; x_wconf 78' lang='lat' dir='ltr'>eorumque</span> <span class='ocrx_word' id='word_1_101' title='bbox 1236 1043 1415 1082; x_wconf 85' lang='lat' dir='ltr'>omnium</span> <span class='ocrx_word' id='word_1_102' title='bbox 1437 1044 1717 1084; x_wconf 83' lang='lat' dir='ltr'>moderatorem</span> <span class='ocrx_word' id='word_1_103' title='bbox 1733 1053 1771 1082; x_wconf 90' lang='lat' dir='ltr'>et</span> <span class='ocrx_word' id='word_1_104' title='bbox 1790 1044 1931 1083; x_wconf 82' lang='lat' dir='ltr'>ducem</span> 
     </span>
     <span class='ocr_line' id='line_1_14' title="bbox 527 1109 1929 1163; baseline 0.001 -16"><span class='ocrx_word' id='word_1_105' title='bbox 527 1109 672 1154; x_wconf 84' lang='lat' dir='ltr'>solem;</span> <span class='ocrx_word' id='word_1_106' title='bbox 704 1109 915 1161; x_wconf 87' lang='lat' dir='ltr'>lunamque</span> <span class='ocrx_word' id='word_1_107' title='bbox 945 1110 1159 1148; x_wconf 87' lang='lat' dir='ltr'>accretione</span> <span class='ocrx_word' id='word_1_108' title='bbox 1187 1118 1225 1148; x_wconf 90' lang='lat' dir='ltr'>et</span> <span class='ocrx_word' id='word_1_109' title='bbox 1244 1109 1502 1148; x_wconf 85' lang='lat' dir='ltr'>diminutione</span> <span class='ocrx_word' id='word_1_110' title='bbox 1522 1111 1699 1156; x_wconf 86' lang='lat' dir='ltr'>luminis,</span> <span class='ocrx_word' id='word_1_111' title='bbox 1730 1110 1834 1163; x_wconf 88' lang='lat' dir='ltr'>quafi</span> <span class='ocrx_word' id='word_1_112' title='bbox 1853 1109 1929 1148; x_wconf 79' lang='lat' dir='ltr'>fas-</span> 
     </span>
     <span class='ocr_line' id='line_1_15' title="bbox 528 1174 1930 1227; baseline 0.001 -15"><span class='ocrx_word' id='word_1_113' title='bbox 528 1183 658 1213; x_wconf 90' lang='lat' dir='ltr'>torum</span> <span class='ocrx_word' id='word_1_114' title='bbox 679 1183 878 1213; x_wconf 85' lang='lat' dir='ltr'>notantem</span> <span class='ocrx_word' id='word_1_115' title='bbox 910 1183 948 1212; x_wconf 91' lang='lat' dir='ltr'>et</span> <span class='ocrx_word' id='word_1_116' title='bbox 968 1174 1247 1227; x_wconf 72' lang='lat' dir='ltr'>significantem</span> <span class='ocrx_word' id='word_1_117' title='bbox 1277 1175 1357 1213; x_wconf 79' lang='lat' dir='ltr'>dies</span> <span class='ocrx_word' id='word_1_118' title='bbox 1373 1193 1384 1220; x_wconf 68' lang='grc' dir='ltr'><strong><em>ς</em></strong></span> <span class='ocrx_word' id='word_1_119' title='bbox 1417 1184 1505 1214; x_wconf 86' lang='lat' dir='ltr'>tum</span> <span class='ocrx_word' id='word_1_120' title='bbox 1523 1176 1563 1214; x_wconf 92' lang='lat' dir='ltr'>in</span> <span class='ocrx_word' id='word_1_121' title='bbox 1593 1176 1728 1214; x_wconf 89' lang='lat' dir='ltr'>eodem</span> <span class='ocrx_word' id='word_1_122' title='bbox 1747 1176 1857 1222; x_wconf 86' lang='lat' dir='ltr'>orbe,</span> <span class='ocrx_word' id='word_1_123' title='bbox 1886 1177 1930 1214; x_wconf 90' lang='lat' dir='ltr'>in</span> 
     </span>
     <span class='ocr_line' id='line_1_16' title="bbox 528 1240 1929 1293; baseline 0.001 -14"><span class='ocrx_word' id='word_1_124' title='bbox 528 1254 594 1279; x_wconf 80' lang='lat' dir='ltr'>xn</span> <span class='ocrx_word' id='word_1_125' title='bbox 618 1250 742 1293; x_wconf 84' lang='lat' dir='ltr'>partes</span> <span class='ocrx_word' id='word_1_126' title='bbox 774 1240 991 1285; x_wconf 87' lang='lat' dir='ltr'>distributo,</span> <span class='ocrx_word' id='word_1_127' title='bbox 1023 1241 1196 1293; x_wconf 87' lang='lat' dir='ltr'>quinque</span> <span class='ocrx_word' id='word_1_128' title='bbox 1215 1240 1336 1280; x_wconf 82' lang='lat' dir='ltr'>stellas</span> <span class='ocrx_word' id='word_1_129' title='bbox 1355 1240 1461 1286; x_wconf 89' lang='lat' dir='ltr'>ferri,</span> <span class='ocrx_word' id='word_1_130' title='bbox 1490 1242 1644 1281; x_wconf 84' lang='lat' dir='ltr'>eosdem</span> <span class='ocrx_word' id='word_1_131' title='bbox 1671 1243 1802 1281; x_wconf 84' lang='lat' dir='ltr'>cursus</span> <span class='ocrx_word' id='word_1_132' title='bbox 1831 1256 1929 1281; x_wconf 88' lang='lat' dir='ltr'>con-</span> 
     </span>
     <span class='ocr_line' id='line_1_17' title="bbox 525 1305 1931 1361; baseline 0.003 -18"><span class='ocrx_word' id='word_1_133' title='bbox 525 1305 746 1344; x_wconf 82' lang='lat' dir='ltr'>stantiffime</span> <span class='ocrx_word' id='word_1_134' title='bbox 765 1305 963 1351; x_wconf 71' lang='lat' dir='ltr'>servanteS,</span> <span class='ocrx_word' id='word_1_135' title='bbox 993 1306 1203 1360; x_wconf 87' lang='lat' dir='ltr'>disparibus</span> <span class='ocrx_word' id='word_1_136' title='bbox 1224 1307 1324 1345; x_wconf 87' lang='lat' dir='ltr'>inter</span> <span class='ocrx_word' id='word_1_137' title='bbox 1343 1307 1378 1345; x_wconf 88' lang='lat' dir='ltr'>se</span> <span class='ocrx_word' id='word_1_138' title='bbox 1394 1308 1566 1345; x_wconf 86' lang='lat' dir='ltr'>motibus</span> <span class='ocrx_word' id='word_1_139' title='bbox 1579 1326 1592 1352; x_wconf 85' lang='lat'>;</span> <span class='ocrx_word' id='word_1_140' title='bbox 1624 1310 1931 1361; x_wconf 66' lang='lat' dir='ltr'>nocturnamque</span> 
     </span>
     <span class='ocr_line' id='line_1_18' title="bbox 526 1371 1928 1426; baseline 0.001 -15"><span class='ocrx_word' id='word_1_141' title='bbox 526 1373 609 1411; x_wconf 81' lang='lat' dir='ltr'>caeli</span> <span class='ocrx_word' id='word_1_142' title='bbox 630 1371 797 1410; x_wconf 87' lang='lat' dir='ltr'>formam</span> <span class='ocrx_word' id='word_1_143' title='bbox 814 1372 987 1425; x_wconf 89' lang='lat' dir='ltr'>undique</span> <span class='ocrx_word' id='word_1_144' title='bbox 1006 1373 1188 1412; x_wconf 72' lang='lat' dir='ltr'>sideribus</span> <span class='ocrx_word' id='word_1_145' title='bbox 1204 1382 1376 1412; x_wconf 85' lang='lat' dir='ltr'>ornatam</span> <span class='ocrx_word' id='word_1_146' title='bbox 1389 1391 1403 1418; x_wconf 66' lang='grc' dir='ltr'><strong><em>ς</em></strong></span> <span class='ocrx_word' id='word_1_147' title='bbox 1424 1382 1509 1412; x_wconf 88' lang='lat' dir='ltr'>tum</span> <span class='ocrx_word' id='word_1_148' title='bbox 1525 1374 1690 1426; x_wconf 84' lang='lat' dir='ltr'>globum</span> <span class='ocrx_word' id='word_1_149' title='bbox 1706 1383 1812 1413; x_wconf 86' lang='lat' dir='ltr'>terrae</span> <span class='ocrx_word' id='word_1_150' title='bbox 1826 1376 1928 1413; x_wconf 89' lang='lat' dir='ltr'>emi-</span> 
     </span>
     <span class='ocr_line' id='line_1_19' title="bbox 524 1438 1929 1486; baseline 0.003 -11"><span class='ocrx_word' id='word_1_151' title='bbox 524 1447 683 1476; x_wconf 86' lang='lat' dir='ltr'>nentem</span> <span class='ocrx_word' id='word_1_152' title='bbox 713 1451 734 1476; x_wconf 91' lang='lat' dir='ltr'>e</span> <span class='ocrx_word' id='word_1_153' title='bbox 765 1439 875 1483; x_wconf 84' lang='lat' dir='ltr'>mari,</span> <span class='ocrx_word' id='word_1_154' title='bbox 910 1438 1036 1477; x_wconf 83' lang='lat' dir='ltr'>fixum</span> <span class='ocrx_word' id='word_1_155' title='bbox 1069 1439 1109 1477; x_wconf 87' lang='lat' dir='ltr'>in</span> <span class='ocrx_word' id='word_1_156' title='bbox 1129 1439 1258 1478; x_wconf 90' lang='lat' dir='ltr'>medio</span> <span class='ocrx_word' id='word_1_157' title='bbox 1292 1439 1431 1478; x_wconf 86' lang='lat' dir='ltr'>mundi</span> <span class='ocrx_word' id='word_1_158' title='bbox 1462 1440 1624 1478; x_wconf 79' lang='lat' dir='ltr'>universi</span> <span class='ocrx_word' id='word_1_159' title='bbox 1644 1440 1745 1486; x_wconf 91' lang='lat' dir='ltr'>loco,</span> <span class='ocrx_word' id='word_1_160' title='bbox 1780 1440 1929 1480; x_wconf 78' lang='lat' dir='ltr'>duabus</span> 
     </span>
     <span class='ocr_line' id='line_1_20' title="bbox 524 1502 1930 1560; baseline 0.002 -17"><span class='ocrx_word' id='word_1_161' title='bbox 524 1505 603 1543; x_wconf 85' lang='lat' dir='ltr'>oris</span> <span class='ocrx_word' id='word_1_162' title='bbox 622 1503 848 1542; x_wconf 86' lang='lat' dir='ltr'>distantibus</span> <span class='ocrx_word' id='word_1_163' title='bbox 867 1502 1119 1543; x_wconf 89' lang='lat' dir='ltr'>habitabilem</span> <span class='ocrx_word' id='word_1_164' title='bbox 1135 1514 1173 1543; x_wconf 90' lang='lat' dir='ltr'>et</span> <span class='ocrx_word' id='word_1_165' title='bbox 1191 1505 1345 1544; x_wconf 87' lang='lat' dir='ltr'>cultum</span> <span class='ocrx_word' id='word_1_166' title='bbox 1357 1524 1370 1550; x_wconf 83' lang='lat'>;</span> <span class='ocrx_word' id='word_1_167' title='bbox 1391 1519 1554 1558; x_wconf 90' lang='lat' dir='ltr'>quarum</span> <span class='ocrx_word' id='word_1_168' title='bbox 1575 1505 1704 1552; x_wconf 85' lang='lat' dir='ltr'>altera,</span> <span class='ocrx_word' id='word_1_169' title='bbox 1721 1520 1841 1560; x_wconf 81' lang='lat' dir='ltr'>quam</span> <span class='ocrx_word' id='word_1_170' title='bbox 1859 1519 1930 1546; x_wconf 69' lang='lat' dir='ltr'>nos</span> 
     </span>
     <span class='ocr_line' id='line_1_21' title="bbox 525 1569 1574 1624; baseline 0.001 -15"><span class='ocrx_word' id='word_1_171' title='bbox 525 1570 749 1616; x_wconf 80' lang='lat' dir='ltr'>incolimus,</span> <span class='ocrx_word' id='word_1_172' title='bbox 771 1569 839 1609; x_wconf 91' lang='lat' dir='ltr'>sub</span> <span class='ocrx_word' id='word_1_173' title='bbox 859 1583 927 1609; x_wconf 83' lang='lat' dir='ltr'>axe</span> <span class='ocrx_word' id='word_1_174' title='bbox 942 1570 1063 1623; x_wconf 86' lang='lat' dir='ltr'>pofita</span> <span class='ocrx_word' id='word_1_175' title='bbox 1081 1570 1128 1609; x_wconf 89' lang='lat' dir='ltr'>ad</span> <span class='ocrx_word' id='word_1_176' title='bbox 1146 1570 1269 1610; x_wconf 86' lang='lat' dir='ltr'>stellas</span> <span class='ocrx_word' id='word_1_177' title='bbox 1289 1571 1451 1624; x_wconf 84' lang='lat' dir='ltr'>septem,</span> <span class='ocrx_word' id='word_1_178' title='bbox 1471 1572 1574 1610; x_wconf 87' lang='lat' dir='ltr'>unde</span> 
     </span>
    </p>

    <p class='ocr_par' dir='ltr' id='par_1_4' title="bbox 1067 1638 1501 1690">
     <span class='ocr_line' id='line_1_22' title="bbox 1067 1638 1501 1690; baseline 0.002 -14"><span class='ocrx_word' id='word_1_179' title='bbox 1067 1643 1070 1645; x_wconf 84' lang='grc'><strong>’</strong></span> <span class='ocrx_word' id='word_1_180' title='bbox 1321 1638 1501 1690; x_wconf 66' lang='lat' dir='ltr'>Horrfir</span> 
     </span>
    </p>

    <p class='ocr_par' dir='ltr' id='par_1_5' title="bbox 525 1703 1931 1957">
     <span class='ocr_line' id='line_1_23' title="bbox 661 1703 1452 1757; baseline -0.003 -14"><span class='ocrx_word' id='word_1_181' title='bbox 661 1703 850 1757; x_wconf 76' lang='lat' dir='ltr'>Aquilonis</span> <span class='ocrx_word' id='word_1_182' title='bbox 855 1703 995 1757; x_wconf 81' lang='lat' dir='ltr'>stridor</span> <span class='ocrx_word' id='word_1_183' title='bbox 1009 1703 1144 1757; x_wconf 76' lang='lat' dir='ltr'>gelidas</span> <span class='ocrx_word' id='word_1_184' title='bbox 1161 1704 1307 1743; x_wconf 83' lang='lat' dir='ltr'>molitur</span> <span class='ocrx_word' id='word_1_185' title='bbox 1324 1705 1426 1743; x_wconf 84' lang='lat' dir='ltr'>nives</span> <span class='ocrx_word' id='word_1_186' title='bbox 1440 1722 1452 1749; x_wconf 78' lang='lat'>3</span> 
     </span>
     <span class='ocr_line' id='line_1_24' title="bbox 525 1768 1927 1823; baseline 0 -16"><span class='ocrx_word' id='word_1_187' title='bbox 525 1769 642 1808; x_wconf 77' lang='lat' dir='ltr'>altera</span> <span class='ocrx_word' id='word_1_188' title='bbox 671 1769 871 1815; x_wconf 83' lang='lat' dir='ltr'>Australis,</span> <span class='ocrx_word' id='word_1_189' title='bbox 902 1770 1035 1823; x_wconf 89' lang='lat' dir='ltr'>ignota</span> <span class='ocrx_word' id='word_1_190' title='bbox 1067 1770 1194 1815; x_wconf 89' lang='lat' dir='ltr'>nobis,</span> <span class='ocrx_word' id='word_1_191' title='bbox 1238 1784 1356 1822; x_wconf 89' lang='lat' dir='ltr'>quam</span> <span class='ocrx_word' id='word_1_192' title='bbox 1389 1779 1528 1809; x_wconf 88' lang='lat' dir='ltr'>vocant</span> <span class='ocrx_word' id='word_1_193' title='bbox 1565 1771 1693 1810; x_wconf 79' lang='lat' dir='ltr'>Graeci</span> <span class='ocrx_word' id='word_1_194' title='bbox 1726 1768 1898 1816; x_wconf 64' lang='grc' dir='ltr'>ἀπέχθεια</span> <span class='ocrx_word' id='word_1_195' title='bbox 1914 1791 1927 1817; x_wconf 73' lang='grc'><strong>;</strong></span> 
     </span>
     <span class='ocr_line' id='line_1_25' title="bbox 525 1835 1930 1890; baseline 0.001 -17"><span class='ocrx_word' id='word_1_196' title='bbox 525 1845 673 1874; x_wconf 81' lang='lat' dir='ltr'>caeteras</span> <span class='ocrx_word' id='word_1_197' title='bbox 704 1845 827 1889; x_wconf 87' lang='lat' dir='ltr'>partes</span> <span class='ocrx_word' id='word_1_198' title='bbox 858 1835 1037 1882; x_wconf 89' lang='lat' dir='ltr'>incultas,</span> <span class='ocrx_word' id='word_1_199' title='bbox 1084 1836 1191 1888; x_wconf 90' lang='lat' dir='ltr'>quod</span> <span class='ocrx_word' id='word_1_200' title='bbox 1210 1844 1275 1874; x_wconf 90' lang='lat' dir='ltr'>aut</span> <span class='ocrx_word' id='word_1_201' title='bbox 1307 1835 1450 1889; x_wconf 84' lang='lat' dir='ltr'>frigore</span> <span class='ocrx_word' id='word_1_202' title='bbox 1479 1836 1640 1890; x_wconf 84' lang='lat' dir='ltr'>rigeant,</span> <span class='ocrx_word' id='word_1_203' title='bbox 1674 1846 1740 1875; x_wconf 84' lang='lat' dir='ltr'>aut</span> <span class='ocrx_word' id='word_1_204' title='bbox 1772 1847 1930 1875; x_wconf 85' lang='lat' dir='ltr'>urantur</span> 
     </span>
     <span class='ocr_line' id='line_1_26' title="bbox 525 1901 1931 1957; baseline 0.001 -17"><span class='ocrx_word' id='word_1_205' title='bbox 525 1902 673 1942; x_wconf 80' lang='lat' dir='ltr'>calore:</span> <span class='ocrx_word' id='word_1_206' title='bbox 704 1901 770 1940; x_wconf 91' lang='lat' dir='ltr'>hic</span> <span class='ocrx_word' id='word_1_207' title='bbox 788 1911 930 1947; x_wconf 89' lang='lat' dir='ltr'>autem,</span> <span class='ocrx_word' id='word_1_208' title='bbox 963 1903 1030 1942; x_wconf 88' lang='lat' dir='ltr'>ubi</span> <span class='ocrx_word' id='word_1_209' title='bbox 1050 1901 1287 1947; x_wconf 76' lang='lat' dir='ltr'>habitamus,</span> <span class='ocrx_word' id='word_1_210' title='bbox 1308 1916 1384 1941; x_wconf 91' lang='lat' dir='ltr'>non</span> <span class='ocrx_word' id='word_1_211' title='bbox 1405 1903 1632 1943; x_wconf 82' lang='lat' dir='ltr'>intermittit</span> <span class='ocrx_word' id='word_1_212' title='bbox 1658 1903 1726 1942; x_wconf 92' lang='lat' dir='ltr'>suo</span> <span class='ocrx_word' id='word_1_213' title='bbox 1754 1912 1931 1957; x_wconf 82' lang='lat' dir='ltr'>tempore</span> 
     </span>
    </p>

    <p class='ocr_par' dir='ltr' id='par_1_6' title="bbox 666 1968 1414 2022">
     <span class='ocr_line' id='line_1_27' title="bbox 666 1968 1414 2022; baseline 0.001 -16"><span class='ocrx_word' id='word_1_214' title='bbox 666 1969 802 2007; x_wconf 83' lang='lat' dir='ltr'>Caelum</span> <span class='ocrx_word' id='word_1_215' title='bbox 822 1969 999 2021; x_wconf 59' lang='lat' dir='ltr'>niufara,</span> <span class='ocrx_word' id='word_1_216' title='bbox 1019 1968 1166 2008; x_wconf 77' lang='lat' dir='ltr'>arbores</span> <span class='ocrx_word' id='word_1_217' title='bbox 1169 1968 1414 2022; x_wconf 65' lang='lat' dir='ltr'>sromhscere,</span> 
     </span>
    </p>

    <p class='ocr_par' dir='ltr' id='par_1_7' title="bbox 665 2034 1336 2087">
     <span class='ocr_line' id='line_1_28' title="bbox 665 2034 1336 2087; baseline 0 -14"><span class='ocrx_word' id='word_1_218' title='bbox 665 2034 762 2073; x_wconf 78' lang='lat' dir='ltr'>Vites</span> <span class='ocrx_word' id='word_1_219' title='bbox 780 2034 932 2086; x_wconf 73' lang='lat' dir='ltr'>laetficae</span> <span class='ocrx_word' id='word_1_220' title='bbox 944 2034 1123 2087; x_wconf 83' lang='lat' dir='ltr'>pampinis</span> <span class='ocrx_word' id='word_1_221' title='bbox 1136 2035 1336 2087; x_wconf 63' lang='lat' dir='ltr'>pubtfierc,</span> 
     </span>
    </p>

    <p class='ocr_par' dir='ltr' id='par_1_8' title="bbox 666 2101 1440 2154">
     <span class='ocr_line' id='line_1_29' title="bbox 666 2101 1440 2154; baseline 0 -15"><span class='ocrx_word' id='word_1_222' title='bbox 666 2101 777 2140; x_wconf 84' lang='lat' dir='ltr'>Rami</span> <span class='ocrx_word' id='word_1_223' title='bbox 791 2101 982 2140; x_wconf 80' lang='lat' dir='ltr'>baccarum</span> <span class='ocrx_word' id='word_1_224' title='bbox 1001 2101 1166 2140; x_wconf 69' lang='lat' dir='ltr'>ubertate</span> <span class='ocrx_word' id='word_1_225' title='bbox 1185 2101 1440 2154; x_wconf 64' lang='lat' dir='ltr'>imurvesccre,</span> 
     </span>
    </p>

    <p class='ocr_par' dir='ltr' id='par_1_9' title="bbox 664 2167 1404 2222">
     <span class='ocr_line' id='line_1_30' title="bbox 664 2167 1404 2222; baseline 0 -16"><span class='ocrx_word' id='word_1_226' title='bbox 664 2169 802 2220; x_wconf 68' lang='lat' dir='ltr'>Segetes</span> <span class='ocrx_word' id='word_1_227' title='bbox 820 2167 1108 2221; x_wconf 79' lang='lat' dir='ltr'>largirifruges,</span> <span class='ocrx_word' id='word_1_228' title='bbox 1121 2169 1258 2222; x_wconf 78' lang='lat' dir='ltr'>florere</span> <span class='ocrx_word' id='word_1_229' title='bbox 1276 2168 1404 2212; x_wconf 82' lang='lat' dir='ltr'>omnia,</span> 
     </span>
    </p>

    <p class='ocr_par' dir='ltr' id='par_1_10' title="bbox 524 2233 1929 2617">
     <span class='ocr_line' id='line_1_31' title="bbox 664 2233 1496 2287; baseline -0.001 -14"><span class='ocrx_word' id='word_1_230' title='bbox 664 2235 699 2273; x_wconf 86' lang='lat' dir='ltr'><em>F</em></span> <span class='ocrx_word' id='word_1_231' title='bbox 701 2235 960 2287; x_wconf 67' lang='lat' dir='ltr'>ontcsscatere,</span> <span class='ocrx_word' id='word_1_232' title='bbox 979 2234 1098 2273; x_wconf 70' lang='lat' dir='ltr'>herbis</span> <span class='ocrx_word' id='word_1_233' title='bbox 1109 2244 1226 2287; x_wconf 81' lang='lat' dir='ltr'>prata</span> <span class='ocrx_word' id='word_1_234' title='bbox 1242 2233 1469 2287; x_wconf 67' lang='lat' dir='ltr'>convsst&#39;rIer</span> <span class='ocrx_word' id='word_1_235' title='bbox 1483 2251 1496 2279; x_wconf 63' lang='grc' dir='ltr'><strong><em>ς</em></strong></span> 
     </span>
     <span class='ocr_line' id='line_1_32' title="bbox 528 2299 1929 2353; baseline -0.001 -14"><span class='ocrx_word' id='word_1_236' title='bbox 528 2310 613 2339; x_wconf 86' lang='lat' dir='ltr'>tum</span> <span class='ocrx_word' id='word_1_237' title='bbox 634 2299 927 2338; x_wconf 83' lang='lat' dir='ltr'>multitudinem</span> <span class='ocrx_word' id='word_1_238' title='bbox 959 2300 1169 2353; x_wconf 46' lang='lat' dir='ltr'>pecnssum,</span> <span class='ocrx_word' id='word_1_239' title='bbox 1200 2301 1341 2353; x_wconf 75' lang='lat' dir='ltr'>partim</span> <span class='ocrx_word' id='word_1_240' title='bbox 1361 2300 1406 2338; x_wconf 86' lang='lat' dir='ltr'>ad</span> <span class='ocrx_word' id='word_1_241' title='bbox 1437 2299 1683 2343; x_wconf 86' lang='lat' dir='ltr'>vescendum,</span> <span class='ocrx_word' id='word_1_242' title='bbox 1714 2299 1855 2353; x_wconf 82' lang='lat' dir='ltr'>partim</span> <span class='ocrx_word' id='word_1_243' title='bbox 1881 2301 1929 2339; x_wconf 82' lang='lat' dir='ltr'>ad</span> 
     </span>
     <span class='ocr_line' id='line_1_33' title="bbox 526 2365 1929 2419; baseline 0.001 -16"><span class='ocrx_word' id='word_1_244' title='bbox 526 2365 654 2403; x_wconf 84' lang='lat' dir='ltr'>cultus</span> <span class='ocrx_word' id='word_1_245' title='bbox 686 2379 878 2418; x_wconf 84' lang='lat' dir='ltr'>agrorum,</span> <span class='ocrx_word' id='word_1_246' title='bbox 914 2366 1053 2419; x_wconf 84' lang='lat' dir='ltr'>partim</span> <span class='ocrx_word' id='word_1_247' title='bbox 1088 2366 1133 2403; x_wconf 80' lang='lat' dir='ltr'>ad</span> <span class='ocrx_word' id='word_1_248' title='bbox 1168 2365 1402 2411; x_wconf 78' lang='lat' dir='ltr'>vehendum,</span> <span class='ocrx_word' id='word_1_249' title='bbox 1432 2366 1572 2419; x_wconf 80' lang='lat' dir='ltr'>partim</span> <span class='ocrx_word' id='word_1_250' title='bbox 1599 2366 1646 2404; x_wconf 83' lang='lat' dir='ltr'>ad</span> <span class='ocrx_word' id='word_1_251' title='bbox 1675 2379 1835 2419; x_wconf 74' lang='lat' dir='ltr'>corpora</span> <span class='ocrx_word' id='word_1_252' title='bbox 1861 2379 1929 2404; x_wconf 84' lang='lat' dir='ltr'>vc-</span> 
     </span>
     <span class='ocr_line' id='line_1_34' title="bbox 528 2431 1927 2485; baseline 0.001 -16"><span class='ocrx_word' id='word_1_253' title='bbox 528 2431 693 2476; x_wconf 86' lang='lat' dir='ltr'>stienda;</span> <span class='ocrx_word' id='word_1_254' title='bbox 715 2431 993 2485; x_wconf 86' lang='lat' dir='ltr'>hominemque</span> <span class='ocrx_word' id='word_1_255' title='bbox 1008 2431 1149 2485; x_wconf 88' lang='lat' dir='ltr'>ipsum,</span> <span class='ocrx_word' id='word_1_256' title='bbox 1167 2432 1271 2485; x_wconf 77' lang='lat' dir='ltr'>quast</span> <span class='ocrx_word' id='word_1_257' title='bbox 1287 2432 1633 2485; x_wconf 83' lang='lat' dir='ltr'>contemplatorem</span> <span class='ocrx_word' id='word_1_258' title='bbox 1648 2432 1746 2478; x_wconf 69' lang='lat' dir='ltr'>cccli,</span> <span class='ocrx_word' id='word_1_259' title='bbox 1763 2446 1805 2471; x_wconf 86' lang='lat' dir='ltr'>ac</span> <span class='ocrx_word' id='word_1_260' title='bbox 1820 2432 1927 2471; x_wconf 80' lang='lat' dir='ltr'>Deo-</span> 
     </span>
     <span class='ocr_line' id='line_1_35' title="bbox 528 2497 1928 2553; baseline 0.001 -18"><span class='ocrx_word' id='word_1_261' title='bbox 528 2511 631 2542; x_wconf 85' lang='lat' dir='ltr'>rum,</span> <span class='ocrx_word' id='word_1_262' title='bbox 654 2497 900 2551; x_wconf 85' lang='lat' dir='ltr'>ipsorumque</span> <span class='ocrx_word' id='word_1_263' title='bbox 916 2499 1107 2538; x_wconf 87' lang='lat' dir='ltr'>cultorem</span> <span class='ocrx_word' id='word_1_264' title='bbox 1120 2516 1133 2545; x_wconf 73' lang='lat'>3</span> <span class='ocrx_word' id='word_1_265' title='bbox 1165 2508 1279 2552; x_wconf 84' lang='lat' dir='ltr'>atque</span> <span class='ocrx_word' id='word_1_266' title='bbox 1297 2497 1468 2538; x_wconf 78' lang='lat' dir='ltr'>hominis</span> <span class='ocrx_word' id='word_1_267' title='bbox 1489 2498 1647 2539; x_wconf 79' lang='lat' dir='ltr'>utilitati</span> <span class='ocrx_word' id='word_1_268' title='bbox 1669 2512 1778 2553; x_wconf 81' lang='lat' dir='ltr'>agros</span> <span class='ocrx_word' id='word_1_269' title='bbox 1793 2510 1928 2538; x_wconf 77' lang='lat' dir='ltr'>omnes</span> 
     </span>
     <span class='ocr_line' id='line_1_36' title="bbox 524 2563 900 2617; baseline 0.003 -15"><span class='ocrx_word' id='word_1_270' title='bbox 524 2572 564 2602; x_wconf 86' lang='lat' dir='ltr'>et</span> <span class='ocrx_word' id='word_1_271' title='bbox 581 2563 699 2602; x_wconf 81' lang='lat' dir='ltr'>maria</span> <span class='ocrx_word' id='word_1_272' title='bbox 718 2564 900 2617; x_wconf 83' lang='lat' dir='ltr'>parentia.</span> 
     </span>
    </p>
   </div>
   <div class='ocr_carea' id='block_1_3' title="bbox 2305 0 2330 233">
    <p class='ocr_par' dir='ltr' id='par_1_11' title="bbox 2305 0 2330 233">
     <span class='ocr_line' id='line_1_37' title="bbox 2305 0 2330 233; textangle 90"><span class='ocrx_word' id='word_1_273' title='bbox 2327 223 2330 233; x_wconf 89' lang='lat'>-</span> <span class='ocrx_word' id='word_1_274' title='bbox 2305 0 2330 202; x_wconf 42' lang='grc' dir='ltr'>,μω-μ</span> 
     </span>
    </p>
   </div>
  </div>
 </body>
</html>
