<?xml version="1.0" encoding="UTF-8"?>
<!DOCTYPE html PUBLIC "-//W3C//DTD XHTML 1.0 Transitional//EN"
    "http://www.w3.org/TR/xhtml1/DTD/xhtml1-transitional.dtd">
<html xmlns="http://www.w3.org/1999/xhtml" xml:lang="en" lang="en">
 <head>
  <title>
</title>
<meta http-equiv="Content-Type" content="text/html;charset=utf-8" />
  <meta name='ocr-system' content='tesseract 3.04.00' />
  <meta name='ocr-capabilities' content='ocr_page ocr_carea ocr_par ocr_line ocrx_word'/>
</head>
<body>
  <div class='ocr_page' id='page_1' title='image "./operacumindicibu02ciceuoft_0227.png"; bbox 0 0 2330 2983; ppageno 0'>
   <div class='ocr_carea' id='block_1_1' title="bbox 636 234 1718 287">
    <p class='ocr_par' dir='ltr' id='par_1_1' title="bbox 636 234 1718 287">
     <span class='ocr_line' id='line_1_1' title="bbox 636 234 1718 287; baseline 0 -15"><span class='ocrx_word' id='word_1_1' title='bbox 636 235 911 273; x_wconf 87' lang='lat' dir='ltr'>LIBER</span> <span class='ocrx_word' id='word_1_2' title='bbox 968 234 1402 287; x_wconf 70' lang='lat' dir='ltr'>QUINTUS.</span> <span class='ocrx_word' id='word_1_3' title='bbox 1642 247 1718 285; x_wconf 77' lang='lat'>219</span> 
     </span>
    </p>
   </div>
   <div class='ocr_carea' id='block_1_2' title="bbox 305 334 1721 2562">
    <p class='ocr_par' dir='ltr' id='par_1_2' title="bbox 305 334 1720 651">
     <span class='ocr_line' id='line_1_2' title="bbox 323 334 1719 389; baseline 0.001 -17"><span class='ocrx_word' id='word_1_4' title='bbox 323 345 367 373; x_wconf 84' lang='lat' dir='ltr'>ut</span> <span class='ocrx_word' id='word_1_5' title='bbox 401 348 471 373; x_wconf 91' lang='lat' dir='ltr'>nec</span> <span class='ocrx_word' id='word_1_6' title='bbox 505 347 561 374; x_wconf 87' lang='lat' dir='ltr'>res</span> <span class='ocrx_word' id='word_1_7' title='bbox 595 334 721 373; x_wconf 90' lang='lat' dir='ltr'>videre</span> <span class='ocrx_word' id='word_1_8' title='bbox 750 336 931 388; x_wconf 88' lang='lat' dir='ltr'>optimas,</span> <span class='ocrx_word' id='word_1_9' title='bbox 963 350 1034 374; x_wconf 90' lang='lat' dir='ltr'>nec</span> <span class='ocrx_word' id='word_1_10' title='bbox 1059 350 1168 389; x_wconf 87' lang='lat' dir='ltr'>agere</span> <span class='ocrx_word' id='word_1_11' title='bbox 1201 336 1354 389; x_wconf 86' lang='lat' dir='ltr'>poffint.</span> <span class='ocrx_word' id='word_1_12' title='bbox 1413 335 1579 373; x_wconf 84' lang='lat' dir='ltr'>Virtutis</span> <span class='ocrx_word' id='word_1_13' title='bbox 1613 336 1719 373; x_wconf 86' lang='lat' dir='ltr'>enim</span> 
     </span>
     <span class='ocr_line' id='line_1_3' title="bbox 323 400 1720 454; baseline 0 -16"><span class='ocrx_word' id='word_1_14' title='bbox 323 400 517 453; x_wconf 82' lang='lat' dir='ltr'>beataeque</span> <span class='ocrx_word' id='word_1_15' title='bbox 536 400 637 445; x_wconf 83' lang='lat' dir='ltr'>vitae,</span> <span class='ocrx_word' id='word_1_16' title='bbox 672 414 758 452; x_wconf 84' lang='lat' dir='ltr'>quae</span> <span class='ocrx_word' id='word_1_17' title='bbox 789 401 866 439; x_wconf 92' lang='lat' dir='ltr'>duo</span> <span class='ocrx_word' id='word_1_18' title='bbox 887 402 1056 439; x_wconf 87' lang='lat' dir='ltr'>maxime</span> <span class='ocrx_word' id='word_1_19' title='bbox 1085 402 1296 454; x_wconf 88' lang='lat' dir='ltr'>expetenda</span> <span class='ocrx_word' id='word_1_20' title='bbox 1315 401 1415 446; x_wconf 89' lang='lat' dir='ltr'>sunt,</span> <span class='ocrx_word' id='word_1_21' title='bbox 1451 401 1564 438; x_wconf 85' lang='lat' dir='ltr'>serius</span> <span class='ocrx_word' id='word_1_22' title='bbox 1585 401 1720 439; x_wconf 87' lang='lat' dir='ltr'>lumen</span> 
     </span>
     <span class='ocr_line' id='line_1_4' title="bbox 321 465 1717 519; baseline 0.001 -16"><span class='ocrx_word' id='word_1_23' title='bbox 321 475 474 518; x_wconf 88' lang='lat' dir='ltr'>apparet</span> <span class='ocrx_word' id='word_1_24' title='bbox 488 483 500 510; x_wconf 68' lang='grc' dir='ltr'><strong><em>ς</em></strong></span> <span class='ocrx_word' id='word_1_25' title='bbox 532 465 660 503; x_wconf 92' lang='lat' dir='ltr'>multo</span> <span class='ocrx_word' id='word_1_26' title='bbox 679 466 796 504; x_wconf 86' lang='lat' dir='ltr'>etiam</span> <span class='ocrx_word' id='word_1_27' title='bbox 816 465 944 511; x_wconf 82' lang='lat' dir='ltr'>serius,</span> <span class='ocrx_word' id='word_1_28' title='bbox 966 475 1010 504; x_wconf 91' lang='lat' dir='ltr'>ut</span> <span class='ocrx_word' id='word_1_29' title='bbox 1028 467 1152 519; x_wconf 87' lang='lat' dir='ltr'>plane,</span> <span class='ocrx_word' id='word_1_30' title='bbox 1177 466 1304 518; x_wconf 91' lang='lat' dir='ltr'>qualia</span> <span class='ocrx_word' id='word_1_31' title='bbox 1323 466 1407 510; x_wconf 81' lang='lat' dir='ltr'>slnt‚</span> <span class='ocrx_word' id='word_1_32' title='bbox 1439 466 1717 518; x_wconf 86' lang='lat' dir='ltr'><strong>intelligantur.</strong></span> 
     </span>
     <span class='ocr_line' id='line_1_5' title="bbox 320 530 1719 584; baseline -0.001 -16"><span class='ocrx_word' id='word_1_33' title='bbox 320 531 502 569; x_wconf 86' lang='lat' dir='ltr'>Praeclare</span> <span class='ocrx_word' id='word_1_34' title='bbox 520 531 627 568; x_wconf 90' lang='lat' dir='ltr'>enim</span> <span class='ocrx_word' id='word_1_35' title='bbox 647 530 772 576; x_wconf 89' lang='lat' dir='ltr'>Plato,</span> <span class='ocrx_word' id='word_1_36' title='bbox 803 532 972 576; x_wconf 79' lang='lat' dir='ltr'>Beatum,</span> <span class='ocrx_word' id='word_1_37' title='bbox 992 532 1054 570; x_wconf 87' lang='lat' dir='ltr'>cui</span> <span class='ocrx_word' id='word_1_38' title='bbox 1068 533 1175 570; x_wconf 82' lang='lat' dir='ltr'>etiam</span> <span class='ocrx_word' id='word_1_39' title='bbox 1194 532 1231 570; x_wconf 83' lang='lat' dir='ltr'>in</span> <span class='ocrx_word' id='word_1_40' title='bbox 1243 532 1427 584; x_wconf 68' lang='lat' dir='ltr'>stneb’t‘ute</span> <span class='ocrx_word' id='word_1_41' title='bbox 1444 531 1647 583; x_wconf 67' lang='lat' dir='ltr'>conteget-it,</span> <span class='ocrx_word' id='word_1_42' title='bbox 1679 541 1719 568; x_wconf 72' lang='lat' dir='ltr'>uc</span> 
     </span>
     <span class='ocr_line' id='line_1_6' title="bbox 305 597 1176 651; baseline 0.002 -17"><span class='ocrx_word' id='word_1_43' title='bbox 305 597 525 650; x_wconf 78' lang='lat' dir='ltr'>stzpientiam</span> <span class='ocrx_word' id='word_1_44' title='bbox 545 597 715 650; x_wconf 76' lang='lat' dir='ltr'>verqsque</span> <span class='ocrx_word' id='word_1_45' title='bbox 733 597 905 649; x_wconf 83' lang='lat' dir='ltr'><em>opiniones</em></span> <span class='ocrx_word' id='word_1_46' title='bbox 922 597 1176 651; x_wconf 66' lang='lat' dir='ltr'>aſji’quipoſjit.</span> 
     </span>
    </p>

    <p class='ocr_par' dir='ltr' id='par_1_3' title="bbox 311 662 1721 1572">
     <span class='ocr_line' id='line_1_7' title="bbox 375 662 1718 717; baseline -0.001 -16"><span class='ocrx_word' id='word_1_47' title='bbox 375 663 516 713; x_wconf 84' lang='lat' dir='ltr'>Qare,</span> <span class='ocrx_word' id='word_1_48' title='bbox 553 664 739 715; x_wconf 89' lang='lat' dir='ltr'>quoniam</span> <span class='ocrx_word' id='word_1_49' title='bbox 770 663 817 701; x_wconf 90' lang='lat' dir='ltr'>de</span> <span class='ocrx_word' id='word_1_50' title='bbox 850 664 987 717; x_wconf 89' lang='lat' dir='ltr'>primis</span> <span class='ocrx_word' id='word_1_51' title='bbox 1021 673 1163 702; x_wconf 85' lang='lat' dir='ltr'>naturae</span> <span class='ocrx_word' id='word_1_52' title='bbox 1196 663 1414 701; x_wconf 87' lang='lat' dir='ltr'>commodis</span> <span class='ocrx_word' id='word_1_53' title='bbox 1450 663 1536 701; x_wconf 84' lang='lat' dir='ltr'>satis</span> <span class='ocrx_word' id='word_1_54' title='bbox 1571 662 1718 700; x_wconf 63' lang='lat' dir='ltr'>dietum</span> 
     </span>
     <span class='ocr_line' id='line_1_8' title="bbox 318 729 1721 783; baseline -0.001 -16"><span class='ocrx_word' id='word_1_55' title='bbox 318 729 386 774; x_wconf 88' lang='lat' dir='ltr'>est,</span> <span class='ocrx_word' id='word_1_56' title='bbox 416 742 520 767; x_wconf 90' lang='lat' dir='ltr'>nunc</span> <span class='ocrx_word' id='word_1_57' title='bbox 553 729 600 767; x_wconf 94' lang='lat' dir='ltr'>de</span> <span class='ocrx_word' id='word_1_58' title='bbox 620 729 845 781; x_wconf 87' lang='lat' dir='ltr'>majoribus,</span> <span class='ocrx_word' id='word_1_59' title='bbox 875 729 1272 783; x_wconf 85' lang='lat' dir='ltr'>consequentibusque</span> <span class='ocrx_word' id='word_1_60' title='bbox 1301 729 1511 767; x_wconf 86' lang='lat' dir='ltr'>videamus.</span> <span class='ocrx_word' id='word_1_61' title='bbox 1571 729 1721 766; x_wconf 82' lang='lat' dir='ltr'>Natura</span> 
     </span>
     <span class='ocr_line' id='line_1_9' title="bbox 317 794 1719 849; baseline -0.001 -16"><span class='ocrx_word' id='word_1_62' title='bbox 317 796 437 848; x_wconf 86' lang='lat' dir='ltr'>igitur</span> <span class='ocrx_word' id='word_1_63' title='bbox 473 809 610 848; x_wconf 83' lang='lat' dir='ltr'>corpus</span> <span class='ocrx_word' id='word_1_64' title='bbox 641 796 802 848; x_wconf 88' lang='lat' dir='ltr'>quidem</span> <span class='ocrx_word' id='word_1_65' title='bbox 834 795 1007 835; x_wconf 89' lang='lat' dir='ltr'>hominis</span> <span class='ocrx_word' id='word_1_66' title='bbox 1038 796 1087 835; x_wconf 88' lang='lat' dir='ltr'>fic</span> <span class='ocrx_word' id='word_1_67' title='bbox 1121 806 1160 834; x_wconf 88' lang='lat' dir='ltr'>et</span> <span class='ocrx_word' id='word_1_68' title='bbox 1184 796 1333 849; x_wconf 86' lang='lat' dir='ltr'>genuit,</span> <span class='ocrx_word' id='word_1_69' title='bbox 1371 805 1409 833; x_wconf 91' lang='lat' dir='ltr'>et</span> <span class='ocrx_word' id='word_1_70' title='bbox 1438 794 1633 838; x_wconf 87' lang='lat' dir='ltr'>formavit,</span> <span class='ocrx_word' id='word_1_71' title='bbox 1676 804 1719 832; x_wconf 90' lang='lat' dir='ltr'>ut</span> 
     </span>
     <span class='ocr_line' id='line_1_10' title="bbox 318 859 1716 915; baseline -0.001 -17"><span class='ocrx_word' id='word_1_72' title='bbox 318 861 390 898; x_wconf 88' lang='lat' dir='ltr'>alia</span> <span class='ocrx_word' id='word_1_73' title='bbox 420 862 460 898; x_wconf 93' lang='lat' dir='ltr'>in</span> <span class='ocrx_word' id='word_1_74' title='bbox 490 861 618 914; x_wconf 88' lang='lat' dir='ltr'>primo</span> <span class='ocrx_word' id='word_1_75' title='bbox 649 870 737 899; x_wconf 90' lang='lat' dir='ltr'>ortu</span> <span class='ocrx_word' id='word_1_76' title='bbox 756 861 966 913; x_wconf 87' lang='lat' dir='ltr'>perficeret,</span> <span class='ocrx_word' id='word_1_77' title='bbox 999 861 1072 900; x_wconf 86' lang='lat' dir='ltr'>alia</span> <span class='ocrx_word' id='word_1_78' title='bbox 1103 861 1368 915; x_wconf 87' lang='lat' dir='ltr'>progrediente</span> <span class='ocrx_word' id='word_1_79' title='bbox 1393 869 1499 899; x_wconf 86' lang='lat' dir='ltr'>aetate</span> <span class='ocrx_word' id='word_1_80' title='bbox 1529 859 1716 912; x_wconf 82' lang='lat' dir='ltr'>fingeret;</span> 
     </span>
     <span class='ocr_line' id='line_1_11' title="bbox 317 926 1716 979; baseline -0.001 -15"><span class='ocrx_word' id='word_1_81' title='bbox 317 940 443 979; x_wconf 91' lang='lat' dir='ltr'>neque</span> <span class='ocrx_word' id='word_1_82' title='bbox 462 926 549 964; x_wconf 87' lang='lat' dir='ltr'>sane</span> <span class='ocrx_word' id='word_1_83' title='bbox 575 926 749 965; x_wconf 90' lang='lat' dir='ltr'>multum</span> <span class='ocrx_word' id='word_1_84' title='bbox 782 927 1014 979; x_wconf 82' lang='lat' dir='ltr'>adjumentis</span> <span class='ocrx_word' id='word_1_85' title='bbox 1043 927 1209 966; x_wconf 85' lang='lat' dir='ltr'>externis</span> <span class='ocrx_word' id='word_1_86' title='bbox 1238 936 1276 964; x_wconf 90' lang='lat' dir='ltr'>et</span> <span class='ocrx_word' id='word_1_87' title='bbox 1295 926 1513 964; x_wconf 86' lang='lat' dir='ltr'>adventitiis</span> <span class='ocrx_word' id='word_1_88' title='bbox 1534 934 1716 963; x_wconf 88' lang='lat' dir='ltr'>uteretur.</span> 
     </span>
     <span class='ocr_line' id='line_1_12' title="bbox 317 991 1717 1046; baseline -0.001 -16"><span class='ocrx_word' id='word_1_89' title='bbox 317 994 511 1030; x_wconf 89' lang='lat' dir='ltr'>Animum</span> <span class='ocrx_word' id='word_1_90' title='bbox 530 1002 660 1030; x_wconf 91' lang='lat' dir='ltr'>autem</span> <span class='ocrx_word' id='word_1_91' title='bbox 687 992 844 1044; x_wconf 88' lang='lat' dir='ltr'>reliquis</span> <span class='ocrx_word' id='word_1_92' title='bbox 867 993 979 1031; x_wconf 90' lang='lat' dir='ltr'>rebus</span> <span class='ocrx_word' id='word_1_93' title='bbox 999 993 1053 1031; x_wconf 89' lang='lat' dir='ltr'>ita</span> <span class='ocrx_word' id='word_1_94' title='bbox 1071 991 1245 1046; x_wconf 87' lang='lat' dir='ltr'>perfecit,</span> <span class='ocrx_word' id='word_1_95' title='bbox 1283 1001 1327 1030; x_wconf 91' lang='lat' dir='ltr'>ut</span> <span class='ocrx_word' id='word_1_96' title='bbox 1355 1005 1493 1044; x_wconf 89' lang='lat' dir='ltr'>corpus</span> <span class='ocrx_word' id='word_1_97' title='bbox 1510 1009 1521 1036; x_wconf 65' lang='grc' dir='ltr'><strong><em>ς</em></strong></span> <span class='ocrx_word' id='word_1_98' title='bbox 1553 991 1717 1029; x_wconf 84' lang='lat' dir='ltr'>senfibus</span> 
     </span>
     <span class='ocr_line' id='line_1_13' title="bbox 313 1057 1717 1112; baseline -0.001 -16"><span class='ocrx_word' id='word_1_99' title='bbox 313 1059 422 1096; x_wconf 88' lang='lat' dir='ltr'>enim</span> <span class='ocrx_word' id='word_1_100' title='bbox 442 1058 591 1096; x_wconf 89' lang='lat' dir='ltr'>ornavit</span> <span class='ocrx_word' id='word_1_101' title='bbox 610 1057 656 1095; x_wconf 91' lang='lat' dir='ltr'>ad</span> <span class='ocrx_word' id='word_1_102' title='bbox 675 1071 732 1096; x_wconf 88' lang='lat' dir='ltr'>res</span> <span class='ocrx_word' id='word_1_103' title='bbox 751 1057 1014 1112; x_wconf 89' lang='lat' dir='ltr'>percipiendas</span> <span class='ocrx_word' id='word_1_104' title='bbox 1035 1059 1196 1102; x_wconf 89' lang='lat' dir='ltr'>idoneis,</span> <span class='ocrx_word' id='word_1_105' title='bbox 1227 1066 1271 1095; x_wconf 91' lang='lat' dir='ltr'>ut</span> <span class='ocrx_word' id='word_1_106' title='bbox 1291 1057 1405 1102; x_wconf 89' lang='lat' dir='ltr'>nihil,</span> <span class='ocrx_word' id='word_1_107' title='bbox 1427 1066 1492 1095; x_wconf 90' lang='lat' dir='ltr'>aut</span> <span class='ocrx_word' id='word_1_108' title='bbox 1512 1071 1591 1095; x_wconf 91' lang='lat' dir='ltr'>non</span> <span class='ocrx_word' id='word_1_109' title='bbox 1611 1057 1717 1095; x_wconf 89' lang='lat' dir='ltr'>mul-</span> 
     </span>
     <span class='ocr_line' id='line_1_14' title="bbox 314 1122 1718 1175; baseline -0.001 -14"><span class='ocrx_word' id='word_1_110' title='bbox 314 1132 403 1161; x_wconf 88' lang='lat' dir='ltr'>tum</span> <span class='ocrx_word' id='word_1_111' title='bbox 432 1123 657 1175; x_wconf 88' lang='lat' dir='ltr'>adjumento</span> <span class='ocrx_word' id='word_1_112' title='bbox 677 1123 758 1162; x_wconf 90' lang='lat' dir='ltr'>ullo</span> <span class='ocrx_word' id='word_1_113' title='bbox 788 1124 835 1162; x_wconf 93' lang='lat' dir='ltr'>ad</span> <span class='ocrx_word' id='word_1_114' title='bbox 851 1123 965 1161; x_wconf 66' lang='lat' dir='ltr'>‘suam</span> <span class='ocrx_word' id='word_1_115' title='bbox 986 1122 1338 1162; x_wconf 90' lang='lat' dir='ltr'>conformationem</span> <span class='ocrx_word' id='word_1_116' title='bbox 1354 1122 1558 1175; x_wconf 86' lang='lat' dir='ltr'>indigeret.</span> <span class='ocrx_word' id='word_1_117' title='bbox 1600 1122 1718 1174; x_wconf 81' lang='lat' dir='ltr'>Qod</span> 
     </span>
     <span class='ocr_line' id='line_1_15' title="bbox 314 1187 1717 1243; baseline -0.001 -16"><span class='ocrx_word' id='word_1_118' title='bbox 314 1198 444 1229; x_wconf 88' lang='lat' dir='ltr'>autem</span> <span class='ocrx_word' id='word_1_119' title='bbox 474 1189 515 1227; x_wconf 89' lang='lat' dir='ltr'>in</span> <span class='ocrx_word' id='word_1_120' title='bbox 540 1187 702 1227; x_wconf 89' lang='lat' dir='ltr'>homine</span> <span class='ocrx_word' id='word_1_121' title='bbox 734 1189 1082 1243; x_wconf 86' lang='lat' dir='ltr'>praestantiffimum</span> <span class='ocrx_word' id='word_1_122' title='bbox 1101 1199 1216 1241; x_wconf 91' lang='lat' dir='ltr'>atque</span> <span class='ocrx_word' id='word_1_123' title='bbox 1248 1189 1447 1242; x_wconf 89' lang='lat' dir='ltr'>optimum</span> <span class='ocrx_word' id='word_1_124' title='bbox 1479 1187 1545 1232; x_wconf 89' lang='lat' dir='ltr'>est,</span> <span class='ocrx_word' id='word_1_125' title='bbox 1577 1187 1618 1225; x_wconf 88' lang='lat' dir='ltr'>id</span> <span class='ocrx_word' id='word_1_126' title='bbox 1648 1188 1717 1226; x_wconf 87' lang='lat' dir='ltr'>de-</span> 
     </span>
     <span class='ocr_line' id='line_1_16' title="bbox 314 1254 1717 1307; baseline -0.001 -14"><span class='ocrx_word' id='word_1_127' title='bbox 314 1255 442 1294; x_wconf 88' lang='lat' dir='ltr'>seruit.</span> <span class='ocrx_word' id='word_1_128' title='bbox 501 1255 582 1294; x_wconf 87' lang='lat' dir='ltr'>Etfi</span> <span class='ocrx_word' id='word_1_129' title='bbox 616 1255 722 1293; x_wconf 87' lang='lat' dir='ltr'>dedit</span> <span class='ocrx_word' id='word_1_130' title='bbox 752 1256 868 1294; x_wconf 85' lang='lat' dir='ltr'>talem</span> <span class='ocrx_word' id='word_1_131' title='bbox 902 1264 1090 1300; x_wconf 89' lang='lat' dir='ltr'>mentem,</span> <span class='ocrx_word' id='word_1_132' title='bbox 1120 1269 1205 1307; x_wconf 81' lang='lat' dir='ltr'>quae</span> <span class='ocrx_word' id='word_1_133' title='bbox 1231 1268 1392 1292; x_wconf 90' lang='lat' dir='ltr'>omnem</span> <span class='ocrx_word' id='word_1_134' title='bbox 1421 1254 1606 1292; x_wconf 89' lang='lat' dir='ltr'>virtutem</span> <span class='ocrx_word' id='word_1_135' title='bbox 1632 1254 1717 1305; x_wconf 88' lang='lat' dir='ltr'>jam</span> 
     </span>
     <span class='ocr_line' id='line_1_17' title="bbox 313 1320 1718 1374; baseline -0.002 -15"><span class='ocrx_word' id='word_1_136' title='bbox 313 1322 484 1374; x_wconf 88' lang='lat' dir='ltr'>accipere</span> <span class='ocrx_word' id='word_1_137' title='bbox 514 1321 646 1374; x_wconf 72' lang='lat' dir='ltr'>posset,</span> <span class='ocrx_word' id='word_1_138' title='bbox 678 1322 932 1374; x_wconf 86' lang='lat' dir='ltr'>ingenuitque</span> <span class='ocrx_word' id='word_1_139' title='bbox 952 1321 1028 1359; x_wconf 86' lang='lat' dir='ltr'>fine</span> <span class='ocrx_word' id='word_1_140' title='bbox 1046 1321 1218 1359; x_wconf 66' lang='lat' dir='ltr'>doctrina</span> <span class='ocrx_word' id='word_1_141' title='bbox 1247 1320 1402 1358; x_wconf 87' lang='lat' dir='ltr'>notitias</span> <span class='ocrx_word' id='word_1_142' title='bbox 1426 1332 1556 1372; x_wconf 88' lang='lat' dir='ltr'>parvas</span> <span class='ocrx_word' id='word_1_143' title='bbox 1587 1332 1718 1357; x_wconf 88' lang='lat' dir='ltr'>rerum</span> 
     </span>
     <span class='ocr_line' id='line_1_18' title="bbox 314 1385 1717 1440; baseline -0.003 -14"><span class='ocrx_word' id='word_1_144' title='bbox 314 1388 587 1432; x_wconf 86' lang='lat' dir='ltr'>maximarum,</span> <span class='ocrx_word' id='word_1_145' title='bbox 622 1397 659 1425; x_wconf 91' lang='lat' dir='ltr'>et</span> <span class='ocrx_word' id='word_1_146' title='bbox 680 1388 782 1440; x_wconf 87' lang='lat' dir='ltr'>quafi</span> <span class='ocrx_word' id='word_1_147' title='bbox 802 1387 967 1425; x_wconf 85' lang='lat' dir='ltr'>instituit</span> <span class='ocrx_word' id='word_1_148' title='bbox 985 1387 1134 1432; x_wconf 91' lang='lat' dir='ltr'>docere,</span> <span class='ocrx_word' id='word_1_149' title='bbox 1161 1396 1200 1424; x_wconf 91' lang='lat' dir='ltr'>et</span> <span class='ocrx_word' id='word_1_150' title='bbox 1218 1386 1373 1424; x_wconf 88' lang='lat' dir='ltr'>induxit</span> <span class='ocrx_word' id='word_1_151' title='bbox 1392 1385 1433 1423; x_wconf 89' lang='lat' dir='ltr'>in</span> <span class='ocrx_word' id='word_1_152' title='bbox 1452 1398 1506 1430; x_wconf 89' lang='lat' dir='ltr'>ea,</span> <span class='ocrx_word' id='word_1_153' title='bbox 1542 1398 1627 1437; x_wconf 85' lang='lat' dir='ltr'>quae</span> <span class='ocrx_word' id='word_1_154' title='bbox 1652 1385 1717 1423; x_wconf 88' lang='lat' dir='ltr'>in-</span> 
     </span>
     <span class='ocr_line' id='line_1_19' title="bbox 311 1449 1715 1506; baseline -0.003 -14"><span class='ocrx_word' id='word_1_155' title='bbox 311 1463 433 1499; x_wconf 88' lang='lat' dir='ltr'>erant,</span> <span class='ocrx_word' id='word_1_156' title='bbox 456 1463 640 1506; x_wconf 88' lang='lat' dir='ltr'>tanquam</span> <span class='ocrx_word' id='word_1_157' title='bbox 674 1453 863 1492; x_wconf 85' lang='lat' dir='ltr'>elementa</span> <span class='ocrx_word' id='word_1_158' title='bbox 897 1453 1074 1491; x_wconf 88' lang='lat' dir='ltr'>virtutis:</span> <span class='ocrx_word' id='word_1_159' title='bbox 1109 1452 1169 1491; x_wconf 90' lang='lat' dir='ltr'>sed</span> <span class='ocrx_word' id='word_1_160' title='bbox 1199 1452 1386 1490; x_wconf 84' lang='lat' dir='ltr'>virtutem</span> <span class='ocrx_word' id='word_1_161' title='bbox 1406 1451 1528 1504; x_wconf 91' lang='lat' dir='ltr'>ipsam</span> <span class='ocrx_word' id='word_1_162' title='bbox 1554 1449 1715 1490; x_wconf 88' lang='lat' dir='ltr'>inchoa-</span> 
     </span>
     <span class='ocr_line' id='line_1_20' title="bbox 313 1519 727 1572; baseline -0.002 -14"><span class='ocrx_word' id='word_1_163' title='bbox 313 1520 370 1558; x_wconf 90' lang='lat' dir='ltr'>vit</span> <span class='ocrx_word' id='word_1_164' title='bbox 384 1538 397 1565; x_wconf 82' lang='lat'>;</span> <span class='ocrx_word' id='word_1_165' title='bbox 428 1519 527 1558; x_wconf 88' lang='lat' dir='ltr'>nihil</span> <span class='ocrx_word' id='word_1_166' title='bbox 547 1519 727 1572; x_wconf 88' lang='lat' dir='ltr'>amplius.</span> 
     </span>
    </p>

    <p class='ocr_par' dir='ltr' id='par_1_4' title="bbox 308 1583 1715 2348">
     <span class='ocr_line' id='line_1_21' title="bbox 368 1583 1714 1640; baseline -0.003 -15"><span class='ocrx_word' id='word_1_167' title='bbox 368 1588 503 1640; x_wconf 86' lang='lat' dir='ltr'>Itaque</span> <span class='ocrx_word' id='word_1_168' title='bbox 523 1585 693 1624; x_wconf 89' lang='lat' dir='ltr'>nostrum</span> <span class='ocrx_word' id='word_1_169' title='bbox 714 1585 767 1624; x_wconf 89' lang='lat' dir='ltr'>est</span> <span class='ocrx_word' id='word_1_170' title='bbox 791 1586 914 1639; x_wconf 89' lang='lat' dir='ltr'>(quod</span> <span class='ocrx_word' id='word_1_171' title='bbox 934 1585 1107 1624; x_wconf 90' lang='lat' dir='ltr'>nostrum</span> <span class='ocrx_word' id='word_1_172' title='bbox 1127 1585 1229 1629; x_wconf 85' lang='lat' dir='ltr'>dico,</span> <span class='ocrx_word' id='word_1_173' title='bbox 1258 1585 1346 1623; x_wconf 85' lang='lat' dir='ltr'>artis</span> <span class='ocrx_word' id='word_1_174' title='bbox 1367 1583 1437 1635; x_wconf 89' lang='lat' dir='ltr'>est)</span> <span class='ocrx_word' id='word_1_175' title='bbox 1470 1584 1515 1622; x_wconf 94' lang='lat' dir='ltr'>ad</span> <span class='ocrx_word' id='word_1_176' title='bbox 1534 1597 1576 1621; x_wconf 89' lang='lat' dir='ltr'>ea</span> <span class='ocrx_word' id='word_1_177' title='bbox 1606 1585 1714 1637; x_wconf 88' lang='lat' dir='ltr'>prin-</span> 
     </span>
     <span class='ocr_line' id='line_1_22' title="bbox 309 1649 1713 1705; baseline -0.002 -15"><span class='ocrx_word' id='word_1_178' title='bbox 309 1653 427 1705; x_wconf 89' lang='lat' dir='ltr'>cipia,</span> <span class='ocrx_word' id='word_1_179' title='bbox 473 1665 559 1705; x_wconf 85' lang='lat' dir='ltr'>quae</span> <span class='ocrx_word' id='word_1_180' title='bbox 591 1652 825 1705; x_wconf 87' lang='lat' dir='ltr'>accepimus,</span> <span class='ocrx_word' id='word_1_181' title='bbox 870 1651 1142 1704; x_wconf 82' lang='lat' dir='ltr'>consequentia</span> <span class='ocrx_word' id='word_1_182' title='bbox 1170 1651 1382 1703; x_wconf 87' lang='lat' dir='ltr'>exquirere,</span> <span class='ocrx_word' id='word_1_183' title='bbox 1424 1649 1550 1702; x_wconf 89' lang='lat' dir='ltr'>quoad</span> <span class='ocrx_word' id='word_1_184' title='bbox 1581 1649 1625 1688; x_wconf 77' lang='lat' dir='ltr'>sit</span> <span class='ocrx_word' id='word_1_185' title='bbox 1658 1650 1713 1695; x_wconf 91' lang='lat' dir='ltr'>id,</span> 
     </span>
     <span class='ocr_line' id='line_1_23' title="bbox 311 1715 1713 1771; baseline -0.003 -15"><span class='ocrx_word' id='word_1_186' title='bbox 311 1718 416 1771; x_wconf 92' lang='lat' dir='ltr'>quod</span> <span class='ocrx_word' id='word_1_187' title='bbox 437 1718 632 1763; x_wconf 87' lang='lat' dir='ltr'>volumus,</span> <span class='ocrx_word' id='word_1_188' title='bbox 659 1717 867 1756; x_wconf 66' lang='lat' dir='ltr'>effestum:</span> <span class='ocrx_word' id='word_1_189' title='bbox 901 1718 1007 1770; x_wconf 90' lang='lat' dir='ltr'>quod</span> <span class='ocrx_word' id='word_1_190' title='bbox 1040 1717 1198 1770; x_wconf 86' lang='lat' dir='ltr'>quidem</span> <span class='ocrx_word' id='word_1_191' title='bbox 1219 1717 1339 1769; x_wconf 86' lang='lat' dir='ltr'>pluris</span> <span class='ocrx_word' id='word_1_192' title='bbox 1372 1716 1416 1753; x_wconf 90' lang='lat' dir='ltr'>s1t</span> <span class='ocrx_word' id='word_1_193' title='bbox 1450 1715 1551 1753; x_wconf 88' lang='lat' dir='ltr'>haud</span> <span class='ocrx_word' id='word_1_194' title='bbox 1583 1716 1713 1768; x_wconf 87' lang='lat' dir='ltr'>paulo,</span> 
     </span>
     <span class='ocr_line' id='line_1_24' title="bbox 311 1780 1715 1837; baseline -0.002 -15"><span class='ocrx_word' id='word_1_195' title='bbox 311 1784 509 1837; x_wconf 86' lang='lat' dir='ltr'>magisque</span> <span class='ocrx_word' id='word_1_196' title='bbox 540 1784 667 1836; x_wconf 90' lang='lat' dir='ltr'>ipsum</span> <span class='ocrx_word' id='word_1_197' title='bbox 698 1794 853 1837; x_wconf 89' lang='lat' dir='ltr'>propter</span> <span class='ocrx_word' id='word_1_198' title='bbox 873 1784 908 1821; x_wconf 90' lang='lat' dir='ltr'>se</span> <span class='ocrx_word' id='word_1_199' title='bbox 941 1782 1214 1836; x_wconf 83' lang='lat' dir='ltr'>expetendum,</span> <span class='ocrx_word' id='word_1_200' title='bbox 1250 1796 1367 1834; x_wconf 85' lang='lat' dir='ltr'>quam</span> <span class='ocrx_word' id='word_1_201' title='bbox 1388 1789 1452 1818; x_wconf 88' lang='lat' dir='ltr'>aut</span> <span class='ocrx_word' id='word_1_202' title='bbox 1474 1780 1612 1826; x_wconf 89' lang='lat' dir='ltr'>sensus,</span> <span class='ocrx_word' id='word_1_203' title='bbox 1648 1789 1715 1819; x_wconf 87' lang='lat' dir='ltr'>aut</span> 
     </span>
     <span class='ocr_line' id='line_1_25' title="bbox 311 1846 1711 1902; baseline -0.003 -15"><span class='ocrx_word' id='word_1_204' title='bbox 311 1850 480 1902; x_wconf 89' lang='lat' dir='ltr'>corporis</span> <span class='ocrx_word' id='word_1_205' title='bbox 501 1862 556 1893; x_wconf 92' lang='lat' dir='ltr'>ea,</span> <span class='ocrx_word' id='word_1_206' title='bbox 578 1863 662 1901; x_wconf 85' lang='lat' dir='ltr'>quae</span> <span class='ocrx_word' id='word_1_207' title='bbox 683 1849 880 1893; x_wconf 86' lang='lat' dir='ltr'>diximus;</span> <span class='ocrx_word' id='word_1_208' title='bbox 913 1849 1054 1901; x_wconf 88' lang='lat' dir='ltr'>quibus</span> <span class='ocrx_word' id='word_1_209' title='bbox 1076 1857 1227 1886; x_wconf 86' lang='lat' dir='ltr'>tantum</span> <span class='ocrx_word' id='word_1_210' title='bbox 1247 1847 1393 1900; x_wconf 84' lang='lat' dir='ltr'>praestat</span> <span class='ocrx_word' id='word_1_211' title='bbox 1420 1846 1560 1884; x_wconf 85' lang='lat' dir='ltr'>mentis</span> <span class='ocrx_word' id='word_1_212' title='bbox 1580 1846 1711 1884; x_wconf 80' lang='lat' dir='ltr'>excel-</span> 
     </span>
     <span class='ocr_line' id='line_1_26' title="bbox 312 1913 1711 1968; baseline -0.001 -16"><span class='ocrx_word' id='word_1_213' title='bbox 312 1915 392 1952; x_wconf 87' lang='lat' dir='ltr'>lens</span> <span class='ocrx_word' id='word_1_214' title='bbox 413 1913 610 1968; x_wconf 61' lang='lat' dir='ltr'>perfeetio,</span> <span class='ocrx_word' id='word_1_215' title='bbox 641 1925 684 1952; x_wconf 91' lang='lat' dir='ltr'>ut</span> <span class='ocrx_word' id='word_1_216' title='bbox 703 1915 766 1952; x_wconf 86' lang='lat' dir='ltr'>vix</span> <span class='ocrx_word' id='word_1_217' title='bbox 787 1915 947 1967; x_wconf 86' lang='lat' dir='ltr'>cogitari</span> <span class='ocrx_word' id='word_1_218' title='bbox 968 1914 1093 1967; x_wconf 84' lang='lat' dir='ltr'>poffit,</span> <span class='ocrx_word' id='word_1_219' title='bbox 1121 1913 1216 1966; x_wconf 87' lang='lat' dir='ltr'>quid</span> <span class='ocrx_word' id='word_1_220' title='bbox 1237 1914 1394 1951; x_wconf 84' lang='lat' dir='ltr'>interfit.</span> <span class='ocrx_word' id='word_1_221' title='bbox 1460 1913 1594 1964; x_wconf 90' lang='lat' dir='ltr'>Itaque</span> <span class='ocrx_word' id='word_1_222' title='bbox 1622 1925 1711 1950; x_wconf 88' lang='lat' dir='ltr'>om-</span> 
     </span>
     <span class='ocr_line' id='line_1_27' title="bbox 308 1977 1712 2026; baseline -0.003 -8"><span class='ocrx_word' id='word_1_223' title='bbox 308 1981 369 2019; x_wconf 87' lang='lat' dir='ltr'>nis</span> <span class='ocrx_word' id='word_1_224' title='bbox 388 1979 526 2025; x_wconf 89' lang='lat' dir='ltr'>honos,</span> <span class='ocrx_word' id='word_1_225' title='bbox 561 1981 690 2018; x_wconf 87' lang='lat' dir='ltr'>omnis</span> <span class='ocrx_word' id='word_1_226' title='bbox 722 1980 938 2026; x_wconf 87' lang='lat' dir='ltr'>admiratio,</span> <span class='ocrx_word' id='word_1_227' title='bbox 969 1993 1085 2018; x_wconf 90' lang='lat' dir='ltr'>omne</span> <span class='ocrx_word' id='word_1_228' title='bbox 1105 1979 1290 2024; x_wconf 87' lang='lat' dir='ltr'>studium,</span> <span class='ocrx_word' id='word_1_229' title='bbox 1322 1979 1368 2017; x_wconf 90' lang='lat' dir='ltr'>ad</span> <span class='ocrx_word' id='word_1_230' title='bbox 1388 1977 1573 2016; x_wconf 83' lang='lat' dir='ltr'>virtutem</span> <span class='ocrx_word' id='word_1_231' title='bbox 1598 1987 1635 2015; x_wconf 87' lang='lat' dir='ltr'>et</span> <span class='ocrx_word' id='word_1_232' title='bbox 1666 1977 1712 2015; x_wconf 92' lang='lat' dir='ltr'>ad</span> 
     </span>
     <span class='ocr_line' id='line_1_28' title="bbox 309 2044 1710 2099; baseline -0.002 -15"><span class='ocrx_word' id='word_1_233' title='bbox 309 2060 370 2085; x_wconf 88' lang='lat' dir='ltr'>eas</span> <span class='ocrx_word' id='word_1_234' title='bbox 390 2047 568 2091; x_wconf 65' lang='lat' dir='ltr'>actiones,</span> <span class='ocrx_word' id='word_1_235' title='bbox 601 2060 685 2099; x_wconf 69' lang='lat' dir='ltr'>qua:</span> <span class='ocrx_word' id='word_1_236' title='bbox 707 2047 839 2085; x_wconf 85' lang='lat' dir='ltr'>virtuti</span> <span class='ocrx_word' id='word_1_237' title='bbox 861 2046 946 2085; x_wconf 90' lang='lat' dir='ltr'>sunt</span> <span class='ocrx_word' id='word_1_238' title='bbox 966 2046 1237 2090; x_wconf 66' lang='lat' dir='ltr'>consentaneae,</span> <span class='ocrx_word' id='word_1_239' title='bbox 1267 2044 1452 2089; x_wconf 70' lang='lat' dir='ltr'>refertur,</span> <span class='ocrx_word' id='word_1_240' title='bbox 1484 2057 1601 2095; x_wconf 87' lang='lat' dir='ltr'>eaque</span> <span class='ocrx_word' id='word_1_241' title='bbox 1621 2057 1710 2082; x_wconf 90' lang='lat' dir='ltr'>om-</span> 
     </span>
     <span class='ocr_line' id='line_1_29' title="bbox 310 2110 1711 2165; baseline -0.003 -14"><span class='ocrx_word' id='word_1_242' title='bbox 310 2113 385 2158; x_wconf 88' lang='lat' dir='ltr'>nia,</span> <span class='ocrx_word' id='word_1_243' title='bbox 415 2126 500 2165; x_wconf 84' lang='lat' dir='ltr'>quae</span> <span class='ocrx_word' id='word_1_244' title='bbox 520 2122 584 2150; x_wconf 83' lang='lat' dir='ltr'>aut</span> <span class='ocrx_word' id='word_1_245' title='bbox 618 2114 670 2150; x_wconf 87' lang='lat' dir='ltr'>ita</span> <span class='ocrx_word' id='word_1_246' title='bbox 698 2113 737 2150; x_wconf 89' lang='lat' dir='ltr'>in</span> <span class='ocrx_word' id='word_1_247' title='bbox 768 2113 905 2150; x_wconf 87' lang='lat' dir='ltr'>animis</span> <span class='ocrx_word' id='word_1_248' title='bbox 929 2112 1026 2156; x_wconf 88' lang='lat' dir='ltr'>sunt,</span> <span class='ocrx_word' id='word_1_249' title='bbox 1058 2121 1121 2150; x_wconf 89' lang='lat' dir='ltr'>aut</span> <span class='ocrx_word' id='word_1_250' title='bbox 1142 2112 1194 2149; x_wconf 84' lang='lat' dir='ltr'>ita</span> <span class='ocrx_word' id='word_1_251' title='bbox 1220 2121 1417 2164; x_wconf 85' lang='lat' dir='ltr'>geruntur,</span> <span class='ocrx_word' id='word_1_252' title='bbox 1455 2123 1532 2148; x_wconf 90' lang='lat' dir='ltr'>uno</span> <span class='ocrx_word' id='word_1_253' title='bbox 1551 2110 1711 2148; x_wconf 89' lang='lat' dir='ltr'>nomine</span> 
     </span>
     <span class='ocr_line' id='line_1_30' title="bbox 309 2176 1710 2231; baseline -0.004 -14"><span class='ocrx_word' id='word_1_254' title='bbox 309 2178 446 2231; x_wconf 62' lang='lat' dir='ltr'>honesta</span> <span class='ocrx_word' id='word_1_255' title='bbox 465 2180 670 2217; x_wconf 82' lang='lat' dir='ltr'>dicuntur:</span> <span class='ocrx_word' id='word_1_256' title='bbox 702 2192 868 2230; x_wconf 85' lang='lat' dir='ltr'>quorum</span> <span class='ocrx_word' id='word_1_257' title='bbox 890 2179 1068 2216; x_wconf 86' lang='lat' dir='ltr'>omnium</span> <span class='ocrx_word' id='word_1_258' title='bbox 1091 2191 1252 2230; x_wconf 86' lang='lat' dir='ltr'>quaeque</span> <span class='ocrx_word' id='word_1_259' title='bbox 1272 2177 1343 2215; x_wconf 88' lang='lat' dir='ltr'>fint</span> <span class='ocrx_word' id='word_1_260' title='bbox 1364 2176 1523 2220; x_wconf 74' lang='lat' dir='ltr'>notitiae,</span> <span class='ocrx_word' id='word_1_261' title='bbox 1546 2188 1710 2227; x_wconf 74' lang='lat' dir='ltr'>qumque</span> 
     </span>
     <span class='ocr_line' id='line_1_31' title="bbox 309 2240 1708 2296; baseline -0.003 -15"><span class='ocrx_word' id='word_1_262' title='bbox 309 2243 568 2296; x_wconf 76' lang='lat' dir='ltr'>significentur</span> <span class='ocrx_word' id='word_1_263' title='bbox 588 2257 714 2282; x_wconf 89' lang='lat' dir='ltr'>rerum</span> <span class='ocrx_word' id='word_1_264' title='bbox 734 2244 945 2288; x_wconf 81' lang='lat' dir='ltr'>vocabulis,</span> <span class='ocrx_word' id='word_1_265' title='bbox 978 2257 1139 2296; x_wconf 65' lang='lat' dir='ltr'>quaeque</span> <span class='ocrx_word' id='word_1_266' title='bbox 1159 2244 1218 2295; x_wconf 88' lang='lat' dir='ltr'>cuj</span> <span class='ocrx_word' id='word_1_267' title='bbox 1227 2242 1343 2295; x_wconf 85' lang='lat' dir='ltr'>usque</span> <span class='ocrx_word' id='word_1_268' title='bbox 1364 2242 1419 2280; x_wconf 84' lang='lat' dir='ltr'>vis</span> <span class='ocrx_word' id='word_1_269' title='bbox 1439 2250 1476 2279; x_wconf 89' lang='lat' dir='ltr'>et</span> <span class='ocrx_word' id='word_1_270' title='bbox 1498 2249 1630 2278; x_wconf 86' lang='lat' dir='ltr'>natura</span> <span class='ocrx_word' id='word_1_271' title='bbox 1649 2240 1708 2285; x_wconf 85' lang='lat' dir='ltr'>fit,</span> 
     </span>
     <span class='ocr_line' id='line_1_32' title="bbox 311 2310 654 2348; baseline 0.003 -1"><span class='ocrx_word' id='word_1_272' title='bbox 311 2323 402 2348; x_wconf 88' lang='lat' dir='ltr'>mox</span> <span class='ocrx_word' id='word_1_273' title='bbox 423 2310 654 2348; x_wconf 86' lang='lat' dir='ltr'>videbimus.</span> 
     </span>
    </p>

    <p class='ocr_par' dir='ltr' id='par_1_5' title="bbox 307 2372 1710 2562">
     <span class='ocr_line' id='line_1_33' title="bbox 364 2372 1710 2431; baseline -0.003 -18"><span class='ocrx_word' id='word_1_274' title='bbox 364 2376 497 2414; x_wconf 90' lang='lat' dir='ltr'>XXII.</span> <span class='ocrx_word' id='word_1_275' title='bbox 531 2377 621 2414; x_wconf 91' lang='lat' dir='ltr'>Hoc</span> <span class='ocrx_word' id='word_1_276' title='bbox 639 2387 768 2416; x_wconf 82' lang='lat' dir='ltr'>autem</span> <span class='ocrx_word' id='word_1_277' title='bbox 789 2377 876 2416; x_wconf 94' lang='lat' dir='ltr'>loco</span> <span class='ocrx_word' id='word_1_278' title='bbox 896 2376 1046 2416; x_wconf 72' lang='lat' dir='ltr'>tantum</span> <span class='ocrx_word' id='word_1_279' title='bbox 1067 2377 1318 2431; x_wconf 73' lang='lat' dir='ltr'>explice111u8‚</span> <span class='ocrx_word' id='word_1_280' title='bbox 1340 2374 1435 2419; x_wconf 77' lang='lat' dir='ltr'>haec,</span> <span class='ocrx_word' id='word_1_281' title='bbox 1458 2372 1611 2412; x_wconf 72' lang='lat' dir='ltr'>hon-esta</span> <span class='ocrx_word' id='word_1_282' title='bbox 1625 2386 1710 2425; x_wconf 81' lang='lat' dir='ltr'>quae</span> 
     </span>
     <span class='ocr_line' id='line_1_34' title="bbox 307 2439 1707 2496; baseline -0.004 -16"><span class='ocrx_word' id='word_1_283' title='bbox 307 2442 410 2486; x_wconf 90' lang='lat' dir='ltr'>dico,</span> <span class='ocrx_word' id='word_1_284' title='bbox 429 2451 678 2495; x_wconf 70' lang='lat' dir='ltr'>praeterquam</span> <span class='ocrx_word' id='word_1_285' title='bbox 691 2445 794 2496; x_wconf 91' lang='lat' dir='ltr'>quod</span> <span class='ocrx_word' id='word_1_286' title='bbox 809 2444 1057 2496; x_wconf 88' lang='lat' dir='ltr'>nosmetipsos</span> <span class='ocrx_word' id='word_1_287' title='bbox 1074 2444 1295 2496; x_wconf 85' lang='lat' dir='ltr'>diligamus,</span> <span class='ocrx_word' id='word_1_288' title='bbox 1310 2450 1483 2494; x_wconf 81' lang='lat' dir='ltr'>praeterea</span> <span class='ocrx_word' id='word_1_289' title='bbox 1499 2439 1625 2490; x_wconf 80' lang='lat' dir='ltr'>suapte</span> <span class='ocrx_word' id='word_1_290' title='bbox 1640 2451 1707 2475; x_wconf 83' lang='lat' dir='ltr'>na·</span> 
     </span>
     <span class='ocr_line' id='line_1_35' title="bbox 309 2503 1707 2562; baseline -0.003 -18"><span class='ocrx_word' id='word_1_291' title='bbox 309 2516 394 2545; x_wconf 84' lang='lat' dir='ltr'>tura</span> <span class='ocrx_word' id='word_1_292' title='bbox 412 2521 478 2561; x_wconf 88' lang='lat' dir='ltr'>per</span> <span class='ocrx_word' id='word_1_293' title='bbox 497 2507 532 2546; x_wconf 95' lang='lat' dir='ltr'>se</span> <span class='ocrx_word' id='word_1_294' title='bbox 551 2507 622 2546; x_wconf 85' lang='lat' dir='ltr'>effe</span> <span class='ocrx_word' id='word_1_295' title='bbox 641 2510 864 2562; x_wconf 82' lang='lat' dir='ltr'>expetenda.</span> <span class='ocrx_word' id='word_1_296' title='bbox 889 2510 1063 2548; x_wconf 85' lang='lat' dir='ltr'>Indicant</span> <span class='ocrx_word' id='word_1_297' title='bbox 1077 2509 1207 2562; x_wconf 90' lang='lat' dir='ltr'>pueri;</span> <span class='ocrx_word' id='word_1_298' title='bbox 1231 2508 1269 2545; x_wconf 90' lang='lat' dir='ltr'>in</span> <span class='ocrx_word' id='word_1_299' title='bbox 1287 2506 1443 2559; x_wconf 88' lang='lat' dir='ltr'>quibus,</span> <span class='ocrx_word' id='word_1_300' title='bbox 1460 2514 1501 2542; x_wconf 87' lang='lat' dir='ltr'>ut</span> <span class='ocrx_word' id='word_1_301' title='bbox 1519 2505 1556 2541; x_wconf 92' lang='lat' dir='ltr'>in</span> <span class='ocrx_word' id='word_1_302' title='bbox 1574 2503 1707 2556; x_wconf 86' lang='lat' dir='ltr'>specu-</span> 
     </span>
    </p>
   </div>
   <div class='ocr_carea' id='block_1_3' title="bbox 308 2570 1706 2677">
    <p class='ocr_par' dir='ltr' id='par_1_6' title="bbox 308 2570 1706 2677">
     <span class='ocr_line' id='line_1_36' title="bbox 308 2570 1706 2628; baseline -0.004 -17"><span class='ocrx_word' id='word_1_303' title='bbox 308 2573 371 2619; x_wconf 86' lang='lat' dir='ltr'>lis,</span> <span class='ocrx_word' id='word_1_304' title='bbox 387 2584 518 2613; x_wconf 88' lang='lat' dir='ltr'>natura</span> <span class='ocrx_word' id='word_1_305' title='bbox 537 2574 720 2615; x_wconf 87' lang='lat' dir='ltr'>cernitur.</span> <span class='ocrx_word' id='word_1_306' title='bbox 750 2577 904 2628; x_wconf 84' lang='lat' dir='ltr'>Qanta</span> <span class='ocrx_word' id='word_1_307' title='bbox 921 2576 1041 2615; x_wconf 89' lang='lat' dir='ltr'>studia</span> <span class='ocrx_word' id='word_1_308' title='bbox 1057 2573 1336 2613; x_wconf 88' lang='lat' dir='ltr'>decertantium</span> <span class='ocrx_word' id='word_1_309' title='bbox 1352 2571 1437 2610; x_wconf 89' lang='lat' dir='ltr'>sunt</span> <span class='ocrx_word' id='word_1_310' title='bbox 1453 2570 1460 2608; x_wconf 90' lang='lat'>!</span> <span class='ocrx_word' id='word_1_311' title='bbox 1492 2579 1706 2623; x_wconf 71' lang='lat' dir='ltr'>quantaquf²</span> 
     </span>
     <span class='ocr_line' id='line_1_37' title="bbox 1279 2639 1409 2677; baseline -0.008 0"><span class='ocrx_word' id='word_1_312' title='bbox 1279 2639 1311 2677; x_wconf 91' lang='lat' dir='ltr'><strong>E</strong></span> <span class='ocrx_word' id='word_1_313' title='bbox 1333 2652 1352 2676; x_wconf 94' lang='lat' dir='ltr'>e</span> <span class='ocrx_word' id='word_1_314' title='bbox 1388 2651 1409 2676; x_wconf 87' lang='lat'><strong>2</strong></span> 
     </span>
    </p>
   </div>
  </div>
 </body>
</html>
