2330 2983
668 255 1434 308 LIBER‘QUINTUS.
1674 271 1748 310 373

355 371 472 410 quam
493 356 624 394 civitas
645 355 815 393 universa
833 356 846 392 ?
878 355 986 406 Qid
1005 355 1018 392 ?
1040 355 1086 393 ad
1105 353 1203 393 hanc
1224 353 1508 399 fortitudinem,
1528 355 1574 393 de
1594 368 1669 408 qua
1689 356 1747 394 lo-

356 424 530 475 quimur,
548 421 799 473 temperantia
818 420 1007 471 adjuncta,
1029 433 1113 471 quae
1129 421 1173 458 fit
1189 420 1420 458 moderatrix
1440 421 1618 458 omnium
1639 435 1749 459 com-

356 488 579 526 motionum
596 504 607 529 ;
639 485 735 537 quid
762 485 884 537 potest
903 483 949 521 ad
968 485 1076 522 beate
1094 485 1304 522 vivendum
1326 485 1443 522 deesse
1463 487 1511 529 ei,
1530 499 1648 537 quem
1669 486 1749 524 for-

357 551 484 590 titudo
504 551 550 588 ab
570 550 794 601 aegritudine
813 558 850 586 et
870 563 890 586 a
908 559 1017 586 metu
1044 549 1214 586 vindicet
1232 563 1245 587 ;
1273 551 1523 600 temperantia
1550 560 1634 588 tum
1661 566 1680 589 a
1699 552 1749 588 li-

358 617 488 654 bidine
517 623 662 659 avocet,
696 624 782 652 turn
816 614 992 652 insolenti
1027 614 1216 652 alacritate
1242 614 1374 666 gestire
1403 628 1479 651 non
1501 615 1623 652 sinat?
1655 617 1751 654 Haec

356 681 505 719 efficere
525 681 708 718 virtutem
735 680 985 725 ostenderem,
1016 679 1084 718 nisi
1114 680 1369 733 superioribus
1396 679 1529 717 diebus
1549 679 1665 717 effent
1684 694 1751 718 ex-

356 748 509 800 plicata.

414 813 504 850 XV.
537 812 676 863 Atqui,
711 825 805 849 cum
836 811 1136 863 perturbationes
1168 811 1286 849 animi
1319 811 1509 855 miseram,
1546 811 1751 849 sedationes

358 888 489 916 autem
509 879 628 915 vitam
648 877 815 914 efficiant
832 877 1004 921 beatam;
1027 878 1246 930 duplexque
1267 878 1361 915 ratio
1377 877 1671 930 perturbationis
1692 877 1752 921 fit,

358 943 464 995 quod
479 942 664 995 aegritudo
679 951 718 979 et
738 951 864 979 metus
883 942 923 979 in
944 942 1055 980 malis
1074 943 1253 995 opinatis,
1270 943 1310 980 in
1331 943 1522 980 bonorum
1542 951 1670 980 autem
1690 955 1753 980 er-

357 1021 438 1046 rore
458 1007 590 1044 laetitia
608 1007 785 1059 gestiens,
821 1007 1018 1058 libidoque
1037 1008 1257 1052 versentur;
1288 1021 1380 1045 cum
1408 1007 1489 1045 haec
1511 1009 1640 1045 onmia
1659 1021 1752 1045 cum

357 1072 515 1110 consilio
531 1082 568 1110 et
585 1073 731 1110 ratione
751 1081 925 1124 pugnent
942 1091 953 1117 ς
975 1072 1036 1110 his
1064 1082 1105 1110 tu
1123 1082 1198 1111 tam
1213 1072 1390 1124 gravibus
1413 1073 1751 1116 concitationibus,

357 1146 513 1189 tamque
542 1137 630 1189 ipsis
654 1137 754 1174 inter
772 1137 807 1174 se
837 1136 1142 1174 dissentientibus
1172 1146 1287 1188 atque
1318 1137 1515 1181 distractis,
1543 1150 1659 1188 quem
1686 1150 1752 1173 va-

356 1215 490 1247 cuum,
513 1202 698 1246 solutum,
720 1202 887 1240 liberum
907 1203 1060 1247 videris,
1082 1201 1189 1240 hunc
1205 1202 1400 1240 dubitabis
1422 1202 1576 1240 beatum
1598 1202 1720 1239 dicere
1739 1203 1752 1238 ?

357 1268 484 1320 Atqui
504 1268 647 1320 sapiens
662 1267 807 1320 semper
827 1268 879 1305 ita
899 1267 1054 1305 affectus
1067 1268 1142 1305 est:
1166 1267 1311 1319 semper
1326 1268 1444 1319 igitur
1460 1266 1601 1318 sapiens
1621 1268 1752 1304 beatus

357 1334 423 1372 est.
474 1333 598 1384 Atqui
619 1333 734 1370 etiam
756 1346 872 1370 omne
903 1333 1049 1370 bonum
1071 1333 1234 1371 laetabile
1256 1332 1308 1369 est
1326 1347 1334 1370 :
1368 1332 1472 1384 quod
1491 1341 1621 1369 autem
1648 1332 1752 1369 laeta-

359 1398 450 1442 bile,
472 1397 511 1435 id
532 1398 815 1449 praedicandum
836 1406 873 1434 et
893 1411 968 1450 prae
989 1398 1023 1434 se
1043 1397 1245 1435 ferendum
1263 1411 1272 1434 z
1305 1397 1409 1449 quod
1439 1397 1511 1434 tale
1539 1405 1682 1441 autem,
1713 1397 1754 1433 id

357 1464 472 1500 etiam
505 1462 732 1515 gloriosum.
791 1463 828 1499 Si
865 1475 952 1500 vero
985 1463 1195 1514 gloriosum
1212 1491 1223 1507 ,
1255 1472 1356 1500 certe
1388 1463 1602 1500 laudabile:
1649 1461 1754 1513 quod

358 1539 487 1567 autem
507 1528 710 1572 laudabile,
731 1516 902 1580 prgfecto
922 1529 1038 1565 etiam
1058 1527 1261 1566 honestum
1281 1542 1289 1566 :
1327 1528 1431 1579 quod
1452 1528 1599 1565 bonum
1620 1527 1752 1579 igitur,

359 1595 399 1632 id
418 1593 635 1631 honestum.
673 1594 728 1630 At
748 1606 832 1645 quae
852 1592 911 1630 isti
943 1593 1042 1630 bona
1063 1603 1281 1637 numerant,
1314 1607 1360 1631 ne
1391 1594 1459 1646 ipsi
1490 1593 1647 1645 quidem
1678 1592 1752 1631 ho-

358 1660 458 1697 nesta
477 1659 626 1696 dicunt.
658 1658 793 1696 Solum
813 1657 930 1710 igitur
951 1659 1112 1703 bonum,
1135 1659 1240 1710 quod
1258 1657 1476 1697 honestum.
1514 1660 1576 1696 Ex
1595 1672 1673 1710 quo
1692 1657 1752 1695 ef-

358 1725 500 1769 ficitur,
530 1723 724 1762 honestate
744 1737 819 1762 una
837 1724 958 1761 vitam
980 1724 1167 1761 contineri
1188 1725 1350 1761 beatam.
1393 1724 1487 1761 Non
1518 1723 1604 1761 sunt
1634 1724 1754 1776 igitur

358 1803 401 1828 ea
433 1790 534 1827 bona
564 1788 737 1833 dicenda,
769 1802 838 1827 nec
869 1788 1054 1834 habenda,
1094 1788 1234 1840 quibus
1267 1789 1527 1826 abundantem
1560 1789 1651 1826 licet
1681 1788 1764 1826 effer

360 1854 634 1892 miserrimum.

414 1921 480 1957 An
512 1918 679 1963 dubitas,
711 1919 806 1971 quin
840 1918 1012 1971 praestans
1034 1918 1262 1963 valetudine,
1290 1919 1451 1964 viribus,
1476 1918 1615 1964 forma,
1646 1931 1749 1956 acer-

360 1985 467 2023 rimis
499 1984 829 2036 integerrimisque
858 1984 1038 2028 sensibus,
1086 1984 1197 2035 (adde
1226 1985 1355 2029 etiam,
1386 1984 1412 2021 fi
1442 1984 1551 2029 libet,
1581 1985 1750 2036 pernici-

362 2059 481 2088 tatem
514 2058 552 2087 et
585 2049 829 2087 velocitatem
846 2077 858 2094 ,
902 2049 949 2086 da
983 2049 1146 2094 divitias,
1187 2047 1350 2088 honores
1364 2078 1377 2094 ‚
1417 2050 1590 2102 imperia,
1634 2063 1724 2102 opes
1738 2078 1750 2093 ‚

362 2116 541 2168 gloriam)
574 2115 601 2152 fi
622 2114 801 2159 fueritis,
833 2115 901 2166 qui
933 2114 1014 2152 haec
1034 2114 1163 2159 habet,
1194 2115 1368 2166 injustus,
1398 2116 1668 2168 intemperans,
1699 2115 1750 2152 ti-

361 2181 507 2225 midus,
537 2179 667 2217 hebeti
701 2181 857 2232 ingenio
886 2189 1000 2232 atque
1026 2180 1160 2225 nullo;
1192 2181 1430 2219 dubitabisne
1459 2195 1549 2219 eum
1570 2181 1750 2218 miserum

363 2245 518 2284 dicere?
550 2245 689 2295 Qalia
720 2245 838 2297 igitur
865 2245 931 2283 ista
950 2245 1049 2283 bona
1068 2245 1168 2291 sunt,
1196 2260 1292 2298 quae,
1315 2247 1382 2299 qui
1404 2246 1553 2290 habeat,
1584 2246 1748 2283 miserri-

366 2324 453 2348 mus
473 2310 542 2348 effe
562 2310 703 2362 poffit?
735 2310 957 2356 Videamus,
988 2324 1049 2356 ne,
1081 2320 1124 2349 ut
1154 2324 1306 2350 acervus
1336 2326 1383 2350 ex
1403 2311 1457 2349 sui
1487 2312 1633 2363 generis
1662 2324 1749 2363 gra-

366 2376 441 2420 nis,
473 2375 521 2412 sic
543 2375 648 2412 beata
667 2375 744 2412 vita
763 2389 808 2414 ex
829 2376 884 2414 sui
905 2377 1090 2415 similibus
1111 2378 1295 2429 partibus,
1329 2377 1428 2415 effici
1448 2377 1593 2414 debeat.
1632 2376 1751 2428 Qod

364 2442 392 2480 fi
418 2442 470 2479 ita
489 2441 568 2485 est3
599 2453 645 2479 ex
665 2441 790 2487 bonis,
821 2456 903 2495 quae
923 2443 998 2480 sola
1017 2442 1170 2481 honesta
1190 2443 1288 2487 sunt,
1309 2441 1552 2479 efficiendum
1581 2441 1634 2479 est
1659 2441 1750 2479 bea-

365 2516 468 2545 tum.
513 2506 570 2543 Ea
596 2507 716 2544 mixta
734 2520 781 2545 ex
809 2507 1051 2546 diffimilibus
1069 2509 1096 2546 fi
1117 2516 1241 2552 erunt,
1272 2506 1473 2544 honestum
1493 2519 1540 2544 ex
1569 2506 1629 2544 his
1649 2507 1749 2544 effici

365 2571 464 2610 nihil
498 2572 651 2624 poterit.
701 2573 792 2623 Qo
825 2574 1004 2618 detracto,
1048 2572 1141 2624 quid
1179 2572 1320 2624 poterit
1358 2571 1516 2610 beatum
1548 2571 1713 2624 intelligi
1734 2571 1747 2607 ?
