2330 2983
795 297 1069 355 L113Eiz
1142 298 1505 338 PRIMUS.
1759 315 1835 354 405

505 399 636 450 Atque
664 395 745 435 haec
771 398 930 450 quidem
950 397 1079 444 vestra,
1110 398 1255 437 Lucili.
1292 398 1433 450 Qalia
1462 411 1552 437 vero
1588 398 1674 445 sint,
1705 400 1752 439 ab
1772 401 1836 440 ul·

450 463 547 501 timo
566 472 733 514 repetam
753 463 1004 515 superiorum.

504 527 648 566 Thales
675 528 781 566 enim
811 527 1000 572 Milefius,
1035 528 1103 579 qui
1133 528 1282 580 primus
1315 528 1362 565 de
1389 529 1528 568 talibus
1562 530 1673 569 rebus
1703 532 1838 583 quaefi-

449 593 517 636 vit,
537 605 676 644 aquam
696 592 795 630 dixit
810 592 880 630 effe
895 592 1052 630 initium
1072 605 1222 638 rerum;
1245 593 1378 631 Deum
1397 603 1525 632 autern
1545 607 1630 633 eam
1650 606 1838 642 mentem,

448 675 532 713 quae
565 674 612 699 ex
645 674 742 713 aqua
766 663 902 699 cuneta
921 660 1094 714 fingeret.
1135 662 1173 700 Si
1193 662 1262 700 Dii
1279 661 1431 715 poss‘unt
1457 662 1527 701 effe
1563 664 1638 702 fine
1669 664 1773 703 sensu
1802 676 1840 704 et

449 735 593 771 mente,
624 740 691 764 cur
721 740 826 780 aquae
847 727 1035 779 adjunxit,
1066 727 1092 765 fi
1124 727 1204 780 ipsa
1222 742 1330 767 mens
1350 728 1516 767 constare
1550 730 1672 782 potest
1705 744 1838 770 vacans

449 805 606 845 corpore
627 793 640 829 ?

509 858 787 896 Anaximandri
802 866 931 896 autem
947 859 1078 912 opinio
1093 858 1158 904 est,
1186 859 1332 898 nativos
1351 860 1422 899 effe
1442 862 1561 905 Deos,
1582 861 1706 914 longis
1720 862 1843 900 inter-

450 924 558 963 vallis
586 925 764 969 orientes,
795 925 1100 977 occidentesque,
1127 925 1264 978 eosque
1288 926 1588 965 innumerabiles
1620 927 1690 966 esse
1721 941 1840 965 mun-

450 989 530 1027 dos.
565 990 637 1027 Sed
653 1003 721 1027 nos
739 991 883 1034 Deum,
901 990 969 1028 nis1
990 990 1281 1044 sempiternum,
1297 992 1512 1044 intelligere
1532 993 1599 1045 qui
1614 992 1809 1045 poffumus
1825 994 1839 1030 ?

503 1054 594 1091 Post
612 1055 872 1092 Anaximenes
902 1067 985 1092 aera
1010 1056 1141 1094 Deum
1161 1056 1304 1101 statuit,
1342 1070 1511 1108 eumque
1540 1058 1663 1109 gigni,
1694 1057 1843 1109 effeque

450 1118 703 1164 immensum,
737 1128 776 1156 et
794 1119 1008 1164 infinitum,
1028 1129 1066 1157 et
1084 1120 1231 1173 semper
1247 1122 1288 1158 in
1309 1129 1419 1159 motu
1438 1136 1448 1159 ε
1479 1122 1582 1173 quasi
1603 1131 1667 1159 aut
1687 1135 1747 1159 aer
1765 1122 1842 1160 fine

449 1187 528 1224 ulla
557 1186 683 1225 forma
712 1189 820 1226 Deus
849 1187 920 1226 effe
938 1188 1063 1240 poffit,
1094 1202 1186 1226 cum
1212 1189 1419 1242 praesertim
1445 1191 1576 1228 Deum
1611 1204 1688 1228 non
1723 1191 1850 1229 modo*

448 1252 588 1304 aliqua,
609 1253 671 1291 sed
689 1252 960 1306 pulcherrima,
983 1253 1104 1307 specie
1125 1254 1194 1292 effe
1210 1255 1339 1293 deceat
1359 1273 1377 1300 3-
1403 1265 1467 1293 aut
1487 1270 1565 1294 non
1585 1270 1714 1301 omne,
1736 1257 1848 1309 quod.

448 1327 579 1356 ortum
599 1318 658 1362 fit,
687 1319 896 1356 mortalitas
917 1319 1184 1370 consequatur.

504 1383 577 1421 XI.
609 1383 703 1420 Inde
722 1384 979 1436 Anaxagoras,
1002 1385 1070 1436 qui
1091 1384 1237 1437 accepit
1256 1385 1303 1423 ab
1319 1385 1561 1424 Anaximene
1580 1386 1840 1439 disciplinam,

449 1448 597 1501 primus
628 1449 809 1486 omnium
835 1463 962 1487 rerum
993 1449 1286 1502 descriptionem
1306 1460 1343 1488 et
1362 1451 1526 1490 modum
1546 1453 1686 1490 mentis
1707 1452 1845 1490 infini-

451 1523 498 1551 tae
517 1514 568 1558 vi,
602 1527 644 1552 ac
664 1514 809 1552 ratione
829 1515 1025 1567 defignari,
1057 1524 1095 1553 et
1115 1514 1255 1554 confici
1280 1516 1402 1554 voluit
1418 1534 1430 1561 ;
1461 1517 1502 1554 in
1529 1530 1607 1568 quo
1627 1530 1705 1555 non
1729 1518 1841 1562 vidit,

451 1592 577 1630 neque
609 1589 762 1617 motum
783 1579 902 1617 sensui
919 1580 1100 1630 junctum
1129 1589 1167 1617 et
1195 1580 1459 1618 continentem
1480 1582 1519 1618 in
1547 1581 1701 1620 infinito
1721 1582 1842 1620 ullam

450 1643 521 1682 effe
548 1644 649 1696 poffe
665 1663 678 1689 3
713 1657 837 1696 neque
869 1643 1018 1682 sensum
1049 1644 1226 1689 omnino,
1261 1658 1339 1697 quo
1370 1659 1447 1683 non
1468 1646 1545 1698 ipsa
1574 1656 1707 1685 natura
1735 1647 1841 1700 pulsa

451 1709 618 1747 sentiret.
651 1709 815 1754 Deinde,
843 1709 869 1747 fi
899 1718 1072 1747 mentem
1092 1709 1201 1748 istam
1221 1710 1324 1761 quasi
1341 1711 1482 1748 animal
1503 1711 1660 1762 aliquod
1680 1711 1751 1749 effe
1770 1726 1840 1750 vo-

453 1773 540 1818 luit,
563 1773 635 1811 erit
655 1773 802 1826 aliquid
822 1774 997 1819 interius,
1015 1787 1061 1812 ex
1082 1788 1159 1826 quo
1179 1774 1277 1811 illud
1296 1774 1440 1812 animal
1461 1776 1698 1814 nominetur.
1731 1776 1842 1828 Qid

449 1848 578 1876 autem
612 1838 771 1876 interius
802 1839 963 1877 mente?
1000 1838 1187 1891 Cingatur
1206 1838 1326 1891 igitur
1344 1852 1501 1891 corpore
1519 1849 1688 1879 externo.
1723 1841 1840 1892 Qod

451 1904 636 1956 quoniam
652 1916 730 1941 non
750 1904 875 1955 placet
890 1922 902 1949 3
924 1913 1049 1956 aperta
1069 1904 1306 1957 fimplexque
1323 1918 1446 1950 mens,
1468 1905 1573 1943 nulla
1592 1919 1630 1943 re
1649 1906 1839 1958 adjuncta,

450 1982 535 2020 quae
565 1967 702 2006 sentire
732 1968 857 2021 possit,
901 1967 1032 2021 fugere
1077 1969 1341 2022 intelligentiae
1369 1970 1501 2008 nostrae
1538 1971 1619 2009 vim
1652 1981 1689 2009 et
1710 1972 1839 2010 notio-

451 2046 541 2072 nem
572 2033 734 2072 videtur.

507 2099 748 2137 Crotoniates
768 2108 895 2137 autem
917 2099 1104 2145 Alcmaeo,
1122 2100 1189 2151 qui
1208 2100 1289 2145 soli,
1307 2109 1343 2138 et
1359 2100 1474 2146 lunae,
1496 2101 1725 2154 reliquisque
1745 2102 1839 2140 fide-

453 2164 574 2208 ribus,
604 2165 810 2216 animoque
844 2173 1033 2217 praeterea,
1064 2165 1305 2203 divinitatem
1339 2165 1456 2211 dedit,
1500 2180 1578 2205 non
1616 2167 1737 2213 senfit,
1770 2167 1841 2206 sese

452 2229 676 2266 mortalibus
698 2230 808 2267 rebus
830 2230 1158 2268 immortalitatem
1180 2230 1280 2269 dare.

507 2294 611 2331 Nam
635 2293 881 2346 Pythagoras,
917 2295 984 2346 qui
1015 2295 1175 2339 censuit,
1205 2296 1381 2334 animum
1400 2296 1470 2334 effe
1495 2311 1562 2349 per
1581 2307 1753 2335 naturam
1778 2310 1837 2335 re-

454 2372 539 2396 rum
559 2372 716 2396 omnem
737 2359 929 2397 intentum
947 2369 985 2397 et
1004 2371 1300 2406 commeantem,
1323 2375 1369 2399 ex
1386 2376 1464 2414 quo
1483 2362 1595 2401 nostri
1616 2363 1733 2400 animi
1754 2375 1838 2400 car-

454 2433 644 2476 perentur,
674 2438 752 2462 non
779 2425 875 2462 vidit
900 2425 1136 2463 distractione
1162 2425 1420 2465 humanorum
1441 2428 1657 2465 animorum
1679 2427 1839 2480 discerpi

453 2497 491 2526 et
520 2488 670 2526 lacerari
700 2490 831 2527 Deum
849 2504 861 2527 τ
886 2499 924 2528 et
949 2503 1040 2529 cum
1061 2491 1187 2529 miseri
1213 2492 1332 2529 animi
1359 2490 1486 2536 effent,
1517 2492 1621 2543 quod
1651 2491 1838 2544 plerisque

454 2554 706 2607 contingeret,
729 2563 814 2593 tum
839 2556 915 2593 Dei
935 2566 1079 2608 partem
1100 2557 1171 2594 effe
1187 2556 1360 2595 miseram
1377 2574 1388 2600 ;
1418 2557 1522 2609 quod
1550 2557 1630 2595 fieri
1657 2571 1733 2595 non
1765 2571 1839 2610 po-

454 2619 535 2660 test.
581 2622 662 2659 Cur
694 2631 820 2661 autem
846 2622 1058 2675 quidquam
1092 2622 1280 2675 ignoraret
1306 2623 1456 2661 animus
1487 2621 1672 2670 hominis,
1703 2624 1729 2662 si
1749 2623 1840 2662 effet
