2330 2983
724 276 998 316 LrssER
1056 275 1414 315 PRIMUS.
1705 289 1780 329 273

391 375 550 429 aliisque
579 374 767 428 pluribus.
813 374 992 412 Primum
1022 374 1150 426 Argiae
1180 372 1379 411 sacerdotis
1411 371 1568 411 Cleobis
1597 382 1634 410 et
1666 372 1781 411 Biton

392 441 464 480 filii
483 440 747 493 praedicantur.
779 439 886 477 Nota
903 437 1034 476 fabula
1052 438 1117 476 est.
1160 439 1264 476 Cum
1285 438 1390 476 enim
1420 438 1528 475 illam
1548 438 1594 476 ad
1616 438 1784 476 solemne

392 515 431 544 et
449 505 588 543 statum
618 503 848 542 sacrificium
867 516 982 540 curru
1011 500 1100 540 vehi
1120 502 1185 552 jus
1215 501 1317 546 effer,
1349 502 1434 540 satis
1464 502 1579 554 longe
1598 504 1644 541 ab
1667 505 1782 556 oppi-

392 570 442 613 do
461 570 508 609 ad
539 569 690 615 fanum,
725 577 1039 620 morarenturque
1063 568 1242 619 jumenta
1253 585 1265 611 ς
1303 575 1396 605 tunc
1425 567 1581 618 juvenes
1615 568 1656 612 ii,
1687 583 1784 620 quos

392 636 511 675 modo
531 635 741 680 nominavi,
771 634 869 672 veste
887 633 1020 687 posita,
1047 646 1206 685 corpora
1225 632 1310 670 oleo
1329 642 1590 685 perunxerunt
1606 652 1619 678 ς
1651 634 1695 671 ad
1716 635 1784 686 ju-

391 714 488 754 gum
507 701 750 740 accesserunt.
796 701 854 739 Ita
873 699 1040 738 sacerdos
1061 699 1213 737 advecta
1231 699 1271 736 in
1290 697 1441 743 fanum,
1462 712 1555 736 cum
1574 712 1705 738 currus
1726 700 1785 737 es-

394 766 448 805 set
467 767 603 811 ductus
625 780 646 805 a
663 766 769 811 filiis,
797 775 948 819 precata
967 779 988 803 a
1016 765 1085 803 dea
1104 765 1257 809 dicitur,
1288 774 1331 802 ut
1356 764 1433 803 illis
1459 765 1664 816 praemium
1683 764 1787 804 daret

392 845 463 885 pro
483 833 635 885 pietate,
656 832 761 884 quod
781 831 998 870 maximum
1013 829 1167 869 homini
1185 830 1264 868 dari
1281 829 1401 883 posset
1420 843 1441 868 a
1457 831 1566 869 Deo:
1589 829 1672 882 post
1689 843 1786 883 epu-

393 897 489 936 latos
510 911 602 936 cum
621 907 743 942 matre
772 896 1037 942 adolescentes,
1067 895 1201 935 somno
1231 895 1268 934 se
1297 895 1447 941 dedisse„
1478 909 1589 934 mane
1611 896 1786 936 inventos

394 962 465 1002 effe
484 972 672 1007 mortuos.

450 1027 576 1070 Simili
609 1026 836 1080 praecatione
867 1025 1119 1079 Trophonius
1158 1035 1196 1065 et
1233 1026 1448 1078 Agamedes
1492 1026 1545 1064 ufi
1583 1026 1787 1065 dicuntur:

395 1092 478 1145 qui,
510 1105 603 1131 cum
622 1092 800 1145 Apollini
830 1091 996 1144 Delphis
1017 1092 1211 1144 templum
1237 1090 1575 1136 exaedificavifl'ent,
1606 1104 1789 1129 veneran-

394 1167 451 1196 tes
472 1159 617 1203 Deum,
639 1158 832 1210 petierunt
850 1157 1069 1195 mercedem
1088 1170 1167 1194 non
1186 1169 1341 1209 parvam
1357 1156 1517 1208 quidem
1536 1157 1658 1209 operis
1679 1166 1717 1195 et
1732 1157 1788 1194 la-

397 1221 500 1261 boris
521 1222 591 1267 sui,
621 1220 721 1260 nihil
741 1222 849 1266 certi,
880 1221 942 1259 sed
962 1220 1066 1273 quod
1085 1220 1174 1259 effet
1195 1220 1393 1273 optimum
1417 1219 1584 1258 homini.
1634 1221 1790 1272 Qibus

396 1288 543 1340 Apollo
567 1288 602 1326 se
621 1288 661 1326 id
691 1288 872 1326 daturum
891 1287 1055 1325 ostendit
1083 1287 1167 1338 post
1185 1286 1266 1338 ejus
1286 1286 1360 1323 diei
1380 1286 1486 1324 diem
1507 1285 1662 1324 tertium
1677 1304 1689 1330 ;
1721 1287 1790 1338 qui

396 1363 441 1392 ut
459 1354 605 1399 illuxit,
625 1354 770 1392 mortui
789 1353 876 1392 sunt
895 1353 1046 1405 reperti.
1077 1351 1305 1402 Judicaviffe
1325 1352 1456 1390 Deum
1476 1351 1624 1395 dicunt,
1644 1361 1682 1389 et
1700 1364 1792 1389 eum

398 1419 559 1470 quidem
589 1420 735 1465 Deum,
769 1418 832 1456 cui
864 1418 1001 1470 reliqui
1022 1417 1091 1456 Dii
1110 1416 1382 1463 concessissent,
1413 1426 1456 1455 ut
1475 1425 1609 1470 praeter
1637 1426 1791 1456 caeteros

397 1484 597 1523 divinaret.

425 1549 599 1589 Affertur
627 1549 744 1587 etiam
774 1549 821 1586 de
851 1549 979 1587 Sileno
1010 1547 1147 1594 fabella
1178 1547 1380 1600 quaedam;
1412 1547 1480 1600 qui
1509 1560 1602 1585 curn
1628 1559 1649 1584 a
1680 1547 1794 1586 Mida

398 1623 532 1668 captus
551 1614 654 1661 esset,
685 1613 760 1653 hoc
781 1614 816 1652 ei
836 1615 1005 1652 muneris
1025 1627 1094 1667 pro
1124 1613 1188 1651 sua
1214 1613 1388 1651 miffione
1417 1613 1555 1651 dedifl‘e
1585 1613 1762 1651 scribitur
1776 1631 1790 1659 3

399 1680 566 1720 docuiffe
598 1693 742 1733 regem,
772 1695 840 1719 non
874 1681 974 1734 'usti
1002 1680 1135 1719 homini
1160 1681 1259 1732 longe
1289 1680 1458 1732 optimum
1484 1678 1565 1732 ‘ffi'3
1589 1680 1793 1732 proximum

397 1755 529 1791 autem,
560 1746 818 1800 quamprimum
850 1746 952 1785 mori.
995 1747 1084 1798 Qa
1103 1744 1155 1783 est
1175 1745 1358 1783 sententia
1377 1745 1418 1782 in
1439 1743 1676 1797 Cresphonte
1704 1744 1791 1783 usus

398 1812 603 1865 Euripides
620 1830 632 1856 ;

535 1878 638 1916 Nam
656 1890 716 1914 nos
733 1876 875 1915 decebat
893 1886 985 1916 ccetu
1003 1876 1215 1914 celebrantes
1230 1874 1365 1914 domum

536 1943 698 1994 Lugere,
719 1942 783 1981 ubi
798 1942 874 1995 fft
893 1942 1019 1995 aliquis
1037 1942 1074 1980 in
1092 1942 1201 1980 lucem
1216 1940 1343 1986 editus,

537 2009 722 2046 Humanae
739 2008 831 2046 vitae
849 2007 960 2046 varia
978 2016 1184 2059 reputantes
1202 2007 1296 2044 mala
1307 2021 1322 2045 .-

536 2073 610 2117 At‚
639 2073 705 2126 qui
719 2072 854 2112 labores
871 2072 1122 2126 martefingffl’t
1135 2086 1285 2126 graves,

537 2140 650 2178 Hunc
665 2153 777 2178 omnes
795 2139 921 2178 amicos
939 2138 1039 2177 laude
1057 2148 1092 2177 et
1108 2139 1239 2177 laetitia
1257 2137 1390 2191 exequi.

404 2203 538 2242 Simile
568 2203 754 2255 quiddam
786 2204 838 2241 est
867 2205 906 2242 in
937 2203 1192 2242 consolatione
1221 2203 1440 2240 Crantoris:
1472 2202 1525 2240 ait
1554 2202 1658 2240 enim
1680 2202 1794 2240 Teri-

404 2282 531 2307 naeum
562 2269 753 2320 quendam
786 2269 974 2321 Elysium,
1005 2283 1097 2308 cum
1116 2270 1280 2322 graviter
1305 2269 1377 2307 filii
1406 2278 1570 2307 mortem
1602 2277 1791 2311 moereret,

404 2333 540 2371 veniffe
559 2334 600 2371 in
620 2332 976 2385 Psychomantium,
998 2345 1233 2387 quaerentem
1253 2349 1336 2387 quae
1356 2334 1482 2373 fuisset
1502 2343 1613 2372 tantae
1636 2333 1794 2370 calami-

406 2399 492 2441 tatis
512 2399 647 2438 causa:
678 2398 769 2438 huic
789 2402 828 2439 in
850 2401 998 2440 tabellis
1019 2411 1092 2439 tres
1113 2399 1335 2453 hujusmodi
1354 2401 1555 2439 verficulos
1574 2399 1694 2445 datos,

539 2465 686 2518 Ignaris
705 2464 854 2505 homines
871 2468 909 2506 in
929 2468 1011 2506 vita
1029 2466 1201 2505 mentibus
1219 2475 1347 2505 errant
1361 2483 1376 2505 .-

543 2531 752 2584 Eutlynous
764 2534 910 2585 potitur
914 2534 1087 2585 satorum
1104 2547 1258 2577 munere,
1288 2533 1392 2571 letho.

543 2598 603 2636 Sic
607 2598 693 2650 fist?
712 2599 834 2639 utilius
837 2599 953 2651 finiri
967 2600 1106 2653 ipsique,
1133 2598 1277 2652 tibique.

488 2664 528 2702 T
542 2677 566 2702 0
582 2676 634 2704 M.
666 2664 719 2705 11.
1387 2663 1436 2702 M
1459 2676 1500 2701 m
