2330 2983
655 300 929 340 LIBER
987 300 1419 352 QUARTUS.
1661 313 1731 352 341

347 400 488 439 habent
523 401 689 453 primam
734 401 911 452 speciem,
957 410 1000 438 ut
1037 401 1305 445 misericordia,
1349 401 1548 453 aegritudo,
1594 410 1734 439 metus.

347 466 628 518 AEgrotationes
659 474 787 503 autern
817 465 1021 516 morbique
1039 466 1258 502 animorum
1279 466 1476 503 difficilius
1505 465 1616 503 evelli
1636 465 1738 518 poffe

346 539 542 583 putantur,
573 543 691 581 quam
711 530 860 568 summa
878 529 945 567 illa
964 529 1068 574 vitia,
1099 543 1184 581 quae
1203 529 1409 567 virtutibus
1430 531 1516 567 sunt
1536 531 1736 569 contraria.

347 596 500 634 Morbis
521 596 626 633 enim
647 595 908 639 manentibus,
940 595 1032 632 vitia
1052 595 1194 632 sublata
1211 594 1282 632 effe
1298 595 1464 647 possunt,
1493 596 1583 647 quia
1602 595 1643 633 hi
1662 610 1738 634 non

346 670 425 699 tam
445 661 619 699 celeriter
638 660 827 706 sanantur,
849 674 965 713 quam
986 661 1052 698 illa
1071 661 1275 699 tolluntur.

401 728 533 765 Habes
553 740 594 765 ea
624 741 708 779 quae
729 727 775 765 de
795 727 1144 779 perturbationibus
1164 726 1361 764 enucleate
1380 727 1574 779 disputant
1594 727 1736 772 Stoici;

345 807 429 845 quae
466 794 589 845 logica
621 794 829 845 appellant,
867 793 957 845 quia
989 793 1216 831 differuntur
1250 793 1442 833 subtilius.
1502 794 1563 831 Ex
1595 793 1739 845 quibus

346 859 531 910 quoniam
563 867 745 910 tanquam
775 872 795 895 e
816 858 995 910 scrupofis
1016 858 1168 896 cotibus
1189 858 1401 910 enavigavit
1420 858 1554 903 oratio,
1587 858 1741 911 reliquae

345 923 611 976 disputationis
631 924 784 961 cursum
807 932 1003 961 teneamus
1020 942 1032 968 ς
1064 923 1181 961 modo
1201 923 1285 961 satis
1306 923 1371 960 illa
1401 923 1569 961 dilucide
1594 924 1739 962 dixeri-

346 1002 432 1027 mus
452 1003 522 1042 pro
541 1002 668 1026 rerum
688 988 929 1026 obscuritate.
973 990 1200 1026 AumToR.
1224 988 1379 1026 Prorsus
1399 989 1508 1026 satis:
1539 989 1600 1027 sed
1620 989 1646 1027 sl
1667 1003 1742 1042 qua

346 1053 568 1105 diligentius
588 1062 700 1091 erunt
719 1052 995 1105 cognoscenda,
1027 1066 1239 1105 quaeremus
1265 1053 1354 1090 alias
1373 1067 1381 1090 :
1414 1066 1518 1090 nunc
1537 1053 1633 1098 vela,
1656 1067 1743 1105 quae

345 1120 463 1157 modo
482 1120 647 1164 dicebas,
669 1121 913 1171 expectamus
933 1127 971 1156 et
990 1118 1158 1156 cursum.

399 1185 490 1223 XV.
523 1186 736 1223 MARCUS.
770 1184 937 1236 Qando
967 1192 1005 1221 et
1024 1184 1107 1222 aliis
1139 1184 1232 1222 locis
1260 1184 1305 1222 de
1324 1184 1467 1222 virtute
1487 1184 1671 1230 diximus,
1703 1193 1743 1223 et

345 1249 439 1303 saepe
470 1250 678 1288 dicendum
705 1250 789 1294 erit,
823 1249 1029 1301 (pleraeque
1051 1249 1157 1286 enim
1178 1249 1415 1300 quaestiones,
1446 1263 1530 1301 quae
1549 1249 1595 1287 ad
1621 1250 1742 1288 vitam

346 1315 545 1367 moresque
578 1314 786 1367 pertinent,
822 1328 843 1351 a
873 1314 1025 1352 virtutis
1055 1313 1161 1352 fonte
1195 1314 1406 1366 ducuntur)
1439 1314 1591 1366 quando
1621 1315 1742 1367 igitur

346 1381 465 1419 virtus
486 1380 538 1418 est
557 1380 705 1418 affectio
725 1380 844 1418 animi
864 1380 1049 1424 constans,
1080 1380 1398 1431 conveniensque,
1426 1380 1633 1418 laudabiles
1654 1380 1741 1418 effi-

346 1447 450 1484 ciens
470 1459 546 1491 eos,
569 1446 608 1483 in
629 1446 768 1498 quibus
789 1444 855 1490 est,
887 1455 923 1483 et
943 1445 1021 1498 ipsa
1040 1458 1106 1498 per
1125 1445 1172 1489 se,
1194 1445 1258 1483 sua
1276 1445 1422 1498 sponte,
1443 1445 1605 1499 separata
1624 1446 1742 1484 etiam

348 1512 525 1557 utilitate,
546 1511 766 1555 laudabilis;
790 1525 836 1549 ex
857 1525 898 1549 ea
918 1510 1212 1563 proficiscuntur
1226 1510 1390 1548 honestae
1405 1511 1633 1555 voluntates,
1655 1510 1740 1549 sen-

345 1579 488 1622 tentiae,
524 1578 701 1621 aetiones‚
734 1575 936 1628 omnisque
971 1577 1069 1613 recta
1101 1576 1196 1613 ratio
1216 1591 1224 1614 :
1263 1589 1484 1628 quanquam
1511 1577 1588 1628 ipsa
1621 1576 1742 1614 virtus

346 1643 559 1681 breviffime
579 1643 677 1680 reeta
696 1642 790 1679 ratio
810 1641 888 1678 dici
908 1641 1042 1693 potest.
1094 1641 1224 1693 Hujus
1245 1642 1363 1693 igitur
1382 1641 1534 1680 virtutis
1554 1642 1743 1679 contraria

344 1708 397 1746 est
430 1708 624 1752 vitiositas,
658 1708 725 1759 (fic
759 1708 864 1745 enim
895 1706 1012 1751 malo,
1044 1720 1160 1758 quam
1187 1707 1391 1751 malitiam,
1419 1707 1606 1759 appellare
1639 1720 1738 1752 eam,

344 1787 462 1826 quam
501 1773 629 1811 Graeci
677 1770 802 1808 κακίαν
849 1771 1065 1825 appellant3
1111 1785 1200 1809 nam
1231 1771 1378 1809 malitia
1408 1772 1503 1809 certi
1543 1772 1742 1823 cujusdam

343 1840 430 1878 vitii
450 1852 590 1878 nomen
611 1838 663 1876 est
680 1856 691 1882 3
723 1838 903 1875 vitiofitas
935 1837 1133 1888 omnium)
1166 1851 1213 1875 ex
1233 1850 1308 1890 qua
1326 1838 1568 1876 concitantur
1587 1846 1739 1890 pertur-

345 1905 529 1950 bationes,
561 1918 644 1956 quae
665 1902 764 1948 sunt,
796 1913 838 1941 ut
868 1904 982 1956 paulo
1013 1912 1098 1940 ante
1125 1903 1310 1948 diximus,
1342 1903 1486 1941 turbidi
1520 1905 1740 1942 animorum

344 1971 603 2022 concitatique
623 1979 767 2013 motus,
788 1969 900 2006 averfi
921 1982 941 2006 a
961 1969 1117 2013 ratione,
1135 1978 1173 2006 et
1190 1968 1442 2006 inimiciffimi
1461 1969 1616 2013 mentis,
1630 1969 1739 2006 vitae-

344 2049 419 2088 que
441 2034 655 2087 tranquillae
670 2052 683 2079 ς
714 2034 925 2086 important
943 2035 1049 2072 enim
1070 2034 1311 2086 aegritudines
1343 2035 1471 2072 anxias
1502 2044 1615 2086 atque
1635 2047 1738 2072 acer-

345 2101 430 2147 bas,¹
446 2100 669 2153 animosque
687 2098 878 2152 affligunt,
907 2108 945 2137 et
965 2099 1168 2138 debilitant
1187 2108 1308 2137 metu.
1355 2100 1479 2137 Iidem
1499 2099 1741 2138 inflammant

343 2167 577 2220 appetitione
593 2166 714 2204 nlmia
729 2184 740 2211 5
773 2178 890 2217 quam
911 2174 998 2203 tum
1017 2166 1285 2218 cupiditatem,
1310 2174 1394 2203 tum
1415 2165 1619 2204 libidinem
1640 2165 1738 2203 dici-

346 2246 448 2278 mus,
479 2231 751 2285 impotentiam
775 2231 968 2283 quandam
994 2231 1129 2276 animi,
1160 2245 1180 2269 a
1210 2232 1460 2284 temperantia
1493 2241 1529 2269 et
1564 2231 1738 2269 modera-

346 2299 449 2336 tione
468 2298 685 2350 plurimum
705 2297 956 2335 diffidentem.
989 2296 1085 2347 Qae
1105 2297 1131 2335 fi
1152 2297 1304 2349 quando
1327 2284 1460 2349 adepta
1479 2297 1531 2334 est
1559 2296 1612 2340 id,
1634 2296 1739 2347 quod

346 2364 381 2401 ei
402 2363 517 2401 fuerit
537 2363 803 2415 concupitum,
835 2371 921 2401 tum
941 2361 1015 2400 fert
1033 2363 1280 2407 alacritatem,
1309 2372 1351 2400 ut
1370 2361 1468 2400 nihil
1490 2361 1556 2413 ipfi
1577 2361 1737 2405 constet,

347 2429 451 2482 quod
470 2438 555 2481 agat
569 2446 581 2473 3
604 2438 648 2466 ut
666 2428 744 2474 ille,
766 2428 834 2481 qui
854 2428 1091 2481 voluptatem
1110 2428 1231 2466 animi
1251 2428 1427 2471 nimiam,
1450 2427 1647 2464 summum
1668 2425 1739 2463 effe

346 2507 513 2532 errorem
533 2493 746 2534 arbitratur.
796 2494 945 2532 Eorum
965 2493 1083 2545 igitur
1100 2493 1292 2531 malorum
1311 2492 1351 2530 in
1369 2504 1442 2529 una
1461 2491 1601 2528 virtute
1621 2489 1738 2543 posita

347 2559 488 2599 sanatio
507 2559 573 2599 est.
