2330 2983
618 289 944 330 LIBER
1020 287 1438 328 PRIMUS.
1677 292 1728 344 85

387 388 497 440 Qid
517 388 602 432 tibi,
633 388 831 438 Torquate
848 386 861 422 ?
892 385 986 438 quid
1005 384 1098 424 huic
1125 386 1278 424 Triario
1297 386 1429 432 literae‚
1451 386 1546 440 quid
1566 387 1729 427 historiae

331 455 581 507 cognitioque
601 466 743 496 rerum,
775 451 870 504 quid
890 460 1089 503 poetarum
1109 451 1292 496 evolutio,
1320 453 1414 504 quid
1435 462 1537 491 tanta
1557 463 1614 492 tot
1642 468 1727 493 ver-

331 519 445 558 suum
465 519 650 558 memoria
670 518 876 570 voluptatis
897 515 1006 554 affert
1023 517 1036 554 ?
1078 517 1167 555 Nec
1186 516 1288 556 mihi
1313 518 1413 555 illud
1432 518 1570 559 dixeris
1587 538 1598 564 ;
1630 521 1728 559 Haec

330 586 437 624 enim
457 585 535 638 ipsa
550 583 650 623 mihi
669 583 756 621 sunt
774 582 963 635 voluptati
976 601 988 626 5
1009 590 1048 619 et
1066 591 1172 620 erant
1187 581 1252 620 illa
1267 584 1488 635 Torquatis.
1511 585 1727 637 Nunquam

330 650 408 690 hoc
427 651 481 689 ita
499 649 671 689 defendit
690 649 882 702 Epicurus
901 663 910 686 ε
942 661 1065 700 neque
1083 661 1171 686 vero
1191 658 1249 694 tu,
1271 657 1336 686 aut
1356 649 1559 701 quisquam
1578 663 1727 694 eorum,

331 717 402 769 qui
431 726 496 755 aut
514 716 657 769 saperet
675 714 835 767 aliq-uid,
865 725 929 752 aut
960 713 1027 752 ista
1045 714 1249 752 didiciffet.
1306 715 1373 759 Et,
1408 715 1513 767 quod
1546 717 1730 768 quaeritur

331 782 442 835 saepe,
462 795 531 820 cur
551 792 630 820 tam
650 780 768 820 multi
786 780 873 819 sunt
893 779 1089 832 Epicurei,
1111 779 1198 819 sunt
1217 780 1298 818 aliae
1318 794 1474 833 quoque
1493 781 1633 820 causae:
1667 782 1729 820 sed

331 848 627 887 multitudinem
656 846 732 885 hoc
762 846 931 885 maxime
951 845 1089 890 allicit,
1117 845 1224 898 quod
1252 846 1306 884 ita
1334 855 1443 899 putat
1469 847 1547 885 dici
1577 847 1623 885 ab
1644 848 1732 892 illo,

332 915 431 951 reita
449 923 487 951 et
506 913 661 952 honesta
680 926 764 963 quae
785 911 870 956 sint,
905 924 947 948 ea
966 909 1087 949 facere
1116 911 1194 964 ipsa
1223 924 1290 964 per
1319 911 1355 950 se
1374 912 1562 957 laetitiam‚
1592 913 1631 951 id
1660 914 1727 958 est,

331 979 585 1031 voluptatem.
632 978 827 1016 Homines
857 977 998 1029 optimi
1032 990 1110 1015 non
1142 977 1369 1029 intelligunt
1399 986 1520 1016 totam
1541 979 1728 1017 rationem

328 1046 463 1089 everti,
485 1044 511 1082 fi
531 1044 583 1082 ita
602 1044 636 1081 se
655 1056 712 1081 res
731 1042 882 1081 habeat.
914 1042 1021 1080 Nam
1042 1043 1067 1081 fi
1090 1041 1375 1088 concederetur,
1396 1044 1512 1081 etiam
1530 1043 1555 1082 fi
1573 1044 1620 1081 ad
1639 1058 1727 1083 cor-

330 1124 401 1163 pus
421 1110 521 1151 nihil
541 1109 734 1154 referatur,
765 1109 833 1147 ista
852 1108 915 1146 sua
934 1108 1066 1160 sponte
1085 1118 1123 1146 et
1142 1122 1208 1162 per
1228 1109 1263 1146 se
1282 1109 1353 1147 effe
1378 1110 1550 1162 jucunda
1562 1129 1573 1154 ;
1605 1125 1672 1163 per
1691 1111 1727 1150 se

329 1175 418 1214 effet
437 1185 475 1215 et
493 1176 629 1221 virtus,
662 1184 702 1213 et
719 1174 893 1227 cognitio
913 1187 1056 1219 rerum,
1088 1174 1192 1226 quod
1212 1174 1376 1213 minime
1395 1175 1461 1213 ille
1481 1175 1577 1220 vult,
1609 1189 1727 1229 expe-

331 1242 457 1281 tenda.
488 1243 586 1281 Haee
605 1242 726 1294 igitur
745 1239 910 1293 Epicuri·
927 1253 1003 1278 non
1020 1241 1157 1293 probo,
1188 1241 1362 1293 inquam.
1395 1242 1457 1280 De
1477 1251 1624 1287 caetero,
1647 1243 1728 1281 vel·

330 1308 409 1346 lem
423 1308 603 1360 equidem
619 1316 684 1345 aut
703 1307 781 1359 ipse
797 1306 979 1345 doctrinis
998 1305 1125 1344 fuiffet
1144 1306 1374 1352 instrud'tior,
1397 1307 1467 1359 (est
1486 1308 1606 1354 enim,
1623 1309 1729 1361 quod

331 1373 386 1411 ita
405 1373 478 1411 tibi
497 1373 619 1412 videri
647 1372 791 1413 neceffe
821 1371 888 1417 est,
918 1384 997 1409 non
1029 1371 1114 1409 satis
1135 1372 1278 1425 politus
1299 1373 1345 1410 iis
1365 1373 1524 1417 artibus,
1546 1387 1638 1425 quas
1659 1375 1728 1428 qui

332 1447 464 1476 tenent
479 1438 618 1476 eruditi
633 1437 889 1491 appellantur)
906 1445 970 1474 aut
983 1450 1029 1474 ne
1045 1437 1280 1475 deterruiffet
1296 1438 1388 1476 alios
1401 1451 1421 1475 a
1432 1438 1569 1477 studio.
1589 1440 1727 1492 Qan-

332 1517 449 1556 quam
471 1513 506 1541 te
525 1503 684 1555 quidem
705 1501 814 1540 video
832 1502 997 1540 minime
1015 1502 1085 1540 effe
1103 1502 1343 1541 deterritum.

379 1569 491 1607 VIII.
513 1568 610 1618 Qae
629 1581 721 1606 cum
736 1566 924 1612 dixiffem,
946 1567 1068 1620 magiS
1084 1576 1128 1605 ut
1145 1566 1261 1605 illum
1272 1581 1532 1620 provocarem,
1552 1583 1669 1622 quarn
1686 1579 1728 1609 ut

331 1633 409 1687 ipse
427 1634 616 1685 loquerer,
638 1642 726 1671 tum
745 1632 917 1671 Triarius
938 1632 1074 1670 leniter
1093 1633 1273 1678 arridens,
1295 1635 1362 1672 Tu
1382 1634 1555 1687 quidem,
1582 1636 1726 1688 inquit,

331 1709 458 1744 totum
478 1700 696 1752 Epicurum
716 1712 812 1752 pene
831 1712 851 1736 e
866 1697 1187 1752 philosophorum
1205 1699 1325 1738 choro
1341 1700 1532 1739 sustulisti.
1565 1702 1672 1753 Qid
1692 1703 1734 1740 ei*

329 1765 530 1817 reliquisti,
562 1765 630 1803 nifi
650 1774 702 1810 te,
730 1778 889 1817 quoquo
909 1765 1024 1802 modo
1040 1765 1274 1817 loqueretur,
1302 1766 1528 1818 intelligere,
1550 1767 1644 1819 quid
1664 1768 1724 1806 di-

329 1832 461 1869 ceret?
491 1831 630 1869 Aliena
645 1831 742 1869 dicit
761 1831 800 1868 in
821 1829 999 1883 physicis,
1031 1844 1100 1868 nec
1120 1845 1161 1868 ea
1190 1831 1280 1883 ipsa,
1312 1845 1396 1883 quae
1417 1832 1488 1869 tibi
1518 1833 1725 1884 probaren-

329 1907 405 1936 tur.
437 1897 476 1935 Si
496 1911 572 1949 qua
590 1897 631 1934 in
650 1895 711 1935 his
731 1897 918 1949 corrigere
938 1897 1073 1941 voluit,
1090 1897 1276 1935 deteriora
1293 1897 1400 1936 fecit.
1432 1898 1645 1937 Differendi
1664 1913 1730 1938 ar·

330 1972 409 2001 tem
428 1963 577 2001 nullam
595 1961 745 2000 habuit.
795 1962 1049 2014 Voluptatem
1068 1976 1160 2000 cum
1180 1963 1380 2001 summum
1401 1964 1548 2002 bonum
1569 1965 1724 2011 diceret,

329 2027 501 2082 primurn
531 2028 572 2066 in
602 2042 647 2066 eo
667 2027 748 2080 ipso
774 2041 909 2080 parum
930 2028 1052 2073 vidit;
1084 2029 1220 2066 deinde
1247 2027 1322 2067 hoc
1342 2043 1497 2082 quoque
1524 2031 1722 2071 alienum:

330 2108 418 2134 nam
431 2093 516 2133 ante
532 2094 764 2147 Aristippus,
778 2103 816 2132 et
836 2094 902 2132 ille
915 2095 1069 2134 melius.
1092 2095 1286 2133 Addidisti
1301 2096 1346 2133 ad
1358 2105 1591 2142 extremum,
1608 2098 1734 2136 etiam

328 2161 529 2200 indoctum
549 2160 672 2198 fuiffe.

385 2227 502 2272 Fieri,
533 2227 708 2278 inquam,
739 2226 763 2264 ὂ
794 2227 935 2271 Triari,
967 2226 1075 2264 nullo
1105 2228 1215 2279 paeto
1248 2227 1382 2279 potest,
1424 2238 1466 2266 ut
1500 2242 1576 2267 non
1607 2229 1724 2274 dicas,

328 2292 423 2344 quid
443 2306 518 2331 non
538 2292 675 2345 probes
695 2293 790 2344 ejus,
820 2306 840 2330 a
860 2307 938 2344 quo
958 2292 1160 2331 dissentias.
1204 2294 1312 2345 Qid
1330 2294 1435 2332 enim
1456 2308 1519 2332 me
1538 2294 1722 2347 prohibe-

329 2359 643 2411 ret-Epicureum
662 2358 746 2403 effe,
777 2358 804 2396 fi
837 2359 1037 2411 probarem
1057 2372 1141 2410 quae
1173 2359 1238 2397 ille
1258 2359 1427 2397 diceret?
1457 2374 1548 2398 cum
1569 2361 1721 2412 praeser-

330 2426 402 2462 tim
423 2424 488 2462 illa
507 2424 713 2476 perdiscere
742 2424 856 2463 ludus
886 2424 986 2462 effet.
1030 2425 1297 2476 Qamobrem
1317 2425 1603 2463 diffententium
1623 2427 1722 2464 inter

329 2490 363 2528 se
383 2488 685 2543 reprehensiones
705 2503 782 2528 non
801 2490 886 2528 sunt
905 2490 1175 2543 vituperandae.
1211 2490 1432 2536 Maledieta‚
1460 2492 1720 2538 contumeliae,

328 2565 414 2594 tum
448 2555 664 2600 iracundiae,
699 2557 976 2601 contentiones,
1013 2555 1387 2607 concertationesque
1421 2557 1461 2595 in
1493 2557 1721 2611 disputando

328 2621 551 2675 pertinace5‚
574 2621 740 2675 indignae
760 2619 859 2660 mihi
879 2619 1123 2675 philosophia
1140 2621 1259 2660 videri
1275 2621 1409 2661 solent.
