2330 2983
548 189 599 230 88
963 185 1067 224 DE
1153 184 1536 225 FINIBUS

546 300 624 326 non
647 285 870 339 provident;
894 283 1086 336 similique
1104 281 1191 321 sunt
1211 282 1251 320 in
1267 283 1393 336 culpa,
1416 283 1484 335 qui
1501 283 1628 323 officia
1647 283 1823 324 deserunt
1842 285 1948 325 mol—

547 353 630 394 litia
649 351 784 395 animi,
806 350 845 388 id
865 349 930 395 est,
961 348 1138 387 laborum
1158 357 1196 386 et
1215 348 1395 387 dolorum
1411 347 1517 402 fuga.
1556 351 1610 388 Et
1629 345 1767 390 harum
1787 351 1947 404 quidem

547 431 674 456 rerum
709 416 832 454 facilis
863 415 916 453 est
945 424 984 452 et
1013 413 1190 468 expedita
1221 413 1442 453 distinctio:
1485 428 1576 454 nam
1606 416 1730 456 libero
1760 426 1949 471 tempore,

547 498 641 522 cum
661 483 769 521 solita
802 482 913 520 nobis
933 481 986 519 est
1005 477 1175 533 eligendi
1192 482 1312 534 optio,
1347 494 1518 534 cumque
1538 481 1638 521 nihil
1657 483 1838 537 impedit,
1869 497 1948 537 quo

549 550 678 588 minus
713 549 767 593 id,
803 547 908 600 quod
940 547 1113 585 maxime>
1140 546 1300 600 placeat,
1334 545 1456 584 facere
1486 548 1685 600 poffimus,
1715 550 1849 590 omnis,
1875 563 1947 589 vo-

547 616 674 669 luptas
694 613 911 653 affumenda
928 613 994 658 est,
1016 614 1143 651 omnis
1163 613 1274 652 dolor
1294 613 1556 666 depellendus.
1589 615 1851 669 Temporibus
1878 630 1947 654 au-

548 692 628 721 tem
650 680 891 734 quibusdam,
924 689 962 718 et
992 690 1056 718 aut
1075 680 1213 718 officiis
1234 680 1388 724 debitis,
1417 689 1484 718 aut
1514 694 1641 720 rerum
1670 681 1949 722 neceffitatibus

550 749 643 801 saepe
662 747 822 791 eveniet,
854 755 897 784 ut
916 755 954 784 et
987 745 1200 798 voluptates
1223 745 1463 798 repudiandae
1483 745 1569 791 fint,
1599 756 1637 784 et
1667 747 1847 786 molestiae
1873 761 1950 787 non

551 812 775 851 recusandae.
827 812 961 862 Itaque
979 823 1110 847 earum
1131 822 1259 847 rerum
1278 809 1345 848 hic
1366 818 1516 848 tenetur
1542 823 1563 848 a
1582 809 1748 864 sapiente
1767 811 1950 857 delectus,

552 888 595 917 ut
613 888 677 916 aut
693 876 906 929 rejiciendis
926 875 1190 928 voluptatibus
1210 877 1371 928 majores
1391 875 1480 913 alias
1496 875 1762 929 consequatur,
1783 885 1849 915 aut
1863 891 1950 931 per-

551 944 717 982 ferendis
739 942 935 980 doloribus
955 940 1154 993 asperiores
1174 941 1345 994 repellat.

609 1010 724 1048 Hanc
756 1022 827 1061 ego
857 1020 949 1045 cum
982 1015 1133 1044 teneam
1160 1006 1399 1052 sententiam,
1430 1007 1526 1059 quid
1545 1007 1612 1053 est,
1644 1021 1714 1046 cur
1732 1021 1872 1054 verear,
1904 1022 1950 1048 ne

552 1075 599 1114 ad
618 1089 703 1113 eam
734 1088 810 1113 non
844 1073 980 1126 poflim
1011 1073 1302 1111 accommodare
1328 1075 1547 1126 Torquatos
1582 1073 1755 1113 nostros?
1790 1088 1886 1128 quos
1908 1085 1951 1114 tu

553 1141 669 1194 paulo
698 1149 784 1178 ante
812 1153 905 1178 cum
926 1139 1163 1184 memoriter,
1194 1148 1280 1177 tum
1309 1139 1427 1177 etiam
1460 1152 1547 1192 erga
1573 1153 1641 1178 nos
1667 1140 1792 1179 amice
1824 1150 1863 1179 et
1882 1141 1951 1180 be-

555 1207 703 1251 nevole,
724 1205 926 1258 collegisti.
958 1205 1044 1244 Nec
1065 1218 1128 1242 me
1148 1213 1277 1243 tamen
1296 1205 1494 1243 laudandis
1515 1205 1723 1258 majoribus
1749 1207 1845 1245 meis
1865 1220 1952 1246 cor-

554 1273 703 1327 rupisti,
725 1286 795 1310 nec
816 1272 1025 1324 segniorem
1045 1272 1091 1309 ad
1111 1271 1418 1324 respondendum
1438 1272 1646 1311 reddidisti.
1670 1273 1852 1325 Qorum
1870 1273 1952 1312 fac-

555 1350 593 1378 ta
611 1339 956 1393 quemadmodum,
977 1337 1117 1390 quaeso,
1147 1338 1431 1390 interpretaris?
1463 1339 1613 1376 Siccine
1647 1352 1710 1377 eos
1740 1339 1866 1378 censes
1889 1349 1955 1378 aut

556 1407 595 1444 in
616 1415 806 1443 armatum
827 1403 973 1442 hostem
995 1404 1187 1456 impeturn
1206 1402 1345 1449 feciffe,
1380 1413 1446 1443 aut
1472 1404 1512 1442 in
1533 1404 1686 1450 liberos,
1717 1414 1782 1443 aut
1809 1405 1849 1444 in
1869 1404 1953 1443 san-

555 1472 715 1525 guinem
735 1471 845 1510 suum
867 1480 945 1508 tam
967 1469 1138 1508 crudeles
1159 1468 1280 1514 fuisse,
1312 1469 1411 1508 nihil
1441 1480 1484 1508 ut
1504 1470 1550 1508 de
1579 1471 1827 1517 utilitatibus,
1855 1470 1954 1510 nihil

556 1547 601 1576 ut
620 1537 666 1576 de
684 1536 902 1576 commodis
922 1535 1010 1580 suis,
1031 1536 1241 1588 cogitarent
1259 1536 1272 1573 ?
1304 1539 1358 1574 At
1371 1536 1410 1574 id
1431 1549 1478 1574 ne
1498 1534 1584 1574 ferae
1603 1534 1770 1594 :quidem
1790 1537 1954 1583 faciunt,

557 1613 601 1642 ut
627 1604 679 1642 ita
709 1612 833 1647 ruant,
865 1603 992 1654 itaque
1025 1602 1193 1647 turbent,
1225 1612 1281 1646 ut,
1312 1615 1442 1640 earum
1464 1611 1593 1641 motus
1613 1612 1651 1641 et
1677 1603 1844 1656 impetus
1878 1617 1957 1656 quo

558 1670 784 1724 pertineant,
815 1682 890 1706 non
913 1668 1187 1721 intelligamus.
1221 1670 1286 1707 Tu
1307 1678 1383 1706 tam
1405 1669 1576 1722 egregios
1603 1671 1702 1708 viros
1722 1670 1849 1708 censes
1871 1680 1955 1708 tan-

558 1747 614 1774 tas
636 1750 690 1774 res
711 1735 851 1788 gessisse
871 1734 946 1772 fine
965 1734 1102 1772 causa?
1134 1736 1232 1786 Qae
1253 1733 1368 1772 fuerit
1388 1734 1496 1773 causa
1516 1750 1607 1774 mox
1628 1736 1782 1774 videro:
1816 1737 1958 1774 interea

559 1802 634 1842 hoc
656 1802 816 1845 tenebo;
849 1801 875 1838 fi
895 1801 945 1838 ob
965 1800 1133 1853 aliquam
1153 1800 1302 1839 causam
1325 1801 1403 1846 ista,
1435 1814 1518 1853 qua:
1547 1802 1623 1840 fine
1643 1802 1762 1840 dubio
1783 1801 1959 1854 praeclara

560 1868 661 1912 sunt,
682 1865 1043 1910 fecerint,virtutem
1064 1864 1124 1904 his
1146 1865 1263 1919 ipsam
1284 1880 1351 1919 per
1371 1866 1405 1904 se
1424 1866 1573 1905 causam
1595 1880 1672 1905 non
1691 1865 1814 1905 fuiffe.
1850 1867 1958 1905 Tor-

558 1946 677 1986 quem
694 1931 857 1970 detraxit
872 1930 969 1969 hosti
985 1945 993 1968 :
1017 1939 1054 1968 et
1073 1931 1232 1983 quidem
1246 1931 1280 1969 se
1298 1932 1410 1976 texit,
1423 1945 1469 1969 ne
1490 1933 1671 1970 interiret.
1702 1933 1756 1970 At
1772 1945 1960 1985 magnum

562 1998 779 2052 periculum
796 1997 889 2035 adiit
906 2011 915 2035 ε
935 1997 974 2034 in
995 1997 1116 2034 ”culis
1136 1997 1295 2049 quidem
1310 1997 1512 2036 exercitos.
1537 1997 1645 2049 Qid
1660 2011 1707 2036 ex
1720 2010 1764 2036 eo
1776 1997 1960 2036 consecu-

562 2075 623 2104 tus
643 2064 722 2102 est?
753 2063 905 2101 laudem
926 2071 964 2100 et
983 2063 1205 2108 caritatem;
1237 2077 1321 2116 quae
1342 2062 1427 2101 sunt
1452 2064 1538 2102 vitae
1561 2063 1636 2102 fine
1656 2073 1763 2102 metu
1781 2063 1960 2116 degendae

563 2129 729 2184 praefidia
749 2128 973 2167 firmissima.
1023 2129 1170 2167 Filium
1192 2138 1315 2168 morte
1337 2129 1543 2168 multavit:
1576 2129 1602 2168 fi
1634 2129 1709 2168 fine
1729 2129 1850 2174 causa,
1875 2129 1961 2168 nol-

562 2197 641 2234 lem
663 2209 724 2234 me
743 2195 790 2233 ab
810 2208 854 2233 eo
874 2204 1017 2239 ortum,
1032 2203 1111 2233 tam
1132 2195 1369 2249 importuno,
1388 2205 1544 2248 tamque
1565 2195 1710 2234 crudeli
1729 2210 1738 2234 :
1759 2195 1812 2234 fin
1833 2205 1876 2234 ut
1888 2196 1960 2235 do—

564 2261 642 2300 lore
665 2261 729 2300 suo
749 2261 905 2300 sanciret
936 2261 1112 2299 militaris
1144 2262 1296 2315 imperii
1321 2261 1574 2315 disciplinam,
1607 2262 1899 2314 exercitumque
1922 2262 1962 2302 in

564 2327 780 2381 gravissimo
796 2326 897 2365 bello
910 2326 1241 2366 animadversionis
1262 2337 1368 2366 metu
1389 2329 1619 2373 contineret3
1644 2327 1751 2367 saluti
1768 2328 1962 2382 prospexit

563 2394 725 2439 civium,
747 2407 822 2446 qua
843 2393 1079 2447 intelligebat
1099 2394 1288 2432 contineri
1311 2394 1428 2433 snam.

628 2461 757 2512 Atque
779 2459 858 2498 hznc
891 2460 985 2498 ratio
1011 2460 1084 2498 late
1106 2469 1221 2513 patet.
1282 2461 1325 2499 ln
1359 2475 1437 2514 quo
1466 2461 1570 2500 enim
1600 2461 1769 2500 maxime
1799 2459 1960 2500 consue·

565 2526 622 2565 vit
645 2528 784 2580 jactare
805 2527 921 2566 vestra
941 2526 975 2566 sc
1001 2528 1134 2573 oratio,
1169 2528 1250 2581 (tua
1280 2528 1499 2582 praesertim,
1530 2528 1598 2582 qui
1618 2528 1778 2568 studiose
1804 2528 1962 2581 antiqua
