2330 2983
768 297 1045 340 LrssER
1108 295 1471 336 PRIMUS.
1743 309 1823 350 399

480 400 554 439 111.
585 400 678 450 Qa
707 397 866 451 quidem
896 398 937 436 in
958 396 1067 435 causa
1097 405 1135 435 et
1154 395 1359 435 benevolos
1379 396 1641 449 objurgatores
1659 395 1822 449 placare,

424 472 464 503 et
483 464 631 503 invidos
651 463 922 516 vituperatores
943 460 1142 500 confutare
1163 461 1375 513 poffumuS,
1394 470 1437 500 ut
1457 462 1594 500 alteros
1616 461 1822 515 reprehen-

425 529 516 569 diffe
545 529 744 582 poeniteat,
774 529 882 566 alteri
907 527 1076 566 didiciffe
1094 526 1131 564 se
1149 527 1351 579 gaudeant.
1394 528 1502 566 Nam
1521 528 1590 579 qui
1615 528 1825 568 admonent

424 596 562 640 amice,
592 594 756 633 docendi
776 593 887 638 sunt;
919 593 988 645 qui
1008 592 1167 630 inimice
1186 592 1430 638 insectantur,
1453 592 1676 645 repellendi.
1709 595 1824 632 Mul-

425 669 510 699 tum
531 668 660 698 autem
679 658 825 698 fluxiffe
855 658 967 696 video
997 658 1044 696 de
1064 658 1172 696 libris
1193 657 1342 703 nostris,
1373 671 1470 711 quos
1496 657 1715 711 complures
1736 659 1825 696 bre-

425 725 464 764 vi
497 734 673 778 tempore
702 724 910 769 edidimus,
942 723 1168 776 variumque
1199 723 1428 769 sermonem,
1459 723 1601 776 partim
1631 723 1826 762 admiran-

426 792 542 837 tium,
573 791 675 829 unde
705 790 781 829 hoc
802 789 1100 843 philosophandi
1120 790 1231 828 nobis
1262 790 1388 828 subito
1416 790 1587 829 studium
1617 789 1797 829 extitifl‘et
1812 807 1826 836 ,ς

428 859 584 911 partim,
616 858 712 910 quid
733 871 886 910 quaque
907 857 954 895 de
983 870 1023 895 re
1053 857 1146 895 certi
1171 856 1415 903 haberemus,
1446 857 1540 895 scire
1565 856 1827 910 cupientium.

426 923 572 962 Multis
591 925 709 962 etiam
729 923 818 961 senfi
840 923 1015 961 mirabile
1042 923 1176 969 videri,
1206 936 1292 961 eam
1325 923 1437 963 nobis
1466 923 1708 976 potifiimum
1736 936 1829 975 pro-

429 990 558 1028 batam
577 989 649 1028 effe
669 989 969 1043 philosophiam,
1002 1003 1089 1042 quae
1108 990 1239 1029 lucem
1265 990 1441 1044 eriperet,
1473 999 1510 1028 et
1541 989 1644 1043 quafi
1675 990 1832 1028 noctem

428 1055 622 1108 quandam
642 1056 754 1094 rebus
774 1055 1004 1100 offunderet,
1036 1055 1265 1108 desertaeque
1284 1056 1495 1109 disciplinae
1514 1064 1552 1094 et
1575 1056 1658 1107 jam
1677 1055 1831 1108 pridem

428 1121 568 1159 relictae
586 1121 849 1174 patrocinium
872 1121 1172 1174 nec-opinatum
1192 1135 1213 1159 a
1231 1122 1343 1160 nobis
1373 1121 1445 1159 effe
1464 1121 1697 1174 susceptum.
1743 1121 1832 1160 Nos

428 1196 557 1226 autem
577 1200 646 1225 nec
666 1187 794 1225 subito
808 1187 1000 1239 coepimus
1017 1185 1279 1239 philosophari
1294 1205 1307 1232 3
1330 1200 1401 1226 nec
1417 1187 1651 1226 mediocrem
1669 1200 1690 1224 a
1703 1187 1835 1240 primo

429 1262 604 1307 tempore
633 1254 752 1293 aetatis
783 1253 823 1292 in
856 1266 901 1291 eo
931 1252 1057 1291 studio
1085 1265 1241 1305 operam
1261 1265 1472 1306 curamque
1494 1252 1801 1306 consumpsimus
1815 1270 1831 1297 3

429 1329 481 1365 et,
518 1333 611 1358 curn
641 1320 806 1358 minime
838 1319 1078 1364 videbamur,
1122 1327 1210 1357 tum
1245 1319 1416 1357 maxime
1447 1317 1830 1372 philosophabamur.

432 1385 552 1437 Qod
585 1394 625 1423 et
657 1386 846 1424 orationes
880 1385 1096 1430 declarant,
1141 1383 1289 1423 refertae
1321 1383 1644 1438 philosophorum
1679 1383 1833 1422 senten-

434 1451 498 1489 tiis
514 1469 526 1496 ς
557 1459 596 1489 et
622 1450 926 1489 doctiffimorum
956 1449 1167 1488 hominum
1192 1449 1486 1496 familiaritates,
1517 1450 1658 1502 quibus
1685 1449 1836 1502 semper

433 1516 572 1554 domus
598 1515 722 1554 nostra
751 1515 911 1560 floruit3
943 1523 981 1553 et
1011 1515 1205 1568 principes
1236 1515 1311 1560 illi,
1342 1515 1552 1560 Diodotus,
1584 1513 1714 1559 Philo,
1744 1518 1834 1552 An-

432 1580 602 1626 tiochus,
634 1581 872 1625 Pofidonius,
913 1593 934 1618 a
962 1580 1104 1632 quibus
1140 1579 1306 1618 instituti
1336 1580 1483 1618 sumus.
1532 1581 1600 1624 Et,
1641 1579 1668 1617 fi
1702 1579 1837 1618 omnia

432 1644 688 1700 philosophiae
719 1653 907 1698 praecepta
939 1643 1158 1683 referuntur
1187 1644 1234 1682 ad
1260 1645 1394 1690 vitam,
1429 1644 1659 1683 arbitramur
1692 1658 1761 1684 nos
1795 1653 1836 1684 et

432 1712 601 1766 publicis
621 1720 661 1749 et
679 1711 835 1764 privatis
855 1711 898 1749 in
927 1710 1040 1753 rebus
1060 1723 1103 1750 ea
1122 1710 1340 1763 praestitiffe,
1375 1724 1460 1764 quae
1479 1711 1575 1749 ratio
1604 1719 1643 1749 et
1662 1710 1838 1749 doctrina

431 1776 712 1832 praescripserit.

487 1843 561 1882 IV.
594 1843 660 1882 Sin
679 1849 809 1880 autem
829 1841 915 1894 quis
937 1840 1114 1893 requirit,
1136 1853 1221 1893 quae
1240 1839 1349 1879 causa
1367 1853 1436 1879 nos
1456 1840 1670 1894 impulerit,
1689 1848 1734 1878 ut
1751 1839 1836 1879 haec

433 1918 515 1948 tam
534 1908 614 1946 sero
633 1907 753 1946 literis
774 1907 1058 1952 mandaremus,
1079 1904 1180 1945 nihil
1200 1907 1266 1952 est,
1301 1906 1408 1959 quod
1427 1907 1605 1959 expedire
1625 1916 1704 1945 tam
1722 1905 1838 1945 facile

435 1973 634 2027 poffimuS.
675 1972 798 2017 Nam,
825 1985 917 2011 cum
949 1973 1031 2011 otio
1059 1972 1342 2025 langueremus,
1366 1981 1404 2010 et
1437 1973 1469 2010 is
1498 1973 1588 2011 effet
1615 1972 1835 2025 reipublicae

435 2039 565 2084 status,
595 2048 640 2077 ut
669 2051 755 2076 eam
775 2038 890 2076 unius
910 2038 1068 2077 consilio
1087 2047 1202 2091 atque
1223 2052 1313 2077 cura
1337 2038 1543 2091 gubernari
1571 2038 1714 2077 neceffe
1733 2038 1835 2084 effet‚

435 2107 610 2161 primum
629 2105 746 2158 ipfius
775 2104 995 2158 reipublicae
1015 2104 1125 2143 caula⁴
1143 2104 1429 2158 philosophiam
1454 2105 1588 2143 nostris
1608 2104 1838 2143 hominibus

436 2171 704 2225 explicandam
737 2171 884 2223 putavi,
914 2171 1046 2223 magni
1076 2170 1296 2210 existimans
1327 2169 1498 2209 interesse
1527 2171 1573 2208 ad
1599 2170 1714 2208 decus
1734 2179 1772 2208 et
1791 2169 1839 2207 ad

436 2237 593 2275 laudem
612 2236 793 2280 civitatis,
824 2249 880 2273 res
901 2244 981 2274 tam
999 2249 1129 2288 graves
1149 2245 1307 2288 tamque
1335 2236 1529 2289 praeclaras
1551 2236 1699 2274 Latinis
1720 2236 1838 2273 etiam

419 2302 559 2341 .literis
579 2301 783 2340 contineri.
825 2301 962 2354 quue
992 2314 1054 2339 me
1075 2302 1205 2340 minus
1233 2301 1398 2340 instituti
1426 2302 1503 2340 mei
1523 2302 1699 2354 poenitet,
1731 2300 1839 2352 quod

439 2367 553 2407 facile
584 2367 717 2412 sentio,
748 2380 867 2419 quam
900 2366 1117 2406 multorum
1149 2381 1228 2406 non
1262 2367 1380 2406 modo
1411 2367 1592 2412 discendi,
1628 2366 1689 2403 sed
1720 2366 1839 2403 etiam

442 2431 646 2477 scribendi,
666 2432 786 2470 studia
803 2433 1099 2472 commoverim.
1139 2433 1370 2487 Complures
1390 2434 1495 2470 enim
1517 2431 1662 2469 Graecis
1683 2430 1839 2468 institu-

442 2498 613 2538 tionibus
642 2497 782 2536 eruditi
813 2512 870 2544 ea,
900 2512 986 2552 quae
1005 2499 1229 2545 didicerant,
1260 2512 1352 2537 cum
1382 2498 1529 2535 civibus
1550 2496 1624 2535 suis
1655 2510 1840 2535 commu-

443 2565 570 2604 nicare
599 2577 676 2602 non
696 2573 884 2617 poterant,
914 2565 1019 2617 quod
1052 2564 1132 2609 illa,
1163 2578 1248 2617 quae
1273 2578 1294 2602 a
1315 2564 1460 2601 Graecis
1491 2562 1730 2616 accepissent,
1760 2564 1839 2601 La-

443 2632 525 2671 tine
554 2631 632 2670 dici
660 2630 762 2684 poffe
794 2630 1026 2671 diffiderent.
1084 2631 1177 2684 Qo
1211 2631 1253 2670 in
1286 2642 1421 2685 genere
1456 2639 1609 2669 tantum
1641 2628 1843 2683 profeciffe
