2330 2983
646 207 920 246 LIBER
977 206 1475 247 SECUNDUS.
1682 213 1760 263 467

371 315 408 346 et
428 307 546 346 modo
566 308 761 362 accedens,
794 316 878 345 tum
898 316 1026 346 autem
1046 308 1236 353 recedens,
1267 308 1374 346 binas
1406 308 1447 346 in
1466 307 1622 360 singulis
1653 308 1760 346 annis

371 373 594 412 reversiones
614 359 661 411 ab
691 382 864 411 extremo
895 374 1096 412 contrarias
1116 372 1209 411 facit
1227 389 1236 411 ;
1268 387 1432 426 quarum
1455 373 1655 411 intervallo
1675 382 1759 411 tum

370 439 473 491 quasi
495 438 643 476 tristitia
662 439 825 490 quadam
845 437 1038 475 contrahit
1058 447 1209 482 terram,
1227 448 1312 476 tum
1333 439 1495 477 viciflim
1514 438 1695 483 laetificat,
1718 447 1761 476 ut

370 517 463 542 cum
482 504 575 541 caelo
593 503 751 542 hilarata
770 503 951 542 videatur.
1011 505 1122 542 Luna
1140 512 1283 547 autem,
1303 517 1387 555 quae
1407 505 1472 548 est,
1495 514 1537 542 ut
1557 505 1761 543 ostendunt

370 567 647 613 mathematici,
683 570 804 621 major
823 582 939 620 quam
961 567 1120 605 dimidia
1138 581 1221 620 pars
1242 577 1361 612 terrae,
1393 569 1527 607 iisdem
1547 570 1674 621 spatiis
1694 584 1759 608 va-

367 643 492 686 gatur,
523 634 663 687 quibus
685 634 761 671 sol:
794 633 856 672 sed
885 643 973 672 tum
993 633 1241 686 congrediens
1267 647 1360 671 cum
1391 633 1480 679 sole,
1516 642 1601 671 tum
1632 635 1759 687 digre-

369 699 491 746 diens,
525 709 563 738 et
592 713 676 738 eam
707 699 850 744 lucem,
886 713 1004 751 quam
1023 713 1044 736 a
1064 699 1138 737 sole
1158 700 1317 752 accepit,
1348 699 1472 738 mittit
1491 699 1531 737 in
1559 709 1687 745 terras,
1723 709 1760 737 et

368 765 486 803 varias
508 765 584 818 ipsa
604 765 835 804 mutationes
855 765 952 803 lucis
972 764 1110 803 habet:
1139 774 1253 817 atque
1272 765 1389 803 etiam
1410 773 1496 803 tum
1516 764 1682 816 subjecta
1701 774 1759 803 at-

368 842 444 881 que
464 830 634 882 opposita
645 829 714 869 soli
733 830 853 869 radios
874 831 954 882 ejus
970 838 1007 867 et
1022 830 1155 868 lumen
1171 829 1343 869 obscurat
1356 848 1368 875 3
1386 840 1472 869 tum
1489 830 1567 883 ipsa
1586 830 1760 869 incidens

369 894 411 932 in
432 895 610 933 umbram
631 904 749 941 terrae,
770 909 861 934 cum
881 895 932 934 est
951 909 971 934 e
990 895 1144 948 regione
1165 895 1265 941 solis,
1297 896 1520 949 interpositu
1538 897 1759 948 interjectu-

368 973 445 1012 que
465 969 583 1006 terrae,
600 970 752 1015 repente
771 961 916 1000 deficit.
938 961 1155 1015 Iisdemque
1175 962 1302 1015 spatiis
1321 961 1381 1001 hae
1401 962 1528 1007 stellae,
1543 976 1635 1014 quas
1651 975 1761 1014 vagas

368 1025 553 1071 dicimus,
587 1027 736 1065 circum
765 1037 903 1066 terram
923 1026 1112 1072 feruntur,
1133 1028 1346 1080 eodemque
1365 1027 1482 1066 modo
1501 1028 1692 1072 oriuntur,
1723 1035 1762 1064 et

368 1090 579 1130 occidunt:
611 1105 775 1143 quarum
795 1102 925 1131 motus
946 1101 1031 1131 tum
1050 1093 1273 1136 incitantur,
1295 1101 1380 1130 tum
1402 1092 1648 1136 retardantur,
1669 1091 1762 1143 saepe

367 1154 485 1193 etiam
508 1155 696 1194 infistunt.
742 1157 834 1207 QO
864 1156 1076 1208 spectaculo
1105 1155 1204 1194 nihil
1234 1155 1356 1208 potest
1386 1156 1647 1194 admirabilius
1677 1156 1761 1201 effe,

367 1219 469 1259 nihil
488 1220 703 1274 pulchrius.
747 1221 925 1274 Sequitur
944 1222 1137 1260 stellarum
1157 1221 1408 1260 inerrantium
1434 1223 1603 1261 maxima
1621 1224 1760 1262 multi-

368 1285 466 1324 tudo
480 1303 493 1331 3
524 1300 688 1338 quarum
707 1286 760 1324 ita
779 1286 964 1340 descripta
982 1286 1173 1325 distinctio
1191 1286 1258 1332 est,
1291 1295 1334 1326 ut
1353 1300 1400 1325 ex
1419 1295 1599 1326 notarum
1618 1288 1759 1342 figura-

369 1361 458 1389 rum
477 1351 726 1390 similitudine
745 1352 904 1391 nomina
922 1353 1149 1391 invenerint.

423 1416 536 1455 XLI.
567 1418 699 1470 Atque
727 1416 803 1456 hoc
826 1418 913 1457 loco
931 1431 996 1457 me
1015 1419 1184 1464 intuens,
1213 1419 1324 1464 Utar,
1358 1418 1499 1471 inquit,
1527 1419 1761 1460 carminibus

370 1482 494 1527 Arati,
528 1482 595 1528 eis,
631 1496 715 1535 quae
744 1496 766 1521 a
795 1492 833 1521 te
862 1483 1074 1522 admodum
1107 1483 1386 1522 adolescentulo
1416 1484 1592 1522 conversa
1621 1485 1673 1522 ita
1698 1498 1763 1524 me

370 1546 572 1593 delectant,
604 1548 694 1600 quia
722 1548 861 1587 Latina
889 1549 990 1594 sunt,
1020 1558 1065 1587 ut
1092 1549 1217 1587 multa
1235 1562 1283 1586 ex
1313 1549 1360 1587 iis
1380 1548 1567 1587 memoria
1595 1558 1760 1588 teneam.

370 1611 489 1664 Ergo,
525 1620 568 1650 ut
587 1611 708 1649 oculis
728 1610 866 1649 affidue
884 1610 1061 1650 videmus
1092 1612 1170 1650 fine
1189 1612 1267 1650 ulla
1285 1613 1513 1660 mutatione,
1548 1622 1612 1653 aut
1639 1617 1761 1655 varie-

369 1685 459 1724 tate,

507 1744 653 1783 Caetera
671 1743 845 1783 labuntur
862 1744 969 1783 celeri
982 1743 1127 1796 caelestia
1145 1753 1254 1788 motu,

508 1810 600 1847 Cum
618 1810 885 1863 caeloquefimul
897 1811 1086 1862 molesque,
1106 1808 1442 1862 dzesoueftruntur.

370 1875 552 1925 Qorum
572 1874 898 1927 contemplatione
927 1874 1071 1913 nullius
1101 1873 1245 1926 expleri
1274 1875 1396 1926 potest
1423 1875 1588 1921 animus,
1620 1884 1761 1916 natura·

369 1939 621 1978 constantiam
641 1939 768 1978 videre
788 1939 994 1993 cupientis.

506 2006 766 2058 Extremusque
782 2005 864 2044 adeo
883 2005 1015 2058 duplici
1029 2004 1069 2044 de
1087 2004 1231 2044 cardine
1249 2014 1377 2045 vertex

505 2071 664 2110 Dicitur
683 2070 742 2124 asse
751 2072 869 2124 polus.

371 2136 493 2175 Hunc
512 2137 660 2175 circum
679 2134 784 2190 ἇςκπι
804 2137 888 2175 duae
907 2136 1096 2182 feruntur,
1117 2149 1318 2189 nunquam
1336 2137 1567 2176 occidentes,

507 2202 570 2239 Ex
586 2201 640 2239 his
658 2202 775 2240 altera
791 2202 890 2255 apud
906 2203 1035 2242 Graios
1056 2203 1237 2255 Cynosura
1253 2211 1421 2248 vocatur,

507 2267 643 2306 Altera
661 2266 794 2306 dicitur
813 2267 871 2321 ‘ff'
889 2269 1024 2307 Helice.

374 2333 496 2384 Cujus
516 2333 675 2385 quidem
694 2333 910 2373 clariffimas
929 2334 1051 2373 stellas
1071 2334 1162 2374 totis
1182 2334 1359 2374 nostibus
1379 2333 1584 2378 cernimus,

509 2399 608 2450 Qus
627 2399 736 2453 nostri
736 2402 874 2454 septem
879 2401 985 2454 soliti
999 2401 1160 2441 vocitare
1179 2398 1337 2440 Triones.

374 2463 609 2517 Paribusque
628 2464 743 2506 stellis
763 2466 936 2507 similiter
954 2466 1138 2506 distinctis
1154 2465 1320 2505 eundem
1335 2464 1418 2503 caeli
1434 2464 1612 2504 verticem
1632 2463 1761 2504 lustrat

373 2542 484 2582 parva
504 2530 708 2582 Cynosura.

1275 2596 1316 2635 N
1336 2609 1361 2634 n
1381 2609 1406 2635 n
1439 2608 1461 2634 2
