2330 2983
626 257 676 298 26
940 258 1005 298 M.
1062 256 1696 298 T.CICERONIS

625 349 827 389 internosci
861 349 976 403 poffe,
1006 363 1084 396 eos,
1113 350 1386 389 consuetudine
1419 349 1604 396 adhibita,
1636 359 1716 389 tam
1750 349 1863 389 facile
1894 349 2016 389 inter-

624 415 879 460 nosceremus,
901 416 958 453 uti
979 429 1025 454 ne
1046 416 1258 455 minimum
1278 417 1436 469 quidem
1457 416 1596 455 similes
1615 416 1685 454 effe
1705 417 1923 455 viderentur
1940 417 1954 454 ἲ

679 481 774 526 Hic,
806 495 952 534 pugnes
982 482 1086 527 licet,
1117 496 1194 521 nou
1225 483 1473 536 repugnabo:
1516 483 1612 535 quin
1642 483 1759 521 etiam
1789 481 2016 528 concedam,

623 547 737 586 illum
765 547 1131 601 ipsumsapientem,
1163 549 1209 586 de
1229 563 1308 601 quo
1326 549 1452 587 omnis
1473 548 1537 587 hic
1567 549 1689 587 sermo
1707 549 1773 594 est,
1795 561 1887 587 cum
1906 549 1941 586 ei
1961 561 2018 588 res

624 612 764 652 slmiles
785 622 999 659 occurrant,
1027 627 1119 666 quas
1139 628 1216 652 non
1236 613 1371 653 habeat
1397 615 1605 659 denotatas,
1638 624 1878 653 retenturum
1897 613 2017 652 assen-

624 677 737 723 sum;
769 692 838 717 nec
869 693 1039 731 unquam
1075 680 1146 718 ulli
1177 679 1255 718 viso
1273 680 1517 725 assensurum,
1552 680 1620 718 nisi
1650 680 1755 733 quod
1786 679 1860 717 tale
1888 678 2023 724 fuerit,

623 743 736 795 quale
755 743 892 782 falsum
921 744 992 782 esse
1012 758 1090 783 non
1109 744 1233 798 poffit.
1287 745 1359 783 Sed
1378 745 1424 783 ad
1444 753 1594 783 caeteras
1614 758 1670 784 res
1690 745 1805 784 habet
1824 744 2019 798 quandam

624 817 758 854 artem,
779 822 854 861 qua
871 821 957 847 vera
972 823 993 848 a
1011 809 1110 848 falfis
1130 809 1241 862 poffit
1261 810 1489 862 distinguere
1500 828 1512 855 ς
1534 820 1574 849 et
1593 810 1639 848 ad
1652 810 1919 849 fimilitudines
1932 809 2018 848 istas

622 872 709 912 usus
728 873 967 912 adhibendus
986 874 1053 913 est.
1095 876 1153 913 Ut
1171 884 1292 913 mater
1310 875 1486 928 geminos
1505 875 1728 914 internoscit
1744 874 2022 914 consuetudine

621 939 825 979 oculorum
840 958 852 985 3
883 939 933 978 fic
953 949 995 978 tu
1014 941 1256 986 internosces,
1277 940 1304 979 fi
1324 939 1535 979 affueveris.
1590 941 1770 986 Videsne,
1796 950 1839 978 ut
1859 941 1899 979 in
1925 953 2019 993 pro-

622 1005 756 1043 verbio
787 1005 832 1043 fit
861 1018 1023 1044 ovorum
1054 1006 1154 1044 inter
1178 1005 1214 1044 se
1243 1005 1485 1044 similitudo?
1517 1014 1646 1044 tamen
1675 1005 1750 1045 hoc
1781 1005 2018 1058 accepimus,

621 1069 714 1109 Deli
734 1070 843 1110 fuiss‘e
861 1072 1080 1125 complures
1111 1071 1236 1123 (salvis
1258 1072 1370 1111 rebus
1397 1072 1492 1124 illis)
1529 1073 1596 1125 qui
1626 1073 1785 1125 gallinas
1811 1072 1908 1110 alere
1927 1084 2018 1124 per-

623 1137 764 1175 multas
784 1136 946 1190 quaestfis
976 1137 1083 1176 causa
1113 1138 1300 1177 solerent:
1332 1137 1486 1177 hicum
1506 1152 1624 1177 ovum
1645 1139 1897 1192 inspexerant,
1932 1149 2021 1190 quae

621 1201 662 1240 id
680 1203 822 1255 gallina
841 1203 1051 1256 peperisset,
1085 1204 1210 1242 dicere
1236 1203 1419 1242 solebant.
1470 1205 1610 1256 Neque
1630 1205 1670 1242 id
1688 1205 1740 1243 est
1767 1213 1898 1242 contra
1918 1216 1986 1241 nos
2005 1217 2019 1241 ι

621 1275 711 1301 nam
733 1264 843 1302 nobis
863 1263 948 1302 satis
977 1264 1030 1302 est
1048 1277 1119 1302 ova
1140 1264 1207 1302 illa
1225 1265 1488 1303 internoscere.
1547 1264 1661 1304 Nihil
1691 1265 1797 1303 enim
1818 1265 1940 1317 magis
1959 1263 2020 1302 as-

621 1327 750 1366 sentiri
770 1329 891 1381 potest
909 1327 985 1367 hoc
1005 1329 1102 1368 illud
1132 1329 1217 1374 effe,
1248 1343 1364 1382 quarn
1385 1331 1411 1368 fi
1432 1331 1531 1368 inter
1550 1331 1616 1368 illa
1643 1331 1806 1369 omnino
1825 1329 1925 1368 nihil
1954 1331 2019 1368 in-

620 1393 780 1432 tereffet.
812 1394 951 1433 Habeo
969 1395 1075 1432 enim
1095 1395 1281 1448 regulam,
1302 1404 1346 1433 ut
1366 1396 1454 1433 talia
1472 1395 1548 1433 visa
1566 1407 1652 1434 vera
1670 1396 1860 1448 judicem,
1891 1395 2021 1448 qualia

619 1458 709 1498 falsa
741 1459 813 1498 effe
844 1474 920 1499 non
941 1460 1092 1513 poffint.
1150 1461 1216 1499 Ab
1235 1459 1307 1498 hac
1337 1458 1436 1499 mihi
1465 1461 1655 1499 nonlicet
1681 1461 1947 1506 transversum,
1975 1469 2021 1499 ut

620 1526 741 1571 aiunt,
771 1526 940 1579 digitum
971 1525 1174 1572 discedere,
1204 1539 1252 1564 ne
1271 1525 1509 1565 confundam
1529 1527 1676 1566 omnia.
1733 1527 1825 1565 Veri
1849 1527 1954 1565 enim
1980 1534 2020 1565 et

620 1591 700 1630 falfi
722 1604 799 1631 non
820 1592 938 1631 modo
955 1592 1141 1645 cognitio,
1164 1592 1225 1630 sed
1244 1602 1282 1631 et
1302 1602 1433 1631 natura
1452 1593 1620 1638 tolletur,
1641 1593 1668 1632 fi
1687 1592 1787 1632 nihil
1807 1594 1893 1637 erit,
1914 1593 2022 1646 quod

621 1657 777 1696 interfit.
800 1659 857 1696 Ut
874 1658 989 1696 etiam
1008 1658 1106 1696 illud
1125 1658 1331 1697 absurdum
1351 1659 1409 1704 fit,
1423 1659 1529 1712 quod
1548 1659 1743 1698 interdum
1764 1659 1891 1698 soletis
1911 1659 2019 1697 dice-

620 1737 673 1769 re,
694 1737 786 1762 cum
813 1723 889 1762 visa
919 1724 958 1762 in
989 1724 1138 1763 animos
1168 1725 1457 1778 imprimantur,
1490 1739 1565 1764 non
1592 1739 1658 1764 vos
1686 1725 1727 1763 id
1751 1726 1890 1770 dicere,
1920 1726 2023 1764 inter

621 1789 716 1842 ipsas
750 1789 1009 1842 impreffiones
1038 1789 1137 1828 nihil
1163 1791 1349 1836 intereffe,
1380 1791 1442 1830 sed
1476 1792 1575 1830 inter
1607 1791 1747 1845 species
1777 1801 1816 1830 et
1835 1791 2019 1844 quasdam

620 1854 762 1894 formas
781 1869 929 1894 eorum.
962 1856 1078 1908 Qafi
1098 1869 1186 1895 vero
1206 1869 1282 1896 non
1300 1857 1423 1910 specie
1437 1857 1513 1895 visa
1526 1858 1751 1910 judicentur
1765 1876 1778 1903 ς
1801 1871 1886 1910 quae
1899 1857 2022 1896 fidem

620 1920 769 1959 nullam
788 1919 1002 1965 habebunt,
1026 1920 1170 1959 sublata
1188 1922 1269 1960 veri
1286 1931 1325 1960 et
1343 1921 1424 1960 falfi
1446 1931 1549 1961 nota.

676 1987 779 2025 Illud
800 2000 889 2025 vero
915 1987 1203 2039 perabsurdum,
1234 1987 1339 2041 quod
1359 1988 1487 2026 dicitis
1515 1989 1728 2042 probabilia
1756 2001 1822 2027 vos
1842 1988 1962 2041 sequi,
1993 1989 2022 2027 fi

622 2066 662 2092 re
682 2052 787 2091 nulla
806 2053 1086 2106 impediamini.
1119 2054 1312 2098 Primum,
1332 2055 1400 2107 qui
1415 2055 1568 2107 potestis
1590 2068 1664 2092 non
1683 2054 1876 2107 impediri,
1890 2068 1982 2093 cum
2000 2068 2023 2093 a

621 2119 718 2158 veris
739 2118 827 2158 falsa
848 2132 924 2157 non
946 2119 1084 2158 distent
1103 2120 1116 2156 ?
1154 2121 1320 2166 Deinde,
1346 2121 1451 2174 quod
1466 2121 1659 2174 judicium
1679 2121 1731 2159 est
1748 2121 1842 2166 veri,
1862 2134 1955 2160 cum
1976 2121 2021 2160 sit

621 2198 830 2225 commune
843 2185 921 2224 falfi
940 2186 952 2223 ?
984 2187 1045 2224 Ex
1065 2185 1125 2224 his
1145 2186 1212 2226 illa
1231 2187 1431 2226 necessario
1451 2197 1536 2226 nata
1547 2187 1600 2226 est
1614 2183 1729 2232 ὀποχῆ,
1752 2188 1790 2226 id
1810 2188 1877 2234 est,
1898 2188 2020 2226 ass'en-

621 2251 734 2290 fionis
755 2252 941 2295 retentio;
966 2252 1004 2289 in
1025 2265 1100 2304 qua
1116 2252 1254 2290 melius
1273 2253 1341 2291 fibi
1361 2253 1530 2291 constitit
1551 2253 1750 2299 Arcesilas,
1770 2253 1798 2291 si
1818 2267 1903 2291 vera
1919 2253 2021 2299 sunt,

621 2327 708 2368 quae
727 2316 774 2354 de
794 2316 987 2355 Carneade
1011 2318 1189 2355 nonnulli
1208 2318 1440 2357 existimant.
1478 2320 1516 2357 Si
1536 2320 1640 2357 enim
1662 2318 1806 2372 percipi
1829 2318 1925 2357 nihil
1948 2333 2022 2372 po-

623 2382 706 2427 test,
737 2382 842 2435 quod
862 2384 1015 2436 utrique
1035 2383 1158 2422 visum
1180 2384 1256 2429 τῆς
1289 2385 1481 2423 tollendus
1503 2384 1660 2423 ass‘cnsus
1681 2385 1747 2423 est.
1785 2385 1894 2437 Qid
1914 2386 2021 2424 enim

622 2448 674 2486 cst
697 2459 773 2486 tam
792 2447 917 2493 futile,
946 2462 1062 2501 quam
1084 2450 1298 2503 quidquam
1319 2451 1524 2504 approbare
1547 2465 1621 2490 non
1643 2440 1844 2504 cognitum
1864 2452 1877 2489 ?
1922 2453 2019 2491 Car-

625 2514 784 2552 neadem
805 2524 932 2553 autem
952 2516 1068 2553 etiam
1091 2514 1168 2554 heri
1196 2517 1458 2561 audiebamus,
1480 2517 1634 2556 solitum
1655 2518 1726 2556 effe
1745 2517 1871 2556 delabi
1899 2518 2018 2556 inter-

624 2580 735 2626 dum,
759 2589 801 2619 ut
821 2580 976 2628 diceret,
997 2581 1259 2635 opinaturum,
1282 2582 1320 2622 id
1340 2583 1405 2628 cst,
1428 2593 1678 2637 peccaturum
1697 2583 1770 2624 effe
1795 2583 2017 2637 sapientem.
