2330 2983
594 310 670 352 ¹74
1016 295 1123 334 DE
1181 293 1564 334 FINIBUS

590 395 756 448 corpori,
799 393 957 432 virtutes
995 407 1150 448 quoque
1190 394 1311 433 animi
1347 394 1459 433 bonis
1489 393 1658 448 corporis
1694 395 1990 447 anteponebant.

593 462 664 500 Sed
695 475 787 499 cum
816 460 1037 513 sapientiam
1059 461 1176 500 totius
1196 460 1367 499 hominis
1399 460 1595 499 custodem
1624 469 1663 500 et
1694 463 1993 514 procuratricem

589 528 662 567 esse
682 527 836 572 vellent,
868 541 953 579 quae
976 527 1065 565 effet
1094 537 1236 566 naturae
1255 540 1386 566 comes
1407 536 1445 565 et
1475 527 1667 579 adjutrix;
1700 526 1775 566 hoc
1806 528 1994 581 sapientiae

592 607 736 632 munus
754 592 827 631 effe
852 592 1045 638 dicebant,
1077 601 1120 631 ut
1149 607 1240 632 eum
1270 602 1453 638 tueretur,
1482 593 1550 645 qui
1581 593 1767 631 constaret
1797 607 1843 632 ex
1864 595 1995 632 animo

592 669 632 698 et
651 669 808 712 corpore
823 677 835 704 3
858 659 898 696 in
919 668 1082 711 utroque
1096 660 1246 711 juvaret
1262 672 1368 703 eum,
1385 667 1499 711 atque
1518 659 1745 697 contineret.
1775 660 1908 711 Atque
1928 660 1994 704 ita,

592 740 632 765 re
663 727 792 779 primo
822 725 1046 777 fimpliciter
1076 725 1286 769 collocata,
1323 724 1469 776 reliqua
1500 724 1678 762 subtilius
1714 725 1994 777 persequentes,

589 791 758 844 corporis
779 791 879 829 bona
898 789 1053 828 facilem
1067 790 1265 842 quandam
1287 789 1476 827 rationem
1501 787 1641 827 habere
1667 789 1883 827 censebant.
1934 791 1998 829 De

592 856 714 894 animi
735 856 846 893 bonis
877 855 1092 893 accuratius
1113 855 1397 908 exquirebant,
1429 855 1470 892 in
1501 854 1713 907 primisque
1743 855 1995 906 reperiebant,

593 923 635 960 in
655 920 714 959 his
736 920 848 959 inesse
871 921 1029 973 justitiae
1060 920 1229 959 semina:
1261 920 1457 973 primique
1482 933 1530 958 ex
1550 919 1734 958 omnibus
1755 918 1995 973 philosophis

592 1001 613 1026 a
645 996 778 1025 natura
806 987 1000 1025 tributum
1033 985 1105 1025 effe
1137 986 1366 1031 docuerunt,
1388 995 1432 1024 ut
1462 985 1505 1031 ii,
1526 986 1594 1038 qui
1614 986 1801 1039 procreati
1817 985 1946 1031 essent,
1977 999 1999 1025 a

595 1053 900 1108 procreatoribus
930 1062 1162 1098 amarentur,
1193 1062 1232 1092 et
1261 1053 1314 1099 id,
1345 1052 1450 1106 quod
1484 1061 1708 1105 temporum
1729 1052 1864 1091 ordine
1895 1053 1998 1091 anti-

593 1121 710 1172 quius
729 1119 795 1164 est,
827 1129 870 1157 ut
889 1120 1070 1172 conjugia
1088 1121 1258 1159 virorum
1292 1128 1330 1157 et
1351 1133 1516 1158 uxorum
1544 1119 1678 1156 natura
1700 1119 1906 1170 conjunEta
1926 1118 1996 1156 effe

590 1186 763 1226 dicerent
779 1205 790 1231 ;
821 1199 897 1238 qua
915 1199 962 1224 ex
982 1185 1094 1239 stirpe
1112 1186 1302 1224 orirentur
1328 1185 1509 1224 amicitiae
1529 1185 1824 1238 cognationum.
1866 1186 1999 1237 Atque

594 1251 642 1290 ab
663 1250 722 1289 his
743 1251 864 1289 initijs
883 1249 1060 1303 profecti,
1081 1251 1261 1289 omnium
1282 1251 1473 1289 virtutum
1493 1259 1530 1288 et
1549 1250 1743 1303 originem
1764 1259 1802 1288 et
1822 1249 1997 1303 progres-

595 1317 739 1356 fionem
769 1315 955 1369 persecuti
975 1316 1075 1354 sunt.
1113 1316 1176 1354 Ex
1195 1329 1274 1368 quo
1294 1316 1523 1369 magnitudo
1543 1329 1697 1368 quoque
1717 1316 1838 1353 animi
1855 1315 1996 1354 existe-

594 1383 673 1427 bat,
705 1395 781 1435 qua
798 1381 910 1420 facile
931 1381 1049 1435 posset
1083 1382 1286 1435 repugnari
1318 1381 1522 1434 obfistique
1542 1380 1720 1426 fortunae,
1744 1381 1849 1433 quod
1869 1382 1998 1420 maxi·

594 1462 668 1487 mae
688 1461 744 1487 res
764 1447 878 1486 efl'ent
899 1448 938 1485 in
959 1447 1140 1501 potestate
1160 1447 1350 1500 sapientis.
1388 1447 1599 1486 varietates
1619 1456 1748 1485 autem
1768 1447 1999 1500 injuriasque

595 1514 759 1554 fortunae
793 1513 904 1552 facile
934 1523 1106 1554 veterum
1128 1512 1451 1567 philosophorum
1481 1514 1682 1569 praeceptis
1717 1513 1890 1552 instituta
1921 1515 1999 1552 vita

594 1581 804 1635 superabat.

652 1648 858 1701 Principiis
884 1656 1011 1686 autem
1032 1661 1052 1685 a
1073 1656 1205 1686 natura
1225 1647 1336 1692 datis,
1367 1647 1644 1699 amplitudines
1664 1646 1842 1700 quaedam
1872 1647 1998 1686 bono·

595 1727 682 1754 rum
702 1714 980 1759 excitabantur,
1013 1715 1152 1767 partim
1173 1712 1350 1767 profect-„e
1380 1726 1402 1751 a
1420 1713 1747 1766 contemplatione
1767 1727 1896 1751 rerum
1929 1726 1999 1751 oc-

593 1781 821 1825 cultiorum,
838 1779 944 1832 quod
959 1788 1036 1817 erat
1053 1778 1185 1817 insitus
1201 1779 1325 1817 menti
1341 1779 1576 1831 cognitionis
1592 1792 1712 1824 amor,
1727 1793 1774 1817 ex
1790 1792 1869 1831 quo
1881 1779 2000 1818 etiam

595 1847 751 1885 rationis
765 1845 1014 1900 explicandae‚
1029 1845 1305 1898 disserendique
1320 1845 1509 1898 cupiditas
1526 1845 1852 1898 consequebatur:
1871 1846 1999 1898 quod·

593 1926 669 1965 que
689 1911 764 1951 hoc
779 1912 903 1951 solum
923 1911 1065 1949 animal
1087 1921 1220 1951 natum
1237 1911 1290 1949 est
1311 1911 1466 1964 pudoris
1486 1925 1528 1950 ac
1544 1911 1780 1950 verecundiae
1796 1912 1999 1965 particeps,

594 1978 850 2032 appetensque
869 1977 1183 2029 conjunctionem
1205 1976 1414 2015 hominum
1434 1991 1478 2015 ac
1500 1977 1740 2022 societatum,
1761 1977 2002 2015 animadver-

596 2044 753 2097 tensque
772 2045 813 2082 in
834 2043 1017 2081 omnibus
1039 2043 1166 2088 rebus,
1186 2057 1279 2095 quas
1299 2052 1423 2096 ageret
1443 2052 1506 2081 aut
1527 2044 1681 2088 diceret,
1705 2057 1750 2080 ne
1770 2043 1864 2095 quid
1889 2043 1935 2081 ab
1955 2057 2001 2082 eo

597 2110 717 2155 fieret,
753 2110 819 2148 nili
840 2109 993 2148 honeste
1012 2118 1049 2146 et
1081 2109 1239 2148 decore:
1272 2108 1332 2147 his
1355 2109 1489 2153 initiis,
1520 2118 1562 2147 ut
1582 2118 1667 2147 ante
1688 2109 1784 2153 dixi,
1813 2118 1998 2160 tanquam

596 2177 820 2221 seminibus,
838 2189 858 2214 a
874 2186 1006 2215 natura
1020 2176 1131 2220 datis,
1151 2176 1416 2229 temperantia,
1433 2175 1628 2220 modestia,
1645 2175 1806 2227 justitia,
1823 2184 1860 2213 et
1873 2176 2000 2213 omnis

596 2242 770 2283 honestas
787 2241 951 2296 perfecte
971 2242 1140 2280 absoluta
1159 2229 1225 2280 est.

654 2309 766 2347 VIII.
800 2309 946 2353 Habes,
978 2309 1152 2361 inquam,
1176 2310 1288 2354 Cato,
1319 2307 1487 2346 formam
1507 2322 1657 2353 eorum,
1689 2307 1735 2346 de
1764 2308 1907 2360 quibus
1939 2307 1999 2346 lo·

596 2389 709 2428 quor,
742 2373 1073 2429 philosophorum.
1116 2376 1205 2426 Qa
1235 2375 1414 2427 exposita,
1439 2374 1530 2412 scire
1549 2375 1679 2427 cupio,
1709 2388 1794 2426 quse
1814 2373 1921 2412 causa
1941 2373 1999 2417 sit,

598 2455 666 2478 cur
689 2441 797 2479 Zeno
814 2441 859 2479 ab
880 2439 950 2478 hac
971 2441 1127 2492 antiqua
1148 2441 1384 2478 institutione
1404 2439 1601 2478 desciverit
1622 2459 1630 2485 ς
1654 2440 1840 2493 quidnam
1858 2438 1997 2477 horum

597 2508 644 2545 ab
664 2522 708 2545 co
730 2522 804 2546 non
837 2508 880 2546 slt
910 2507 1128 2561 probatum.
1175 2507 1344 2559 Qiulnc
1364 2521 1522 2545 omnem
1553 2518 1725 2545 naturam
1752 2505 1999 2545 conservatri-

597 2587 682 2611 cem
708 2575 759 2612 sui
792 2575 956 2613 dixerint
977 2575 989 2611 ?
1020 2589 1065 2612 an
1087 2574 1191 2627 quod
1213 2588 1327 2612 omne
1347 2573 1485 2612 animal
1511 2574 1636 2633 ipsum
1658 2574 1724 2612 fibi
1745 2572 2000 2611 commenda·

599 2648 698 2685 tum,
722 2651 763 2680 ut
785 2641 816 2680 sc
837 2650 873 2680 ct
896 2641 1040 2680 salvum
1063 2642 1100 2680 in
1123 2640 1187 2679 suo
1208 2654 1342 2694 genere
1364 2640 1636 2694 incolumeque
1656 2639 1799 2679 vellet?
1825 2652 1885 2684 an,
1907 2650 1999 2676 cum
