<?xml version="1.0" encoding="UTF-8"?>
<!DOCTYPE html PUBLIC "-//W3C//DTD XHTML 1.0 Transitional//EN"
    "http://www.w3.org/TR/xhtml1/DTD/xhtml1-transitional.dtd">
<html xmlns="http://www.w3.org/1999/xhtml" xml:lang="en" lang="en">
 <head>
  <title>
</title>
<meta http-equiv="Content-Type" content="text/html;charset=utf-8" />
  <meta name='ocr-system' content='tesseract 3.04.00' />
  <meta name='ocr-capabilities' content='ocr_page ocr_carea ocr_par ocr_line ocrx_word'/>
</head>
<body>
  <div class='ocr_page' id='page_1' title='image "./operacumindicibu02ciceuoft_0466.png"; bbox 0 0 2330 2983; ppageno 0'>
   <div class='ocr_carea' id='block_1_1' title="bbox 604 320 1738 378">
    <p class='ocr_par' dir='ltr' id='par_1_1' title="bbox 604 320 1738 378">
     <span class='ocr_line' id='line_1_1' title="bbox 604 320 1738 378; baseline -0.003 -14"><span class='ocrx_word' id='word_1_1' title='bbox 604 324 682 378; x_wconf 83' lang='lat'>458</span> <span class='ocrx_word' id='word_1_2' title='bbox 866 322 959 361; x_wconf 92' lang='lat' dir='ltr'>DE</span> <span class='ocrx_word' id='word_1_3' title='bbox 1018 320 1343 360; x_wconf 91' lang='lat' dir='ltr'>NATURA</span> <span class='ocrx_word' id='word_1_4' title='bbox 1400 321 1738 361; x_wconf 88' lang='lat' dir='ltr'>DEORUM</span> 
     </span>
    </p>
   </div>
   <div class='ocr_carea' id='block_1_2' title="bbox 602 420 2005 1527">
    <p class='ocr_par' dir='ltr' id='par_1_2' title="bbox 602 420 2005 1527">
     <span class='ocr_line' id='line_1_2' title="bbox 602 420 1998 469; baseline 0 -7"><span class='ocrx_word' id='word_1_5' title='bbox 602 431 784 468; x_wconf 84' lang='lat' dir='ltr'>vexatus;</span> <span class='ocrx_word' id='word_1_6' title='bbox 815 434 858 460; x_wconf 89' lang='lat' dir='ltr'>ac</span> <span class='ocrx_word' id='word_1_7' title='bbox 877 421 1066 461; x_wconf 89' lang='lat' dir='ltr'>nimirum</span> <span class='ocrx_word' id='word_1_8' title='bbox 1081 421 1283 461; x_wconf 90' lang='lat' dir='ltr'>vobiscum</span> <span class='ocrx_word' id='word_1_9' title='bbox 1302 435 1419 461; x_wconf 90' lang='lat' dir='ltr'>omne</span> <span class='ocrx_word' id='word_1_10' title='bbox 1438 430 1633 461; x_wconf 86' lang='lat' dir='ltr'>certamen</span> <span class='ocrx_word' id='word_1_11' title='bbox 1652 421 1719 461; x_wconf 89' lang='lat' dir='ltr'>est.</span> <span class='ocrx_word' id='word_1_12' title='bbox 1750 420 1858 461; x_wconf 87' lang='lat' dir='ltr'>Nam</span> <span class='ocrx_word' id='word_1_13' title='bbox 1875 423 1998 469; x_wconf 80' lang='lat' dir='ltr'>vobis,</span> 
     </span>
     <span class='ocr_line' id='line_1_3' title="bbox 603 488 1998 542; baseline 0.001 -16"><span class='ocrx_word' id='word_1_14' title='bbox 603 488 744 534; x_wconf 90' lang='lat' dir='ltr'>Vellei,</span> <span class='ocrx_word' id='word_1_15' title='bbox 763 488 893 527; x_wconf 90' lang='lat' dir='ltr'>minus</span> <span class='ocrx_word' id='word_1_16' title='bbox 913 496 1053 527; x_wconf 90' lang='lat' dir='ltr'>notum</span> <span class='ocrx_word' id='word_1_17' title='bbox 1073 488 1139 534; x_wconf 89' lang='lat' dir='ltr'>est,</span> <span class='ocrx_word' id='word_1_18' title='bbox 1161 488 1495 542; x_wconf 86' lang='lat' dir='ltr'>quemadmodum</span> <span class='ocrx_word' id='word_1_19' title='bbox 1514 489 1687 542; x_wconf 90' lang='lat' dir='ltr'>quidque</span> <span class='ocrx_word' id='word_1_20' title='bbox 1704 488 1867 528; x_wconf 85' lang='lat' dir='ltr'>dicatur.</span> <span class='ocrx_word' id='word_1_21' title='bbox 1901 489 1998 527; x_wconf 85' lang='lat' dir='ltr'>Ves-</span> 
     </span>
     <span class='ocr_line' id='line_1_4' title="bbox 603 554 1999 608; baseline 0 -15"><span class='ocrx_word' id='word_1_22' title='bbox 603 563 662 593; x_wconf 90' lang='lat' dir='ltr'>tra</span> <span class='ocrx_word' id='word_1_23' title='bbox 679 555 787 593; x_wconf 80' lang='lat' dir='ltr'>enim</span> <span class='ocrx_word' id='word_1_24' title='bbox 804 554 929 594; x_wconf 90' lang='lat' dir='ltr'>solum</span> <span class='ocrx_word' id='word_1_25' title='bbox 959 554 1100 608; x_wconf 87' lang='lat' dir='ltr'>legitis,</span> <span class='ocrx_word' id='word_1_26' title='bbox 1135 555 1251 594; x_wconf 87' lang='lat' dir='ltr'>vestra</span> <span class='ocrx_word' id='word_1_27' title='bbox 1269 555 1403 594; x_wconf 87' lang='lat' dir='ltr'>amatis</span> <span class='ocrx_word' id='word_1_28' title='bbox 1419 573 1433 601; x_wconf 65' lang='grc' dir='ltr'><strong><em>ς</em></strong></span> <span class='ocrx_word' id='word_1_29' title='bbox 1463 564 1633 601; x_wconf 67' lang='lat' dir='ltr'>caeteros,</span> <span class='ocrx_word' id='word_1_30' title='bbox 1659 554 1769 594; x_wconf 60' lang='lat' dir='ltr'>caula</span> <span class='ocrx_word' id='word_1_31' title='bbox 1789 555 1999 608; x_wconf 66' lang='lat' dir='ltr'>incognita,</span> 
     </span>
     <span class='ocr_line' id='line_1_5' title="bbox 603 620 1999 674; baseline -0.001 -14"><span class='ocrx_word' id='word_1_32' title='bbox 603 620 883 660; x_wconf 84' lang='lat' dir='ltr'>condemnatis.</span> <span class='ocrx_word' id='word_1_33' title='bbox 916 620 1036 659; x_wconf 86' lang='lat' dir='ltr'>Velut</span> <span class='ocrx_word' id='word_1_34' title='bbox 1055 635 1076 660; x_wconf 92' lang='lat' dir='ltr'>a</span> <span class='ocrx_word' id='word_1_35' title='bbox 1095 630 1131 660; x_wconf 88' lang='lat' dir='ltr'>te</span> <span class='ocrx_word' id='word_1_36' title='bbox 1151 620 1246 674; x_wconf 91' lang='lat' dir='ltr'>ipso,</span> <span class='ocrx_word' id='word_1_37' title='bbox 1267 620 1439 661; x_wconf 90' lang='lat' dir='ltr'>hesterno</span> <span class='ocrx_word' id='word_1_38' title='bbox 1458 622 1534 667; x_wconf 86' lang='lat' dir='ltr'>die,</span> <span class='ocrx_word' id='word_1_39' title='bbox 1555 622 1702 661; x_wconf 58' lang='lat' dir='ltr'>dictum</span> <span class='ocrx_word' id='word_1_40' title='bbox 1722 622 1788 668; x_wconf 86' lang='lat' dir='ltr'>est,</span> <span class='ocrx_word' id='word_1_41' title='bbox 1806 635 1924 660; x_wconf 89' lang='lat' dir='ltr'>anum</span> <span class='ocrx_word' id='word_1_42' title='bbox 1940 620 1999 659; x_wconf 87' lang='lat' dir='ltr'>fa-</span> 
     </span>
     <span class='ocr_line' id='line_1_6' title="bbox 604 685 2002 741; baseline 0 -16"><span class='ocrx_word' id='word_1_43' title='bbox 604 687 766 726; x_wconf 85' lang='lat' dir='ltr'>tidicam</span> <span class='ocrx_word' id='word_1_44' title='bbox 788 685 939 741; x_wconf 68' lang='lat' dir='ltr'>wgo&#39;vomv</span> <span class='ocrx_word' id='word_1_45' title='bbox 968 700 990 725; x_wconf 89' lang='lat' dir='ltr'>a</span> <span class='ocrx_word' id='word_1_46' title='bbox 1010 688 1146 726; x_wconf 85' lang='lat' dir='ltr'>Stoicis</span> <span class='ocrx_word' id='word_1_47' title='bbox 1166 688 1313 733; x_wconf 91' lang='lat' dir='ltr'>induci,</span> <span class='ocrx_word' id='word_1_48' title='bbox 1337 688 1378 726; x_wconf 91' lang='lat' dir='ltr'>id</span> <span class='ocrx_word' id='word_1_49' title='bbox 1396 688 1462 734; x_wconf 89' lang='lat' dir='ltr'>est,</span> <span class='ocrx_word' id='word_1_50' title='bbox 1485 688 1766 741; x_wconf 82' lang='lat' dir='ltr'>providentiam.</span> <span class='ocrx_word' id='word_1_51' title='bbox 1812 687 1931 740; x_wconf 85' lang='lat' dir='ltr'>Qod</span> <span class='ocrx_word' id='word_1_52' title='bbox 1955 700 2002 725; x_wconf 89' lang='lat' dir='ltr'>eo</span> 
     </span>
     <span class='ocr_line' id='line_1_7' title="bbox 605 752 2001 806; baseline -0.001 -14"><span class='ocrx_word' id='word_1_53' title='bbox 605 766 728 792; x_wconf 88' lang='lat' dir='ltr'>errore</span> <span class='ocrx_word' id='word_1_54' title='bbox 760 752 904 797; x_wconf 85' lang='lat' dir='ltr'>dixisti,</span> <span class='ocrx_word' id='word_1_55' title='bbox 934 753 1025 805; x_wconf 91' lang='lat' dir='ltr'>quia</span> <span class='ocrx_word' id='word_1_56' title='bbox 1057 753 1247 792; x_wconf 86' lang='lat' dir='ltr'>existimas</span> <span class='ocrx_word' id='word_1_57' title='bbox 1279 753 1326 791; x_wconf 94' lang='lat' dir='ltr'>ab</span> <span class='ocrx_word' id='word_1_58' title='bbox 1359 752 1420 792; x_wconf 91' lang='lat' dir='ltr'>his</span> <span class='ocrx_word' id='word_1_59' title='bbox 1454 754 1736 806; x_wconf 87' lang='lat' dir='ltr'>providentiam</span> <span class='ocrx_word' id='word_1_60' title='bbox 1770 753 1866 806; x_wconf 88' lang='lat' dir='ltr'>fingi</span> <span class='ocrx_word' id='word_1_61' title='bbox 1898 753 2001 806; x_wconf 79' lang='lat' dir='ltr'>quasi</span> 
     </span>
     <span class='ocr_line' id='line_1_8' title="bbox 605 819 2003 872; baseline -0.001 -15"><span class='ocrx_word' id='word_1_62' title='bbox 605 819 799 872; x_wconf 89' lang='lat' dir='ltr'>quandam</span> <span class='ocrx_word' id='word_1_63' title='bbox 820 820 947 857; x_wconf 86' lang='lat' dir='ltr'><strong>Deam</strong></span> <span class='ocrx_word' id='word_1_64' title='bbox 967 819 1210 871; x_wconf 78' lang='lat' dir='ltr'>singularem,</span> <span class='ocrx_word' id='word_1_65' title='bbox 1243 832 1330 871; x_wconf 84' lang='lat' dir='ltr'>quae</span> <span class='ocrx_word' id='word_1_66' title='bbox 1347 819 1541 857; x_wconf 90' lang='lat' dir='ltr'>mundum</span> <span class='ocrx_word' id='word_1_67' title='bbox 1567 833 1726 858; x_wconf 88' lang='lat' dir='ltr'>omnem</span> <span class='ocrx_word' id='word_1_68' title='bbox 1751 819 1942 872; x_wconf 83' lang='lat' dir='ltr'>gubernet</span> <span class='ocrx_word' id='word_1_69' title='bbox 1965 828 2003 856; x_wconf 89' lang='lat' dir='ltr'>et</span> 
     </span>
     <span class='ocr_line' id='line_1_9' title="bbox 606 883 2003 937; baseline -0.001 -14"><span class='ocrx_word' id='word_1_70' title='bbox 606 894 711 937; x_wconf 89' lang='lat' dir='ltr'>regat</span> <span class='ocrx_word' id='word_1_71' title='bbox 726 902 738 929; x_wconf 78' lang='lat'>3</span> <span class='ocrx_word' id='word_1_72' title='bbox 769 883 833 922; x_wconf 90' lang='lat' dir='ltr'>sed</span> <span class='ocrx_word' id='word_1_73' title='bbox 862 883 902 921; x_wconf 91' lang='lat' dir='ltr'>id</span> <span class='ocrx_word' id='word_1_74' title='bbox 921 883 1074 936; x_wconf 89' lang='lat' dir='ltr'>praecise</span> <span class='ocrx_word' id='word_1_75' title='bbox 1093 884 1248 923; x_wconf 92' lang='lat' dir='ltr'>dicitur.</span> <span class='ocrx_word' id='word_1_76' title='bbox 1294 885 1365 929; x_wconf 89' lang='lat' dir='ltr'>Ut,</span> <span class='ocrx_word' id='word_1_77' title='bbox 1395 884 1422 922; x_wconf 88' lang='lat' dir='ltr'>fi</span> <span class='ocrx_word' id='word_1_78' title='bbox 1442 885 1529 936; x_wconf 92' lang='lat' dir='ltr'>quis</span> <span class='ocrx_word' id='word_1_79' title='bbox 1554 885 1671 929; x_wconf 88' lang='lat' dir='ltr'>dicat,</span> <span class='ocrx_word' id='word_1_80' title='bbox 1706 883 2003 922; x_wconf 74' lang='lat' dir='ltr'>Atheniensium</span> 
     </span>
     <span class='ocr_line' id='line_1_10' title="bbox 605 948 2002 1003; baseline 0 -16"><span class='ocrx_word' id='word_1_81' title='bbox 605 950 889 1003; x_wconf 83' lang='lat' dir='ltr'>rempublicam</span> <span class='ocrx_word' id='word_1_82' title='bbox 908 949 1066 988; x_wconf 91' lang='lat' dir='ltr'>confilio</span> <span class='ocrx_word' id='word_1_83' title='bbox 1085 950 1179 1003; x_wconf 91' lang='lat' dir='ltr'>regi,</span> <span class='ocrx_word' id='word_1_84' title='bbox 1209 949 1303 988; x_wconf 88' lang='lat' dir='ltr'>defit</span> <span class='ocrx_word' id='word_1_85' title='bbox 1322 949 1435 995; x_wconf 92' lang='lat' dir='ltr'>illud,</span> <span class='ocrx_word' id='word_1_86' title='bbox 1457 950 1649 1003; x_wconf 89' lang='lat' dir='ltr'>Areopagi</span> <span class='ocrx_word' id='word_1_87' title='bbox 1661 968 1674 995; x_wconf 86' lang='lat'>;</span> <span class='ocrx_word' id='word_1_88' title='bbox 1705 950 1768 995; x_wconf 89' lang='lat' dir='ltr'>fic,</span> <span class='ocrx_word' id='word_1_89' title='bbox 1789 962 1883 987; x_wconf 90' lang='lat' dir='ltr'>cum</span> <span class='ocrx_word' id='word_1_90' title='bbox 1902 948 2002 987; x_wconf 92' lang='lat' dir='ltr'>dici-</span> 
     </span>
     <span class='ocr_line' id='line_1_11' title="bbox 605 1015 2001 1069; baseline 0 -15"><span class='ocrx_word' id='word_1_91' title='bbox 605 1028 709 1061; x_wconf 86' lang='lat' dir='ltr'>mus,</span> <span class='ocrx_word' id='word_1_92' title='bbox 729 1015 969 1069; x_wconf 68' lang='lat' dir='ltr'>providentia</span> <span class='ocrx_word' id='word_1_93' title='bbox 988 1015 1181 1055; x_wconf 89' lang='lat' dir='ltr'>mundum</span> <span class='ocrx_word' id='word_1_94' title='bbox 1200 1015 1466 1061; x_wconf 88' lang='lat' dir='ltr'>administrari,</span> <span class='ocrx_word' id='word_1_95' title='bbox 1483 1015 1602 1054; x_wconf 83' lang='lat' dir='ltr'>deeffe</span> <span class='ocrx_word' id='word_1_96' title='bbox 1619 1015 1794 1060; x_wconf 85' lang='lat' dir='ltr'>arbitror,</span> <span class='ocrx_word' id='word_1_97' title='bbox 1812 1016 2001 1054; x_wconf 90' lang='lat' dir='ltr'>Deorum.</span> 
     </span>
     <span class='ocr_line' id='line_1_12' title="bbox 606 1080 2004 1135; baseline 0 -16"><span class='ocrx_word' id='word_1_98' title='bbox 606 1080 726 1120; x_wconf 90' lang='lat' dir='ltr'>Plene</span> <span class='ocrx_word' id='word_1_99' title='bbox 747 1090 891 1127; x_wconf 88' lang='lat' dir='ltr'>autem,</span> <span class='ocrx_word' id='word_1_100' title='bbox 911 1090 949 1119; x_wconf 93' lang='lat' dir='ltr'>et</span> <span class='ocrx_word' id='word_1_101' title='bbox 968 1081 1134 1135; x_wconf 65' lang='lat' dir='ltr'>perfeete</span> <span class='ocrx_word' id='word_1_102' title='bbox 1152 1081 1202 1120; x_wconf 94' lang='lat' dir='ltr'>fic</span> <span class='ocrx_word' id='word_1_103' title='bbox 1222 1082 1300 1121; x_wconf 91' lang='lat' dir='ltr'>dici</span> <span class='ocrx_word' id='word_1_104' title='bbox 1319 1082 1547 1126; x_wconf 88' lang='lat' dir='ltr'>existimato,</span> <span class='ocrx_word' id='word_1_105' title='bbox 1569 1081 1809 1135; x_wconf 71' lang='lat' dir='ltr'>providentia</span> <span class='ocrx_word' id='word_1_106' title='bbox 1827 1082 2004 1119; x_wconf 89' lang='lat' dir='ltr'>Deorum</span> 
     </span>
     <span class='ocr_line' id='line_1_13' title="bbox 606 1146 2004 1199; baseline 0 -15"><span class='ocrx_word' id='word_1_107' title='bbox 606 1146 800 1184; x_wconf 90' lang='lat' dir='ltr'>mundum</span> <span class='ocrx_word' id='word_1_108' title='bbox 819 1146 1086 1185; x_wconf 84' lang='lat' dir='ltr'>administrari.</span> <span class='ocrx_word' id='word_1_109' title='bbox 1119 1147 1176 1186; x_wconf 89' lang='lat' dir='ltr'>Ita</span> <span class='ocrx_word' id='word_1_110' title='bbox 1191 1147 1306 1186; x_wconf 88' lang='lat' dir='ltr'>salem</span> <span class='ocrx_word' id='word_1_111' title='bbox 1325 1147 1454 1192; x_wconf 89' lang='lat' dir='ltr'>istum,</span> <span class='ocrx_word' id='word_1_112' title='bbox 1468 1160 1548 1199; x_wconf 92' lang='lat' dir='ltr'>quo</span> <span class='ocrx_word' id='word_1_113' title='bbox 1565 1156 1668 1185; x_wconf 89' lang='lat' dir='ltr'>caret</span> <span class='ocrx_word' id='word_1_114' title='bbox 1687 1147 1804 1186; x_wconf 87' lang='lat' dir='ltr'>vestra</span> <span class='ocrx_word' id='word_1_115' title='bbox 1823 1147 1941 1191; x_wconf 90' lang='lat' dir='ltr'>natio,</span> <span class='ocrx_word' id='word_1_116' title='bbox 1963 1146 2004 1184; x_wconf 89' lang='lat' dir='ltr'>in</span> 
     </span>
     <span class='ocr_line' id='line_1_14' title="bbox 606 1210 2003 1257; baseline 0 -8"><span class='ocrx_word' id='word_1_117' title='bbox 606 1210 809 1250; x_wconf 87' lang='lat' dir='ltr'>irridendis</span> <span class='ocrx_word' id='word_1_118' title='bbox 829 1211 940 1250; x_wconf 90' lang='lat' dir='ltr'>nobis</span> <span class='ocrx_word' id='word_1_119' title='bbox 960 1211 1124 1251; x_wconf 90' lang='lat' dir='ltr'>nolitote</span> <span class='ocrx_word' id='word_1_120' title='bbox 1141 1211 1364 1251; x_wconf 88' lang='lat' dir='ltr'>consumere</span> <span class='ocrx_word' id='word_1_121' title='bbox 1382 1227 1391 1250; x_wconf 78' lang='lat' dir='ltr'>z</span> <span class='ocrx_word' id='word_1_122' title='bbox 1413 1221 1452 1250; x_wconf 89' lang='lat' dir='ltr'>et</span> <span class='ocrx_word' id='word_1_123' title='bbox 1472 1210 1678 1257; x_wconf 89' lang='lat' dir='ltr'>mehercle,</span> <span class='ocrx_word' id='word_1_124' title='bbox 1700 1212 1726 1250; x_wconf 90' lang='lat' dir='ltr'>fi</span> <span class='ocrx_word' id='word_1_125' title='bbox 1745 1225 1810 1251; x_wconf 90' lang='lat' dir='ltr'>me</span> <span class='ocrx_word' id='word_1_126' title='bbox 1827 1211 2003 1256; x_wconf 87' lang='lat' dir='ltr'>audiatis,</span> 
     </span>
     <span class='ocr_line' id='line_1_15' title="bbox 606 1277 2003 1330; baseline 0.001 -16"><span class='ocrx_word' id='word_1_127' title='bbox 606 1289 656 1314; x_wconf 87' lang='lat' dir='ltr'>ne</span> <span class='ocrx_word' id='word_1_128' title='bbox 674 1277 928 1329; x_wconf 82' lang='lat' dir='ltr'>experiamini</span> <span class='ocrx_word' id='word_1_129' title='bbox 946 1277 1121 1329; x_wconf 90' lang='lat' dir='ltr'>quidem.</span> <span class='ocrx_word' id='word_1_130' title='bbox 1167 1278 1262 1316; x_wconf 91' lang='lat' dir='ltr'>Non</span> <span class='ocrx_word' id='word_1_131' title='bbox 1281 1278 1418 1316; x_wconf 89' lang='lat' dir='ltr'>decet:</span> <span class='ocrx_word' id='word_1_132' title='bbox 1450 1291 1530 1316; x_wconf 92' lang='lat' dir='ltr'>non</span> <span class='ocrx_word' id='word_1_133' title='bbox 1559 1278 1695 1316; x_wconf 88' lang='lat' dir='ltr'>datum</span> <span class='ocrx_word' id='word_1_134' title='bbox 1714 1277 1793 1316; x_wconf 90' lang='lat' dir='ltr'>est:</span> <span class='ocrx_word' id='word_1_135' title='bbox 1825 1291 1902 1316; x_wconf 93' lang='lat' dir='ltr'>non</span> <span class='ocrx_word' id='word_1_136' title='bbox 1930 1291 2003 1330; x_wconf 89' lang='lat' dir='ltr'>po-</span> 
     </span>
     <span class='ocr_line' id='line_1_16' title="bbox 607 1340 2004 1389; baseline 0.001 -10"><span class='ocrx_word' id='word_1_137' title='bbox 607 1341 724 1379; x_wconf 90' lang='lat' dir='ltr'>testis.</span> <span class='ocrx_word' id='word_1_138' title='bbox 756 1341 844 1380; x_wconf 93' lang='lat' dir='ltr'>Nec</span> <span class='ocrx_word' id='word_1_139' title='bbox 865 1355 953 1380; x_wconf 86' lang='lat' dir='ltr'>vero</span> <span class='ocrx_word' id='word_1_140' title='bbox 971 1340 1047 1381; x_wconf 93' lang='lat' dir='ltr'>hoc</span> <span class='ocrx_word' id='word_1_141' title='bbox 1067 1343 1108 1380; x_wconf 91' lang='lat' dir='ltr'>in</span> <span class='ocrx_word' id='word_1_142' title='bbox 1128 1351 1165 1381; x_wconf 94' lang='lat' dir='ltr'>te</span> <span class='ocrx_word' id='word_1_143' title='bbox 1185 1356 1263 1381; x_wconf 90' lang='lat' dir='ltr'>uno</span> <span class='ocrx_word' id='word_1_144' title='bbox 1287 1343 1483 1389; x_wconf 89' lang='lat' dir='ltr'>convenit,</span> <span class='ocrx_word' id='word_1_145' title='bbox 1503 1343 1678 1382; x_wconf 89' lang='lat' dir='ltr'>moribus</span> <span class='ocrx_word' id='word_1_146' title='bbox 1707 1343 1940 1388; x_wconf 88' lang='lat' dir='ltr'>domesticis,</span> <span class='ocrx_word' id='word_1_147' title='bbox 1962 1356 2004 1381; x_wconf 92' lang='lat' dir='ltr'>ac</span> 
     </span>
     <span class='ocr_line' id='line_1_17' title="bbox 608 1405 2005 1460; baseline 0.001 -15"><span class='ocrx_word' id='word_1_148' title='bbox 608 1406 824 1446; x_wconf 91' lang='lat' dir='ltr'>nostrorum</span> <span class='ocrx_word' id='word_1_149' title='bbox 843 1405 1054 1446; x_wconf 85' lang='lat' dir='ltr'>hominum</span> <span class='ocrx_word' id='word_1_150' title='bbox 1074 1408 1287 1446; x_wconf 85' lang='lat' dir='ltr'>urbanitate</span> <span class='ocrx_word' id='word_1_151' title='bbox 1304 1409 1441 1447; x_wconf 91' lang='lat' dir='ltr'>limato</span> <span class='ocrx_word' id='word_1_152' title='bbox 1452 1427 1464 1454; x_wconf 60' lang='grc' dir='ltr'>ς</span> <span class='ocrx_word' id='word_1_153' title='bbox 1488 1408 1549 1446; x_wconf 91' lang='lat' dir='ltr'>sed</span> <span class='ocrx_word' id='word_1_154' title='bbox 1570 1422 1661 1447; x_wconf 90' lang='lat' dir='ltr'>cum</span> <span class='ocrx_word' id='word_1_155' title='bbox 1679 1409 1719 1446; x_wconf 93' lang='lat' dir='ltr'>in</span> <span class='ocrx_word' id='word_1_156' title='bbox 1740 1408 1907 1460; x_wconf 86' lang='lat' dir='ltr'>reliquos</span> <span class='ocrx_word' id='word_1_157' title='bbox 1921 1408 2005 1446; x_wconf 86' lang='lat' dir='ltr'>ves-</span> 
     </span>
     <span class='ocr_line' id='line_1_18' title="bbox 607 1472 2005 1527; baseline 0.001 -16"><span class='ocrx_word' id='word_1_158' title='bbox 607 1481 699 1518; x_wconf 84' lang='lat' dir='ltr'>tros,</span> <span class='ocrx_word' id='word_1_159' title='bbox 731 1481 817 1510; x_wconf 92' lang='lat' dir='ltr'>tum</span> <span class='ocrx_word' id='word_1_160' title='bbox 844 1472 885 1510; x_wconf 87' lang='lat' dir='ltr'>in</span> <span class='ocrx_word' id='word_1_161' title='bbox 903 1486 994 1511; x_wconf 90' lang='lat' dir='ltr'>eum</span> <span class='ocrx_word' id='word_1_162' title='bbox 1013 1473 1199 1519; x_wconf 85' lang='lat' dir='ltr'>maxime,</span> <span class='ocrx_word' id='word_1_163' title='bbox 1231 1475 1299 1526; x_wconf 92' lang='lat' dir='ltr'>qui</span> <span class='ocrx_word' id='word_1_164' title='bbox 1324 1473 1392 1513; x_wconf 89' lang='lat' dir='ltr'>ista</span> <span class='ocrx_word' id='word_1_165' title='bbox 1412 1475 1573 1527; x_wconf 88' lang='lat' dir='ltr'>peperit,</span> <span class='ocrx_word' id='word_1_166' title='bbox 1604 1473 1807 1513; x_wconf 90' lang='lat' dir='ltr'>hominem</span> <span class='ocrx_word' id='word_1_167' title='bbox 1822 1473 1898 1512; x_wconf 89' lang='lat' dir='ltr'>fine</span> <span class='ocrx_word' id='word_1_168' title='bbox 1911 1482 2005 1521; x_wconf 86' lang='lat' dir='ltr'>arte,</span> 
     </span>
    </p>
   </div>
   <div class='ocr_carea' id='block_1_3' title="bbox 608 1538 2006 1656">
    <p class='ocr_par' dir='ltr' id='par_1_3' title="bbox 608 1538 2006 1656">
     <span class='ocr_line' id='line_1_19' title="bbox 608 1538 2006 1587; baseline 0.003 -11"><span class='ocrx_word' id='word_1_169' title='bbox 608 1539 684 1577; x_wconf 90' lang='lat' dir='ltr'>fine</span> <span class='ocrx_word' id='word_1_170' title='bbox 701 1539 835 1584; x_wconf 87' lang='lat' dir='ltr'>literis,</span> <span class='ocrx_word' id='word_1_171' title='bbox 856 1538 1104 1579; x_wconf 88' lang='lat' dir='ltr'>insultantem</span> <span class='ocrx_word' id='word_1_172' title='bbox 1124 1540 1165 1579; x_wconf 90' lang='lat' dir='ltr'>in</span> <span class='ocrx_word' id='word_1_173' title='bbox 1185 1553 1334 1587; x_wconf 88' lang='lat' dir='ltr'>omnes,</span> <span class='ocrx_word' id='word_1_174' title='bbox 1362 1541 1438 1580; x_wconf 89' lang='lat' dir='ltr'>fine</span> <span class='ocrx_word' id='word_1_175' title='bbox 1453 1541 1632 1580; x_wconf 88' lang='lat' dir='ltr'>acumine</span> <span class='ocrx_word' id='word_1_176' title='bbox 1652 1541 1748 1586; x_wconf 90' lang='lat' dir='ltr'>ullo,</span> <span class='ocrx_word' id='word_1_177' title='bbox 1779 1540 1855 1580; x_wconf 88' lang='lat' dir='ltr'>fine</span> <span class='ocrx_word' id='word_1_178' title='bbox 1874 1542 2006 1580; x_wconf 70' lang='lat' dir='ltr'>aucto-</span> 
     </span>
     <span class='ocr_line' id='line_1_20' title="bbox 608 1604 990 1656; baseline 0.003 -14"><span class='ocrx_word' id='word_1_179' title='bbox 608 1605 731 1649; x_wconf 90' lang='lat' dir='ltr'>ritate,</span> <span class='ocrx_word' id='word_1_180' title='bbox 753 1604 828 1642; x_wconf 88' lang='lat' dir='ltr'>fine</span> <span class='ocrx_word' id='word_1_181' title='bbox 848 1604 990 1656; x_wconf 90' lang='lat' dir='ltr'>lepore.</span> 
     </span>
    </p>
   </div>
   <div class='ocr_carea' id='block_1_4' title="bbox 607 1669 2008 2708">
    <p class='ocr_par' dir='ltr' id='par_1_4' title="bbox 607 1669 2008 2310">
     <span class='ocr_line' id='line_1_21' title="bbox 662 1669 2005 1722; baseline 0.002 -15"><span class='ocrx_word' id='word_1_182' title='bbox 662 1670 795 1708; x_wconf 87' lang='lat' dir='ltr'>XXX.</span> <span class='ocrx_word' id='word_1_183' title='bbox 827 1669 929 1707; x_wconf 93' lang='lat' dir='ltr'>Dico</span> <span class='ocrx_word' id='word_1_184' title='bbox 959 1669 1077 1721; x_wconf 86' lang='lat' dir='ltr'>igitur</span> <span class='ocrx_word' id='word_1_185' title='bbox 1108 1670 1348 1722; x_wconf 71' lang='lat' dir='ltr'>providentia</span> <span class='ocrx_word' id='word_1_186' title='bbox 1378 1671 1552 1709; x_wconf 86' lang='lat' dir='ltr'>Deorum</span> <span class='ocrx_word' id='word_1_187' title='bbox 1574 1672 1781 1717; x_wconf 87' lang='lat' dir='ltr'>mundum,</span> <span class='ocrx_word' id='word_1_188' title='bbox 1803 1681 1841 1710; x_wconf 90' lang='lat' dir='ltr'>et</span> <span class='ocrx_word' id='word_1_189' title='bbox 1871 1684 2005 1710; x_wconf 86' lang='lat' dir='ltr'>omnes</span> 
     </span>
     <span class='ocr_line' id='line_1_22' title="bbox 609 1734 2006 1789; baseline 0.001 -16"><span class='ocrx_word' id='word_1_190' title='bbox 609 1735 747 1773; x_wconf 88' lang='lat' dir='ltr'>mundi</span> <span class='ocrx_word' id='word_1_191' title='bbox 766 1743 903 1786; x_wconf 87' lang='lat' dir='ltr'>partes,</span> <span class='ocrx_word' id='word_1_192' title='bbox 925 1743 963 1771; x_wconf 91' lang='lat' dir='ltr'>et</span> <span class='ocrx_word' id='word_1_193' title='bbox 982 1734 1095 1772; x_wconf 91' lang='lat' dir='ltr'>initio</span> <span class='ocrx_word' id='word_1_194' title='bbox 1114 1735 1336 1773; x_wconf 89' lang='lat' dir='ltr'>constitutas</span> <span class='ocrx_word' id='word_1_195' title='bbox 1355 1735 1438 1780; x_wconf 83' lang='lat' dir='ltr'>effe,</span> <span class='ocrx_word' id='word_1_196' title='bbox 1460 1745 1498 1774; x_wconf 90' lang='lat' dir='ltr'>et</span> <span class='ocrx_word' id='word_1_197' title='bbox 1519 1737 1627 1774; x_wconf 91' lang='lat' dir='ltr'>omni</span> <span class='ocrx_word' id='word_1_198' title='bbox 1646 1745 1817 1789; x_wconf 88' lang='lat' dir='ltr'>tempore</span> <span class='ocrx_word' id='word_1_199' title='bbox 1836 1737 2006 1775; x_wconf 86' lang='lat' dir='ltr'>admini-</span> 
     </span>
     <span class='ocr_line' id='line_1_23' title="bbox 611 1798 2003 1853; baseline 0.003 -17"><span class='ocrx_word' id='word_1_200' title='bbox 611 1799 711 1837; x_wconf 87' lang='lat' dir='ltr'>strari</span> <span class='ocrx_word' id='word_1_201' title='bbox 728 1817 740 1844; x_wconf 73' lang='lat'>5</span> <span class='ocrx_word' id='word_1_202' title='bbox 772 1812 933 1851; x_wconf 86' lang='lat' dir='ltr'>eamque</span> <span class='ocrx_word' id='word_1_203' title='bbox 953 1798 1249 1852; x_wconf 87' lang='lat' dir='ltr'>disputationem</span> <span class='ocrx_word' id='word_1_204' title='bbox 1275 1809 1348 1838; x_wconf 87' lang='lat' dir='ltr'>tres</span> <span class='ocrx_word' id='word_1_205' title='bbox 1369 1801 1408 1838; x_wconf 91' lang='lat' dir='ltr'>in</span> <span class='ocrx_word' id='word_1_206' title='bbox 1429 1810 1551 1853; x_wconf 87' lang='lat' dir='ltr'>partes</span> <span class='ocrx_word' id='word_1_207' title='bbox 1568 1801 1682 1840; x_wconf 87' lang='lat' dir='ltr'>nostri</span> <span class='ocrx_word' id='word_1_208' title='bbox 1704 1800 1781 1839; x_wconf 88' lang='lat' dir='ltr'>fere</span> <span class='ocrx_word' id='word_1_209' title='bbox 1800 1802 2003 1841; x_wconf 90' lang='lat' dir='ltr'>dividunt:</span> 
     </span>
     <span class='ocr_line' id='line_1_24' title="bbox 610 1864 2006 1919; baseline 0.003 -17"><span class='ocrx_word' id='word_1_210' title='bbox 610 1878 774 1917; x_wconf 86' lang='lat' dir='ltr'>quarum</span> <span class='ocrx_word' id='word_1_211' title='bbox 795 1878 879 1917; x_wconf 88' lang='lat' dir='ltr'>pars</span> <span class='ocrx_word' id='word_1_212' title='bbox 899 1864 1025 1917; x_wconf 89' lang='lat' dir='ltr'>prima</span> <span class='ocrx_word' id='word_1_213' title='bbox 1043 1864 1108 1910; x_wconf 90' lang='lat' dir='ltr'>est,</span> <span class='ocrx_word' id='word_1_214' title='bbox 1145 1878 1229 1917; x_wconf 85' lang='lat' dir='ltr'>quae</span> <span class='ocrx_word' id='word_1_215' title='bbox 1256 1865 1413 1904; x_wconf 90' lang='lat' dir='ltr'>ducitur</span> <span class='ocrx_word' id='word_1_216' title='bbox 1440 1867 1488 1904; x_wconf 82' lang='lat' dir='ltr'>ab</span> <span class='ocrx_word' id='word_1_217' title='bbox 1513 1879 1556 1905; x_wconf 87' lang='lat' dir='ltr'>ea</span> <span class='ocrx_word' id='word_1_218' title='bbox 1587 1867 1743 1911; x_wconf 82' lang='lat' dir='ltr'>ratione,</span> <span class='ocrx_word' id='word_1_219' title='bbox 1780 1880 1864 1919; x_wconf 75' lang='lat' dir='ltr'>qua:</span> <span class='ocrx_word' id='word_1_220' title='bbox 1894 1868 2006 1906; x_wconf 87' lang='lat' dir='ltr'>docet</span> 
     </span>
     <span class='ocr_line' id='line_1_25' title="bbox 610 1929 2006 1982; baseline 0.001 -13"><span class='ocrx_word' id='word_1_221' title='bbox 610 1930 681 1969; x_wconf 81' lang='lat' dir='ltr'>effe</span> <span class='ocrx_word' id='word_1_222' title='bbox 703 1930 806 1968; x_wconf 86' lang='lat' dir='ltr'>Deos</span> <span class='ocrx_word' id='word_1_223' title='bbox 824 1948 836 1975; x_wconf 64' lang='grc' dir='ltr'><strong><em>ς</em></strong></span> <span class='ocrx_word' id='word_1_224' title='bbox 868 1943 946 1982; x_wconf 91' lang='lat' dir='ltr'>quo</span> <span class='ocrx_word' id='word_1_225' title='bbox 965 1929 1151 1975; x_wconf 82' lang='lat' dir='ltr'>conceff0‚</span> <span class='ocrx_word' id='word_1_226' title='bbox 1173 1930 1439 1970; x_wconf 88' lang='lat' dir='ltr'>confitendum</span> <span class='ocrx_word' id='word_1_227' title='bbox 1459 1931 1511 1970; x_wconf 87' lang='lat' dir='ltr'>est</span> <span class='ocrx_word' id='word_1_228' title='bbox 1536 1944 1671 1970; x_wconf 88' lang='lat' dir='ltr'>eorum</span> <span class='ocrx_word' id='word_1_229' title='bbox 1699 1931 1857 1970; x_wconf 90' lang='lat' dir='ltr'>confilio</span> <span class='ocrx_word' id='word_1_230' title='bbox 1887 1946 2006 1971; x_wconf 90' lang='lat' dir='ltr'>mun-</span> 
     </span>
     <span class='ocr_line' id='line_1_26' title="bbox 611 1995 2007 2049; baseline 0.002 -16"><span class='ocrx_word' id='word_1_231' title='bbox 611 1997 707 2033; x_wconf 92' lang='lat' dir='ltr'>dum</span> <span class='ocrx_word' id='word_1_232' title='bbox 727 1995 991 2032; x_wconf 88' lang='lat' dir='ltr'>administrari.</span> <span class='ocrx_word' id='word_1_233' title='bbox 1025 1996 1196 2033; x_wconf 85' lang='lat' dir='ltr'>Secunda</span> <span class='ocrx_word' id='word_1_234' title='bbox 1214 1996 1266 2034; x_wconf 89' lang='lat' dir='ltr'>est</span> <span class='ocrx_word' id='word_1_235' title='bbox 1294 2008 1436 2042; x_wconf 88' lang='lat' dir='ltr'>autem,</span> <span class='ocrx_word' id='word_1_236' title='bbox 1457 2011 1542 2049; x_wconf 84' lang='lat' dir='ltr'>quae</span> <span class='ocrx_word' id='word_1_237' title='bbox 1557 1997 1668 2036; x_wconf 91' lang='lat' dir='ltr'>docet</span> <span class='ocrx_word' id='word_1_238' title='bbox 1688 2010 1822 2035; x_wconf 89' lang='lat' dir='ltr'>omnes</span> <span class='ocrx_word' id='word_1_239' title='bbox 1839 2011 1894 2036; x_wconf 91' lang='lat' dir='ltr'>res</span> <span class='ocrx_word' id='word_1_240' title='bbox 1916 1997 2007 2036; x_wconf 89' lang='lat' dir='ltr'>sub-</span> 
     </span>
     <span class='ocr_line' id='line_1_27' title="bbox 607 2059 2008 2115; baseline 0.001 -16"><span class='ocrx_word' id='word_1_241' title='bbox 607 2063 724 2113; x_wconf 71' lang='lat' dir='ltr'>jectas</span> <span class='ocrx_word' id='word_1_242' title='bbox 740 2059 810 2098; x_wconf 78' lang='lat' dir='ltr'>effe</span> <span class='ocrx_word' id='word_1_243' title='bbox 824 2069 964 2097; x_wconf 86' lang='lat' dir='ltr'>naturae</span> <span class='ocrx_word' id='word_1_244' title='bbox 980 2059 1170 2105; x_wconf 86' lang='lat' dir='ltr'>sentienti,</span> <span class='ocrx_word' id='word_1_245' title='bbox 1188 2062 1236 2099; x_wconf 82' lang='lat' dir='ltr'>ab</span> <span class='ocrx_word' id='word_1_246' title='bbox 1252 2074 1369 2113; x_wconf 86' lang='lat' dir='ltr'>eaque</span> <span class='ocrx_word' id='word_1_247' title='bbox 1386 2064 1515 2100; x_wconf 90' lang='lat' dir='ltr'>omnia</span> <span class='ocrx_word' id='word_1_248' title='bbox 1529 2062 1788 2114; x_wconf 89' lang='lat' dir='ltr'>pulcherrime</span> <span class='ocrx_word' id='word_1_249' title='bbox 1800 2064 1878 2115; x_wconf 88' lang='lat' dir='ltr'>geri</span> <span class='ocrx_word' id='word_1_250' title='bbox 1893 2081 1904 2107; x_wconf 64' lang='grc' dir='ltr'><strong><em>ς</em></strong></span> <span class='ocrx_word' id='word_1_251' title='bbox 1927 2077 2008 2115; x_wconf 87' lang='lat' dir='ltr'>quo</span> 
     </span>
     <span class='ocr_line' id='line_1_28' title="bbox 612 2126 2004 2181; baseline 0.001 -16"><span class='ocrx_word' id='word_1_252' title='bbox 612 2127 834 2170; x_wconf 90' lang='lat' dir='ltr'>constituto,</span> <span class='ocrx_word' id='word_1_253' title='bbox 850 2126 1031 2178; x_wconf 87' lang='lat' dir='ltr'>sequitur,</span> <span class='ocrx_word' id='word_1_254' title='bbox 1042 2127 1088 2165; x_wconf 88' lang='lat' dir='ltr'>ab</span> <span class='ocrx_word' id='word_1_255' title='bbox 1101 2128 1359 2166; x_wconf 86' lang='lat' dir='ltr'>animantibus</span> <span class='ocrx_word' id='word_1_256' title='bbox 1377 2129 1575 2181; x_wconf 89' lang='lat' dir='ltr'>principiis</span> <span class='ocrx_word' id='word_1_257' title='bbox 1592 2142 1675 2166; x_wconf 89' lang='lat' dir='ltr'>eam</span> <span class='ocrx_word' id='word_1_258' title='bbox 1692 2129 1762 2167; x_wconf 78' lang='lat' dir='ltr'>effe</span> <span class='ocrx_word' id='word_1_259' title='bbox 1773 2138 2004 2181; x_wconf 80' lang='lat' dir='ltr'>generatam.</span> 
     </span>
     <span class='ocr_line' id='line_1_29' title="bbox 613 2191 2006 2244; baseline 0.001 -13"><span class='ocrx_word' id='word_1_260' title='bbox 613 2193 771 2232; x_wconf 86' lang='lat' dir='ltr'>Tertius</span> <span class='ocrx_word' id='word_1_261' title='bbox 793 2192 899 2229; x_wconf 88' lang='lat' dir='ltr'>locus</span> <span class='ocrx_word' id='word_1_262' title='bbox 920 2191 986 2236; x_wconf 87' lang='lat' dir='ltr'>est,</span> <span class='ocrx_word' id='word_1_263' title='bbox 1020 2193 1087 2244; x_wconf 89' lang='lat' dir='ltr'>qui</span> <span class='ocrx_word' id='word_1_264' title='bbox 1107 2193 1261 2231; x_wconf 90' lang='lat' dir='ltr'>ducitur</span> <span class='ocrx_word' id='word_1_265' title='bbox 1290 2207 1337 2232; x_wconf 88' lang='lat' dir='ltr'>ex</span> <span class='ocrx_word' id='word_1_266' title='bbox 1358 2195 1607 2233; x_wconf 86' lang='lat' dir='ltr'>admiratione</span> <span class='ocrx_word' id='word_1_267' title='bbox 1639 2208 1763 2233; x_wconf 89' lang='lat' dir='ltr'>rerum</span> <span class='ocrx_word' id='word_1_268' title='bbox 1784 2195 2006 2240; x_wconf 78' lang='lat' dir='ltr'>caelestium,</span> 
     </span>
     <span class='ocr_line' id='line_1_30' title="bbox 612 2257 989 2310; baseline -0.005 -13"><span class='ocrx_word' id='word_1_269' title='bbox 612 2269 725 2310; x_wconf 85' lang='lat' dir='ltr'>atque</span> <span class='ocrx_word' id='word_1_270' title='bbox 745 2257 989 2296; x_wconf 84' lang='lat' dir='ltr'>terrestrium.</span> 
     </span>
    </p>

    <p class='ocr_par' dir='ltr' id='par_1_5' title="bbox 614 2323 2006 2708">
     <span class='ocr_line' id='line_1_31' title="bbox 673 2323 2006 2378; baseline 0.002 -16"><span class='ocrx_word' id='word_1_271' title='bbox 673 2324 850 2362; x_wconf 85' lang='lat' dir='ltr'>Primum</span> <span class='ocrx_word' id='word_1_272' title='bbox 872 2323 989 2375; x_wconf 85' lang='lat' dir='ltr'>igitur</span> <span class='ocrx_word' id='word_1_273' title='bbox 1009 2334 1072 2361; x_wconf 80' lang='lat' dir='ltr'>aut</span> <span class='ocrx_word' id='word_1_274' title='bbox 1095 2324 1311 2377; x_wconf 84' lang='lat' dir='ltr'>negandum</span> <span class='ocrx_word' id='word_1_275' title='bbox 1331 2325 1383 2363; x_wconf 90' lang='lat' dir='ltr'>est</span> <span class='ocrx_word' id='word_1_276' title='bbox 1407 2326 1509 2364; x_wconf 88' lang='lat' dir='ltr'>Deos</span> <span class='ocrx_word' id='word_1_277' title='bbox 1530 2324 1614 2370; x_wconf 78' lang='lat' dir='ltr'>esse,</span> <span class='ocrx_word' id='word_1_278' title='bbox 1636 2326 1741 2378; x_wconf 91' lang='lat' dir='ltr'>quod</span> <span class='ocrx_word' id='word_1_279' title='bbox 1759 2326 2006 2366; x_wconf 86' lang='lat' dir='ltr'>Democritus</span> 
     </span>
     <span class='ocr_line' id='line_1_32' title="bbox 614 2389 2005 2446; baseline 0.003 -19"><span class='ocrx_word' id='word_1_280' title='bbox 614 2389 825 2433; x_wconf 82' lang='lat' dir='ltr'>fimulacra,</span> <span class='ocrx_word' id='word_1_281' title='bbox 853 2397 890 2426; x_wconf 89' lang='lat' dir='ltr'>et</span> <span class='ocrx_word' id='word_1_282' title='bbox 912 2389 1102 2441; x_wconf 85' lang='lat' dir='ltr'>Epicurus</span> <span class='ocrx_word' id='word_1_283' title='bbox 1125 2390 1323 2443; x_wconf 81' lang='lat' dir='ltr'>imagines,</span> <span class='ocrx_word' id='word_1_284' title='bbox 1346 2391 1530 2430; x_wconf 86' lang='lat' dir='ltr'>inducens</span> <span class='ocrx_word' id='word_1_285' title='bbox 1549 2393 1715 2444; x_wconf 66' lang='lat' dir='ltr'>quodam</span> <span class='ocrx_word' id='word_1_286' title='bbox 1737 2394 1846 2445; x_wconf 67' lang='lat' dir='ltr'>pasto</span> <span class='ocrx_word' id='word_1_287' title='bbox 1868 2403 2005 2446; x_wconf 57' lang='grc' dir='ltr'>ηεξ-ιη</span> 
     </span>
     <span class='ocr_line' id='line_1_33' title="bbox 614 2455 2006 2513; baseline 0.004 -20"><span class='ocrx_word' id='word_1_288' title='bbox 614 2465 691 2500; x_wconf 80' lang='lat' dir='ltr'>aut,</span> <span class='ocrx_word' id='word_1_289' title='bbox 713 2456 779 2508; x_wconf 90' lang='lat' dir='ltr'>qui</span> <span class='ocrx_word' id='word_1_290' title='bbox 799 2456 902 2493; x_wconf 90' lang='lat' dir='ltr'>Deos</span> <span class='ocrx_word' id='word_1_291' title='bbox 922 2455 991 2493; x_wconf 79' lang='lat' dir='ltr'>effe</span> <span class='ocrx_word' id='word_1_292' title='bbox 1011 2456 1235 2500; x_wconf 79' lang='lat' dir='ltr'>concedant,</span> <span class='ocrx_word' id='word_1_293' title='bbox 1267 2457 1312 2494; x_wconf 88' lang='lat' dir='ltr'>iis</span> <span class='ocrx_word' id='word_1_294' title='bbox 1330 2455 1528 2496; x_wconf 77' lang='lat' dir='ltr'>fatendum</span> <span class='ocrx_word' id='word_1_295' title='bbox 1549 2459 1614 2502; x_wconf 82' lang='lat' dir='ltr'>cst,</span> <span class='ocrx_word' id='word_1_296' title='bbox 1638 2473 1700 2497; x_wconf 68' lang='lat' dir='ltr'>eos⁴</span> <span class='ocrx_word' id='word_1_297' title='bbox 1723 2460 1868 2511; x_wconf 85' lang='lat' dir='ltr'>aliquid</span> <span class='ocrx_word' id='word_1_298' title='bbox 1885 2473 2006 2513; x_wconf 83' lang='lat' dir='ltr'>agere,</span> 
     </span>
     <span class='ocr_line' id='line_1_34' title="bbox 615 2521 2006 2576; baseline 0.004 -18"><span class='ocrx_word' id='word_1_299' title='bbox 615 2522 728 2573; x_wconf 81' lang='lat' dir='ltr'>idque</span> <span class='ocrx_word' id='word_1_300' title='bbox 758 2521 993 2573; x_wconf 69' lang='lat' dir='ltr'>praeclarum.</span> <span class='ocrx_word' id='word_1_301' title='bbox 1042 2521 1155 2560; x_wconf 86' lang='lat' dir='ltr'>Nihil</span> <span class='ocrx_word' id='word_1_302' title='bbox 1188 2522 1238 2559; x_wconf 83' lang='lat' dir='ltr'>cst</span> <span class='ocrx_word' id='word_1_303' title='bbox 1270 2532 1396 2560; x_wconf 78' lang='lat' dir='ltr'>autem</span> <span class='ocrx_word' id='word_1_304' title='bbox 1430 2525 1640 2576; x_wconf 56' lang='lat' dir='ltr'>pram-larius</span> <span class='ocrx_word' id='word_1_305' title='bbox 1674 2526 1808 2563; x_wconf 84' lang='lat' dir='ltr'>mundi</span> <span class='ocrx_word' id='word_1_306' title='bbox 1839 2526 2006 2564; x_wconf 82' lang='lat' dir='ltr'>admini-</span> 
     </span>
     <span class='ocr_line' id='line_1_35' title="bbox 615 2585 2005 2642; baseline 0.004 -19"><span class='ocrx_word' id='word_1_307' title='bbox 615 2585 803 2623; x_wconf 78' lang='lat' dir='ltr'>strationc.</span> <span class='ocrx_word' id='word_1_308' title='bbox 829 2587 1001 2624; x_wconf 82' lang='lat' dir='ltr'>Deorum</span> <span class='ocrx_word' id='word_1_309' title='bbox 1018 2586 1133 2639; x_wconf 84' lang='lat' dir='ltr'>igitur</span> <span class='ocrx_word' id='word_1_310' title='bbox 1153 2587 1311 2625; x_wconf 79' lang='lat' dir='ltr'>consilio</span> <span class='ocrx_word' id='word_1_311' title='bbox 1327 2588 1620 2627; x_wconf 79' lang='lat' dir='ltr'>administratur.</span> <span class='ocrx_word' id='word_1_312' title='bbox 1640 2591 1757 2642; x_wconf 75' lang='lat' dir='ltr'>Qud</span> <span class='ocrx_word' id='word_1_313' title='bbox 1776 2591 1798 2629; x_wconf 87' lang='lat' dir='ltr'>fi</span> <span class='ocrx_word' id='word_1_314' title='bbox 1816 2590 1922 2628; x_wconf 79' lang='lat' dir='ltr'>aliter</span> <span class='ocrx_word' id='word_1_315' title='bbox 1939 2591 2005 2635; x_wconf 82' lang='lat' dir='ltr'>cst,</span> 
     </span>
     <span class='ocr_line' id='line_1_36' title="bbox 614 2649 2004 2708; baseline 0.006 -19"><span class='ocrx_word' id='word_1_316' title='bbox 614 2651 758 2703; x_wconf 82' lang='lat' dir='ltr'>aliquid</span> <span class='ocrx_word' id='word_1_317' title='bbox 795 2649 962 2703; x_wconf 68' lang='lat' dir='ltr'>profcsso</span> <span class='ocrx_word' id='word_1_318' title='bbox 985 2652 1027 2689; x_wconf 82' lang='lat' dir='ltr'>fit</span> <span class='ocrx_word' id='word_1_319' title='bbox 1049 2651 1188 2691; x_wconf 68' lang='lat' dir='ltr'>neccsse</span> <span class='ocrx_word' id='word_1_320' title='bbox 1218 2653 1269 2691; x_wconf 86' lang='lat' dir='ltr'>est</span> <span class='ocrx_word' id='word_1_321' title='bbox 1301 2653 1452 2700; x_wconf 84' lang='lat' dir='ltr'>melius,</span> <span class='ocrx_word' id='word_1_322' title='bbox 1483 2664 1519 2693; x_wconf 86' lang='lat' dir='ltr'>ct</span> <span class='ocrx_word' id='word_1_323' title='bbox 1548 2656 1688 2707; x_wconf 72' lang='lat' dir='ltr'>majore</span> <span class='ocrx_word' id='word_1_324' title='bbox 1722 2655 1756 2692; x_wconf 77' lang='lat' dir='ltr'>vi</span> <span class='ocrx_word' id='word_1_325' title='bbox 1788 2656 2004 2708; x_wconf 76' lang='lat' dir='ltr'>przrditum.</span> 
     </span>
    </p>
   </div>
  </div>
 </body>
</html>
