2330 2983
523 282 598 323 322
827 264 1607 305 TUSCULANARUM

519 368 617 407 ferre
636 366 734 405 illud
753 379 862 418 aegre,
876 366 982 418 quod
998 365 1178 404 acciderit
1191 383 1204 411 ;
1236 374 1323 404 tum
1342 365 1508 417 denique
1525 364 1691 403 efficitur
1708 364 1775 402 illa
1792 365 1920 418 gravis

519 432 754 486 :egritudinis
773 431 1023 485 perturbatio.
1055 432 1118 470 Ex
1136 430 1209 470 hac
1228 432 1410 484 opinione
1428 431 1516 470 sunt
1535 431 1602 469 illa
1620 430 1720 468 varia
1738 439 1776 468 et
1794 430 1918 469 detes-

520 499 651 538 tabilia
668 511 806 552 genera
824 497 996 551 lugendi,
1026 497 1208 551 paedores,
1226 497 1432 536 muliebres
1452 497 1695 536 lacerationes
1715 510 1918 550 genarum,

519 566 697 618 pectoris,
727 564 937 610 feminum,
968 565 1105 617 capitis
1124 563 1390 617 percuffiones.
1429 563 1539 603 Hinc
1559 563 1625 602 ille
1644 564 1920 616 Agamemnon

519 631 770 676 Homericus,
791 639 830 669 et
849 630 954 669 idem
974 630 1183 675 Accianus,

657 695 823 736 Scindens
841 695 954 735 dolore
971 695 1156 734 identidem
1175 696 1346 748 intonstzm
1364 709 1508 734 comam.

520 763 563 800 In
584 775 662 814 quo
681 761 852 799 facetum
871 760 970 798 illud
988 761 1133 805 Bionis,
1150 760 1308 813 perinde
1323 759 1588 797 stultiffimum
1604 771 1733 811 regem
1748 759 1790 797 in
1809 759 1918 797 Ῑιιᾶιι

516 828 703 880 capillum
734 827 802 864 fibi
836 826 1010 872 evellere,
1041 827 1141 880 quasi
1166 826 1313 865 calvitio
1331 839 1461 864 maeror
1490 826 1690 864 levaretur.
1732 825 1804 863 Sed
1836 823 1920 863 haec

516 893 646 931 omnia
664 891 826 936 faciunt,
847 892 1046 944 opinantes
1067 892 1121 929 ita
1139 891 1221 929 fieri
1238 899 1428 944 oportere.

572 959 707 1011 Itaque
726 967 764 995 et
785 955 986 995 AEschines
1017 958 1058 995 in
1090 955 1397 995 Demosthenem
1417 955 1626 1002 invehitur,
1657 947 1763 1008 quod
1783 956 1813 994 is
1834 954 1918 1007 sep-

518 1024 618 1062 timo
637 1023 698 1061 die
718 1023 801 1076 post
820 1022 893 1060 filii
923 1031 1092 1060 mortem
1112 1021 1250 1060 hostias
1271 1021 1512 1061 immolaffet.
1564 1023 1619 1060 At
1649 1034 1766 1074 quam
1786 1020 1921 1059 rheto-

516 1089 618 1127 sice!
651 1101 768 1141 quam
788 1087 960 1140 copiose!
984 1101 1078 1139 quas
1097 1087 1298 1126 sententias
1319 1087 1494 1140 colligit!
1526 1101 1611 1140 quae
1631 1087 1744 1125 verba
1761 1096 1918 1125 contor-

516 1164 612 1208 quet
631 1154 638 1192 !
671 1163 715 1192 ut
734 1154 849 1192 licere
869 1153 1021 1206 quidvis
1042 1152 1185 1192 rhetori
1215 1153 1423 1205 intelligas,
1474 1153 1572 1204 Qae
1593 1166 1709 1193 nemo
1727 1152 1919 1205 probaret,

518 1221 588 1259 nisi
621 1220 778 1258 infitum
808 1219 907 1256 illud
939 1219 981 1256 in
1013 1219 1153 1257 animis
1173 1217 1419 1263 haberemus,
1446 1232 1582 1257 omnes
1612 1218 1733 1256 bonos
1759 1218 1921 1256 interitu

518 1285 674 1325 suorum
694 1297 812 1337 quam
831 1283 1046 1336 graviffime
1076 1296 1238 1321 moerere
1270 1293 1456 1336 oportere.
1503 1284 1565 1321 Ex
1593 1282 1670 1321 hoc
1699 1284 1840 1328 evenit,
1875 1292 1920 1321 ut

519 1352 561 1390 in
580 1351 702 1389 animi
720 1349 918 1389 doloribus
952 1349 1017 1388 alii
1048 1348 1272 1388 solitudines
1306 1357 1474 1403 captent,
1505 1356 1550 1387 ut
1581 1348 1635 1386 ait
1654 1348 1852 1387 Homerus
1872 1349 1923 1387 de

519 1415 830 1471 Bellerophonte,

655 1485 732 1536 Qi
746 1484 848 1536 mfir
865 1483 903 1522 in
922 1483 1052 1536 campie
1070 1497 1219 1523 moerens
1235 1483 1387 1523 errabat
1405 1483 1519 1529 Aleis,

655 1551 848 1603 Ipſs’stcum
866 1563 927 1588 cor
945 1549 1058 1594 edens,
1088 1550 1263 1589 hominum
1283 1551 1429 1604 vestigia
1447 1551 1586 1588 vitans.

520 1617 573 1656 Et
605 1615 736 1655 Niobe
769 1615 930 1668 fingitur
960 1616 1119 1668 lapidea,
1154 1625 1310 1670 propter
1342 1626 1543 1661 aeternum,
1569 1614 1698 1660 credo,
1732 1613 1774 1652 in
1810 1613 1918 1652 luctu

519 1681 726 1720 silentium.
772 1681 979 1720 Hecubam
1010 1691 1138 1720 autem
1169 1690 1307 1735 putant
1335 1690 1491 1735 propter
1522 1681 1641 1719 animi
1671 1679 1918 1718 acerbitatem

519 1747 712 1800 quandam
731 1755 770 1784 et
789 1746 949 1790 rabiem,
980 1745 1075 1798 fingi
1101 1747 1140 1784 in
1162 1760 1298 1784 canem
1316 1746 1388 1784 effe
1407 1746 1641 1785 conversam.
1673 1748 1770 1784 Sunt
1788 1753 1918 1782 autem

518 1813 597 1857 alii,
616 1825 712 1864 quos
734 1812 774 1849 in
793 1811 900 1849 luftu
920 1824 1012 1849 cum
1032 1810 1110 1864 ipsa
1128 1811 1333 1850 solitudine
1353 1811 1462 1864 loqui
1482 1811 1576 1864 saepe
1596 1811 1769 1854 delectat,
1790 1818 1833 1848 ut
1853 1809 1920 1847 illa

519 1878 620 1932 apud
640 1878 818 1916 Ennium
838 1877 970 1915 nutrix
985 1895 999 1922 3

659 1942 793 1995 Cupido
811 1943 903 1995 cepit
922 1943 1080 1995 mfferam
1099 1957 1193 1982 nunc
1211 1958 1263 1982 me
1274 1944 1444 1997 proloqui

656 2009 751 2047 Caelo
770 2017 878 2060 atque
897 2016 1009 2046 terrae
1029 2007 1176 2046 Medeai
1189 2009 1357 2062 mg'ss’rias.

576 2073 748 2111 XXVII.
781 2073 879 2110 Haec
898 2073 1029 2110 omnia
1048 2074 1160 2118 reeta,
1192 2086 1292 2118 vera,
1321 2072 1450 2111 debita
1479 2070 1847 2125 putantes,-faciunt
1878 2073 1919 2110 in

521 2138 675 2184 dolore;
707 2138 951 2190 maximeque
985 2138 1207 2183 declaratur,
1249 2138 1325 2177 hoc
1356 2139 1459 2190 quasi
1495 2139 1613 2177 officii
1643 2138 1794 2190 judicio
1820 2137 1915 2181 fieri,

521 2205 640 2258 quod,
663 2205 688 2243 si
710 2204 778 2257 qui
798 2203 910 2248 forte,
931 2217 1022 2242 cum
1044 2204 1078 2242 se
1108 2205 1146 2242 in
1172 2204 1278 2243 luc'tu
1298 2203 1369 2242 esse
1390 2205 1545 2249 vellent,
1577 2203 1724 2256 aliquid
1746 2202 1918 2242 fecerunt

523 2271 745 2314 humanius,
767 2279 831 2308 aut
850 2270 876 2308 si
898 2269 1055 2308 hilarius
1077 2271 1198 2309 locuti
1222 2271 1322 2315 sunt,
1351 2281 1528 2309 revocant
1549 2270 1583 2308 se
1604 2270 1729 2308 rursus
1751 2270 1795 2308 ad
1817 2283 1917 2308 moe-

524 2337 678 2382 stitiam,
696 2336 917 2390 peccatique
937 2336 971 2373 se
993 2336 1227 2382 insimulant,
1245 2337 1349 2389 quod
1364 2337 1490 2375 dolere
1505 2336 1792 2375 intermiserint.
1817 2337 1917 2374 Pue-

525 2416 582 2440 ros
616 2415 703 2440 vero
734 2411 871 2440 matres
906 2411 943 2439 et
975 2402 1143 2454 magistri
1176 2402 1352 2453 castigare
1382 2403 1498 2440 ctiam
1530 2401 1663 2446 solent,
1692 2415 1759 2439 nec
1793 2401 1917 2439 verbis

527 2468 662 2511 solum,
685 2467 744 2506 scd
764 2468 878 2506 etiam
898 2467 1133 2511 verberibus,
1168 2467 1191 2505 sl
1213 2468 1307 2520 quid
1338 2468 1376 2505 in
1397 2467 1606 2505 domestico
1633 2468 1737 2506 luc'tu
1759 2465 1916 2505 hilarius

525 2533 571 2570 ab
604 2534 646 2570 iis
676 2533 818 2571 factum
839 2534 906 2577 cst,
937 2541 1001 2571 aut
1023 2533 1196 2577 diffluum
1227 2534 1371 2586 plorare
1390 2545 1548 2585 cogunt.
1592 2533 1729 2585 Qid?
1761 2531 1836 2585 ipsa
1857 2545 1914 2569 rc-

526 2598 648 2637 miffio
668 2598 791 2638 lucius
819 2613 911 2639 cum
932 2599 983 2638 est
1002 2599 1216 2646 consecuta,
1248 2599 1563 2653 intellcstumque
1590 2598 1642 2637 est
1664 2596 1760 2636 nihil
1784 2596 1918 2650 profici
