2330 2983
781 223 1056 264 LIBER
1112 223 1468 268 PRIMUS.
1736 241 1814 279 419

432 324 608 378 quaedam
627 323 895 368 commutavit,
916 332 960 365 ut
979 322 1083 374 quod
1102 322 1215 375 paulo
1234 331 1320 360 ante
1338 322 1385 360 de
1405 322 1650 363 inclinatione
1663 332 1814 364 atomo-

432 404 521 430 rum
532 389 614 431 dixi
626 407 639 434 3
663 398 789 431 tamen
809 388 987 441 pleraque
1006 387 1100 431 dicit
1119 387 1248 431 eadem
1262 405 1276 434 3
1298 397 1459 432 atom08‚
1478 389 1600 433 inane,
1615 389 1813 441 imagines,

429 454 662 495 infinitatem
690 453 880 497 locorum,
911 452 1377 504 innumerabilitatemque
1396 453 1646 500 mundorum,
1681 468 1815 494 eorum

428 529 551 565 ortus,
570 518 763 563 interitus,
780 518 915 561 ,omnia
932 515 1023 562 fere,
1053 517 1194 569 quibus
1217 525 1357 555 naturae
1376 517 1470 556 ratio
1488 520 1719 558 continetur.

486 585 530 624 N
533 597 609 623 unc
625 583 728 625 istud
747 583 849 638 quafi
869 596 1019 635 corpus,
1040 591 1079 620 et
1096 581 1201 634 quafi
1227 581 1464 634 sanguinem,
1485 584 1579 634 quid
1600 585 1782 636 intelligis
1795 587 1815 625 ..P

430 650 520 702 Ego
535 649 644 688 enim
663 648 756 688 scire
786 658 823 688 te
840 648 908 689 ista
922 647 1078 692 melius,
1105 660 1224 699 quam
1250 660 1327 691 me,
1348 660 1425 686 non
1450 646 1569 686 fateor
1587 648 1725 694 solum,
1755 650 1817 688 sed

428 715 549 754 etiam
564 713 680 754 facile
698 714 834 766 patior.
857 714 961 751 Cum
982 711 1141 764 quidem
1156 711 1270 751 semel
1283 712 1382 750 dieta
1396 711 1495 757 sunt,
1517 713 1612 765 quid
1626 713 1691 758 est,
1713 714 1817 767 quod

434 779 604 818 Velleius
620 778 837 830 ,intelligere
855 777 978 829 poffit,
1006 778 1122 816 Cotta
1136 790 1218 818 non
1237 776 1374 830 poffit?
1404 777 1539 829 ,Itaque
1557 791 1693 830 corpus
1723 779 1816 831 quid

430 843 493 887 fit,
510 842 658 895 sanguis
678 842 772 895 quid
783 842 845 887 zfit,
862 842 1039 894 intelligo
1056 857 1066 882 ε
1088 842 1190 894 quasi
1207 855 1358 895 corpu8‚
1374 852 1412 880 et
1427 843 1527 894 quafi
1541 843 1705 895 sanguis,
1716 844 1817 895 ,quid

433 907 494 953 fit,
511 908 624 948 ,nullo
638 907 786 961 prorsus
805 907 924 948 modo
942 907 1131 959 intelligo.
1177 907 1319 959 Neque
1335 916 1379 945 tu
1394 921 1461 949 me
1480 907 1591 953 celas,
1613 917 1656 950 ut
1672 907 1815 958 Pytha-

435 986 542 1025 goras
558 972 704 1012 solebat
718 973 858 1014 alienos
873 991 887 1018 ,ς
915 986 984 1011 nec
1002 973 1178 1012 consulto
1190 972 1290 1011 dicis
1309 972 1473 1018 occulte,
1492 982 1675 1025 tanquam
1692 973 1816 1011 Hera-

432 1036 550 1077 clitus
565 1055 578 1081 3
600 1037 661 1077 sed
679 1037 801 1089 (quod
819 1038 917 1076 inter
936 1051 1005 1076 nos
1026 1038 1133 1089 licet)
1156 1050 1203 1076 ne
1220 1047 1263 1076 tu
1280 1037 1440 1089 quidem
1449 1037 1654 1089 intelligis.

481 1101 660 1144 XXVII.
688 1102 796 1145 {Illud
820 1102 936 1145 -video
964 1115 1133 1154 pugnare
1153 1111 1202 1146 te,
1230 1102 1369 1154 species
1389 1110 1432 1140 ut
1452 1101 1627 1152 quaedam
1646 1101 1691 1138 fit
1710 1102 1817 1140 Deo-

435 1179 536 1211 rum,
558 1180 641 1219 quae
661 1166 759 1204 nihil
779 1167 948 1204 concreti
968 1166 1117 1210 habeat,
1139 1165 1237 1203 nihil
1258 1165 1382 1209 solidi,
1404 1164 1501 1203 nihil
1521 1165 1692 1218 expressi,
1718 1165 1819 1206 nihil

431 1232 653 1277 eminentis,
686 1232 807 1283 fitque
835 1243 942 1283 pura,
973 1230 1079 1274 levis,
1113 1229 1321 1281 perlucida.
1368 1230 1559 1276 Dicemus
1581 1243 1672 1282 ergo
1699 1230 1818 1279 idem,

432 1296 540 1347 quod
558 1297 600 1333 in
619 1296 766 1333 Venere
786 1296 889 1333 Coa:
919 1307 1058 1346 corpus
1088 1293 1185 1331 illud
1198 1307 1283 1332 vnon
1312 1292 1378 1338 est,
1408 1293 1611 1339 sedlfimile
1641 1295 1789 1346 corpori
1804 1313 1816 1339 5

436 1373 507 1401 nec
528 1360 593 1398 ille
603 1359 715 1403 §fusus
745 1368 783 1398 et
802 1359 963 1398 candore
983 1359 1127 1398 mixtus
1158 1358 1274 1397 rubor
1299 1357 1448 1410 sanguis
1468 1358 1533 1405 est,
1563 1358 1625 1396 sed
1645 1359 1819 1410 quaedam

435 1423 627 1477 fitnguinis
648 1424 881 1464 fimilitud0:
913 1424 961 1463 fic
981 1424 1021 1462 in
1042 1424 1232 1476 Epicureo
1253 1424 1338 1462 Deo
1357 1437 1434 1462 non
1455 1436 1526 1468 τες,
1557 1423 1617 1462 sed
1637 1424 1818 1469 similitu,-

436 1489 544 1528 dines
564 1503 690 1534 rerum
709 1489 794 1528 effe.
825 1491 914 1534 Fac,
937 1489 990 1534 id,
1011 1489 1114 1541 quod
1133 1502 1180 1527 ne
1200 1489 1365 1540 intelligi
1385 1488 1697 1540 quidemypotest,
1719 1489 1819 1539 mihi

435 1554 507 1594 effe
525 1555 763 1607 persuasum:
795 1556 888 1593 cedo
918 1554 1017 1593 mihi
1037 1555 1195 1599 istorum
1224 1554 1539 1599 adumbratorum
1560 1554 1742 1603 ‘Deorum
1768 1554 1818 1592 li-

434 1629 647 1665 neamenta,
667 1630 780 1672 atque
794 1619 950 1658 formas.

480 1686 584 1726 'Non
616 1685 716 1727 deest
750 1684 825 1723 hoc
855 1685 941 1724 loco
961 1684 1070 1737 copia
1100 1684 1307 1728 rationum,
1342 1683 1482 1736 quibus
1515 1684 1650 1722 docere
1678 1684 1818 1730 velitis,

427 1749 621 1790 humanas
651 1749 722 1789 effe
741 1749 882 1789 formas
913 1751 1109 1788 Deorum:
1140 1749 1326 1801 primum,
1357 1747 1462 1800 quod
1486 1749 1538 1787 ita
1557 1749 1601 1786 fit
1631 1748 1818 1792 informa-

436 1824 536 1859 tum,
557 1815 885 1867 anticipatumque
905 1814 1100 1852 mentibus
1128 1813 1277 1858 nostris,
1307 1821 1351 1851 ut
1370 1811 1535 1858 homini,
1555 1826 1648 1851 cum
1666 1814 1714 1851 de
1733 1814 1820 1865 Deo

437 1880 593 1931 cogitet,
614 1878 737 1918 forma
755 1888 928 1917 occurrat
945 1877 1114 1916 humana
1131 1892 1140 1915 :
1162 1877 1310 1922 deinde,
1332 1885 1388 1922 ut,
1406 1877 1590 1929 quoniam
1604 1877 1714 1916 rebus
1730 1891 1818 1917 om·

438 1945 551 1984 nibus
581 1944 742 1984 excellat
771 1954 902 1984 natura
935 1944 1076 1989 divina,
1120 1943 1245 1984 forma
1273 1956 1427 1995 quoque
1459 1943 1530 1981 effe
1560 1942 1820 1995 pulcherrima

436 2010 568 2049 debeat
584 2029 596 2055 3
628 2023 697 2048 nec
717 2009 787 2048 effe
806 2009 976 2049 humana
994 2010 1113 2048 ullam
1132 2008 1407 2062 pulchriorem.
1436 2008 1611 2047 Tertiam
1630 2009 1817 2047 rationem

436 2075 592 2120 affertis,
612 2075 717 2128 quod
735 2075 841 2114 nulla
859 2075 900 2113 in
919 2076 990 2113 alia
1009 2075 1129 2127 figura
1148 2075 1393 2113 domicilium
1412 2075 1551 2117 mentis
1570 2074 1640 2113 esse
1659 2074 1784 2127 poffit.

493 2136 670 2174 Primum
690 2136 807 2188 igitur
823 2136 996 2201 quidque
1015 2135 1293 2173 confideremus
1309 2134 1420 2186 quale
1439 2135 1496 2173 fit.
1519 2135 1695 2187 Arripere
1714 2135 1818 2174 enim

439 2199 539 2239 mihi
559 2201 756 2245 videmini,
789 2201 892 2252 quasi
912 2200 1032 2239 vestro
1050 2201 1151 2251 jure,
1187 2213 1265 2238 rem
1295 2200 1403 2238 nullo
1427 2200 1544 2238 modo
1561 2200 1815 2252 probabilem.

441 2265 540 2315 Qis
575 2275 653 2303 tam
686 2278 807 2303 caecus
840 2265 880 2303 in
899 2265 1202 2318 contemplandis
1222 2265 1332 2303 rebus
1348 2279 1522 2317 unquam
1555 2264 1644 2309 fuit,
1675 2274 1718 2302 ut
1741 2278 1818 2303 non

441 2330 582 2367 videret
602 2330 740 2382 species
759 2330 842 2368 istas
861 2329 1069 2369 hominum
1088 2330 1242 2369 collatas
1261 2331 1301 2369 in
1322 2332 1424 2369 Deos
1443 2339 1508 2368 aut
1536 2329 1693 2367 consilio
1718 2343 1817 2381 quo-

442 2394 530 2432 dam
557 2395 780 2447 sapientum‚
814 2409 892 2447 quo
921 2395 1071 2434 facilius
1101 2396 1247 2435 animos
1278 2397 1544 2448 imperitorum
1580 2395 1624 2431 ad
1646 2395 1818 2432 Deorum

441 2460 592 2497 cultum
612 2473 632 2497 a
662 2461 745 2498 vitae
779 2462 959 2513 pravitate
987 2471 1249 2500 converterent
1263 2480 1276 2506 5
1307 2470 1372 2499 aut
1392 2460 1664 2512 superstitione,
1696 2469 1738 2496 ut
1763 2459 1819 2497 es-

441 2524 522 2564 sent
542 2525 749 2571 fimulacra,
779 2539 862 2579 quae
883 2536 1117 2573 venerantes,
1145 2528 1251 2574 ,Deos
1279 2525 1376 2578 ipsos
1408 2525 1443 2562 se
1464 2525 1563 2562 adire
1596 2523 1819 2563 crederent?

1343 2590 1382 2628 G
1402 2603 1428 2643 g
1446 2603 1471 2642 g
1502 2602 1523 2628 2
