2330 2983
760 302 1356 343 LUCULLUs.
1721 316 1766 356 13

371 399 467 454 quid
486 404 728 451 repugnaret,
748 396 965 435 videremus
984 396 997 433 ?
1028 396 1232 435 Memoriae
1262 395 1421 447 quidem
1439 402 1554 439 certe,
1586 408 1670 447 quae
1690 408 1766 434 non

371 465 490 505 modo
511 462 815 516 Philosophiam,
844 462 906 500 sed
938 462 1065 500 omnis
1096 462 1183 500 vitae
1213 461 1324 499 usum
1344 461 1552 513 omnesque
1578 470 1673 499 artes
1694 475 1770 500 una

372 531 542 570 maxime
571 529 758 573 continet,
791 526 890 565 nihil
925 528 1087 566 omnino
1107 527 1184 565 loci
1214 527 1457 579 relinquitur.
1517 528 1616 578 Qae
1649 527 1771 580 potest

372 596 479 635 enim
498 594 568 633 esse
589 594 776 633 memoria
794 592 976 631 falsorum
993 594 1006 631 ?
1027 602 1092 631 aut
1112 592 1206 644 quid
1221 592 1426 644 quisquam
1447 592 1642 637 meminit,
1666 593 1771 644 quod

371 677 450 701 non
472 662 603 700 animo
623 659 915 714 comprehendit
935 668 973 698 et
994 660 1123 698 tenet?
1154 660 1228 697 Ars
1249 672 1337 697 vero
1353 672 1437 711 quae
1454 657 1575 711 potest
1589 658 1673 703 effe,
1703 658 1771 696 nisi

371 742 456 781 quae
477 741 554 766 non
575 740 622 765 ex
642 739 729 771 una,
765 734 830 763 aut
849 739 897 764 ex
918 724 1079 770 duabus,
1110 724 1172 762 sed
1191 737 1238 762 ex
1258 724 1392 762 multis
1414 724 1532 761 animi
1554 725 1771 776 perceptio-

372 793 486 832 nibus
506 792 649 831 constat
665 793 678 829 ?
701 805 818 844 quam
834 791 860 829 fi
875 790 1115 835 subtraxeris,
1133 790 1201 842 qui
1216 790 1424 842 distingues
1441 788 1624 827 artificem
1641 789 1687 827 ab
1708 789 1772 827 in-

374 859 450 898 scio
467 860 480 897 ?
511 860 607 898 Non
626 858 731 896 enim
752 856 913 895 fortuito
933 856 1038 894 hunc
1058 856 1244 894 artificem
1265 856 1437 894 dicemus
1457 855 1541 900 effe,
1563 855 1677 893 illum
1700 870 1771 894 ne-

373 926 550 977 gabimus
566 943 578 969 5
611 923 671 961 sed
690 937 781 960 cum
802 923 964 960 alterum
981 931 1156 974 percepta
1175 931 1212 959 et
1227 920 1500 973 comprehensa
1518 930 1643 959 tenere
1663 922 1772 959 vide-

375 1002 478 1036 mus,
513 990 678 1028 alterum
704 1002 781 1026 non
801 988 924 1026 item:
953 1001 1122 1039 cumque
1151 987 1292 1025 artium
1313 987 1416 1024 aliud
1445 987 1632 1038 ejusmodi
1652 1001 1773 1039 genus

375 1056 433 1102 fit,
448 1066 492 1094 ut
512 1054 784 1094 tantummodo
803 1054 932 1091 animo
952 1067 1033 1090 rem
1054 1062 1209 1097 cernat,
1231 1052 1348 1097 aliud,
1370 1061 1414 1090 ut
1430 1052 1612 1090 moliatur
1626 1053 1774 1104 aliquid

375 1131 413 1160 et
445 1121 559 1159 faciat
574 1139 586 1166 3
624 1120 822 1172 quomodo
842 1128 906 1157 aut
937 1128 1149 1171 geometres
1181 1131 1331 1156 cernere
1365 1131 1406 1155 ea
1427 1117 1562 1170 potest,
1594 1131 1678 1170 quae
1708 1127 1774 1155 aut

374 1188 482 1226 nulla
500 1187 601 1231 sunt,
623 1195 688 1224 aut
708 1185 913 1223 internosci
934 1199 954 1222 a
971 1183 1069 1222 falfis
1091 1198 1167 1222 non
1188 1183 1368 1236 possunt?
1390 1193 1455 1221 aut
1474 1185 1520 1229 is,
1544 1185 1611 1236 qui
1631 1183 1773 1222 fidibus

375 1253 510 1298 utitur,
531 1251 683 1305 explere
704 1264 883 1289 numeros
903 1259 942 1288 et
961 1249 1147 1288 conficere
1168 1249 1292 1287 versus
1312 1250 1324 1286 ?
1348 1249 1466 1300 Qod
1483 1249 1587 1287 idem
1606 1249 1646 1287 in
1668 1249 1775 1287 fimi-

375 1319 476 1357 libus
497 1332 653 1371 quoque
672 1317 817 1355 artibus
838 1317 1037 1368 continget
1052 1334 1063 1360 ς
1101 1329 1264 1368 quarum
1285 1329 1402 1353 omne
1420 1328 1515 1368 opus
1536 1315 1589 1352 est
1608 1315 1648 1352 in
1675 1314 1774 1353 faci-

376 1385 475 1423 endo
494 1394 609 1436 atque
623 1383 784 1436 agendo.
818 1382 926 1433 Qid
945 1383 1051 1420 enim
1070 1381 1136 1426 est,
1157 1381 1262 1433 quod
1282 1390 1359 1419 arte
1378 1381 1479 1419 effici
1497 1381 1623 1433 poffit‚
1637 1381 1706 1419 nifi
1725 1382 1774 1427 is,

377 1450 446 1503 qui
467 1458 588 1488 artem
608 1448 796 1492 tractabit,
816 1447 940 1485 multa
959 1447 1198 1499 perceperit?

432 1516 544 1554 VIII.
577 1514 755 1553 Maxime
787 1525 875 1550 vero
895 1513 1085 1550 virtutum
1111 1512 1283 1564 cognitio
1314 1512 1530 1557 confirmat,
1563 1513 1707 1566 percipi
1736 1522 1776 1552 et

379 1578 654 1633 comprehendi
681 1577 804 1616 multa
823 1575 935 1630 poffe.
987 1578 1033 1615 In
1053 1577 1194 1629 quibus
1215 1577 1302 1614 solis
1326 1577 1439 1615 ineffe
1459 1577 1656 1616 scientiam
1674 1578 1774 1616 dici-

377 1658 464 1685 mus
476 1663 489 1690 3
511 1658 628 1697 quam
649 1657 716 1682 nos
737 1657 814 1681 non
833 1641 1214 1695 comprehenfionem
1233 1643 1351 1681 modo
1368 1657 1509 1688 rerum,
1525 1643 1584 1682 sed
1600 1657 1683 1682 eam
1699 1644 1774 1682 sta-

376 1710 499 1749 bilem
518 1723 675 1763 quoque
694 1718 808 1760 atque
827 1708 1114 1747 immutabilem
1135 1708 1205 1746 effe
1224 1709 1446 1754 censemus;
1482 1710 1655 1761 itemque
1674 1709 1776 1763 sapi-

376 1776 535 1820 entiam,
553 1784 673 1813 artem
699 1773 865 1818 vivendi,
887 1787 972 1826 quae
991 1773 1068 1826 ipsa
1087 1787 1133 1812 ex
1149 1772 1220 1811 sese
1240 1772 1377 1811 habeat
1396 1773 1659 1813 constantiam.
1719 1776 1778 1813 Ea

376 1851 506 1880 autem
525 1840 735 1879 constantia
755 1840 780 1878 fi
796 1839 895 1878 nihil
911 1839 1048 1877 habeat
1067 1840 1238 1893 percepti
1254 1849 1292 1877 et
1310 1841 1471 1892 cogniti,
1503 1854 1644 1892 quaero,
1674 1841 1777 1878 unde

376 1918 463 1947 nata
478 1908 523 1946 fit
555 1917 593 1946 et
616 1907 839 1960 quomodo?
872 1908 1014 1958 Qaero
1033 1908 1165 1952 etiam,
1202 1907 1268 1944 ille
1293 1907 1350 1944 vir
1380 1907 1519 1952 bonus,
1549 1908 1617 1959 qui
1644 1907 1776 1945 statuit

376 1988 536 2014 omnem
570 1974 785 2012 cruciatum
823 1972 1000 2026 perferre,
1036 1973 1269 2011 intolerabili
1301 1973 1431 2011 dolore
1462 1974 1614 2012 lacerari
1645 1974 1778 2026 potius

376 2054 495 2093 quam
514 2050 578 2079 aut
594 2040 770 2078 officium
791 2039 938 2092 prodat,
960 2048 1024 2077 aut
1045 2039 1176 2084 fidem,
1198 2053 1266 2077 cur
1282 2038 1347 2078 has
1374 2040 1444 2078 fibi
1471 2049 1551 2078 tam
1566 2053 1695 2093 graves
1717 2040 1775 2078 le-

376 2120 441 2159 ges
477 2105 716 2159 imposuerit,
741 2119 848 2150 cum,
883 2105 1137 2158 quamobrem
1167 2106 1219 2143 ita
1252 2114 1457 2158 oporteret,
1491 2104 1589 2143 nihil
1620 2105 1778 2144 haberet

377 2171 656 2225 comprehensi,
688 2172 869 2224 percepti,
905 2171 1065 2224 cogniti,
1096 2171 1328 2210 constituti?
1358 2172 1485 2210 Nullo
1506 2172 1624 2224 igitur
1658 2172 1781 2210 modo

377 2238 456 2276 fieri
478 2237 612 2291 potest,
648 2246 691 2275 ut
723 2237 926 2289 quisquam
958 2237 1052 2275 tanti
1083 2237 1241 2275 aestimet
1272 2237 1490 2289 aequitatem
1511 2247 1549 2275 et
1569 2237 1699 2282 fidem,
1731 2246 1777 2274 ut

377 2304 458 2355 ejus
478 2302 739 2342 consewandae
759 2302 866 2340 causa
886 2302 1039 2341 nullum
1061 2302 1296 2356 supplicium
1317 2303 1475 2348 recuset,
1506 2303 1574 2341 nisi
1595 2303 1641 2341 iis
1662 2303 1780 2341 rebus

378 2368 535 2407 affensus
554 2369 611 2414 fit,
633 2383 718 2422 quae
738 2368 837 2407 falsae
854 2368 924 2407 effe
945 2383 1022 2407 non
1043 2369 1206 2422 poss'unt.

435 2434 517 2487 Ipsa
549 2448 637 2473 vero
657 2435 850 2488 sapientia,
882 2435 907 2473 s1
941 2435 974 2472 se
994 2435 1201 2488 ignorabit,
1232 2435 1411 2487 sapientia
1444 2435 1502 2479 fit,
1534 2447 1665 2479 necne,
1697 2447 1782 2486 qno

380 2500 497 2539 modo
509 2499 681 2553 primum
700 2501 893 2539 obtinebit
911 2514 1053 2539 nomen
1066 2501 1254 2554 sapientiae
1273 2501 1286 2538 ?
1309 2501 1459 2538 Deinde
1472 2513 1550 2552 quo
1563 2499 1679 2538 modo
1696 2500 1778 2538 sus-

377 2567 504 2619 cipere
523 2566 694 2619 aliquam
716 2580 812 2611 rem,
847 2575 913 2604 aut
933 2579 1041 2619 agere
1062 2566 1220 2604 fidenter
1241 2566 1408 2611 audebit,
1439 2579 1530 2603 cum
1550 2566 1644 2603 certi
1674 2564 1777 2603 nihi}

377 2633 462 2679 erit,
485 2633 586 2686 quod
609 2633 782 2686 sequatur
800 2633 813 2670 ?
845 2633 952 2672 Cum
979 2645 1068 2672 vero
1097 2632 1303 2678 dubitabit,
1323 2633 1417 2685 quid
1437 2631 1482 2672 fit
1500 2642 1719 2671 extremum
1737 2640 1780 2670 et
