2330 2983
572 273 650 300 210
900 304 903 307 ¹
993 257 1096 297 DE
1155 255 1540 297 FINIBUS

571 362 704 414 easque
724 360 881 400 virtutes
909 360 977 414 qui
1003 359 1159 406 habent,
1181 359 1363 413 ingeniofi
1393 354 1590 398 vocantur.
1635 357 1818 397 Alterum
1837 364 1975 397 autem-

571 440 691 480 genus
711 425 764 464 est
783 438 1009 479 magnarum
1027 438 1280 477 verarumque
1302 425 1507 469 virtutum,
1528 436 1621 476 quas
1641 422 1878 476 appellamus
1897 435 1973 460 vo-

572 491 768 537 luntarias‚
789 501 832 530 ut
851 491 1108 545 prudentiam,
1138 490 1443 544 temperantiam,
1464 489 1748 535 fortitudinem,
1763 487 1977 542 justitiam„

573 566 612 595 et
632 557 795 610 reliquas
814 556 983 609 ejusdem
1005 556 1170 609 generis.

630 623 685 661 Et
716 622 940 661 summatim
969 623 1130 674 quidem
1159 621 1241 661 haec
1266 631 1371 660 erant
1404 622 1450 660 de
1484 634 1641 674 corpore
1669 620 1878 672 animoque
1907 617 1970 656 di-

574 688 694 727 cenda
705 706 717 733 ς
737 689 880 741 quibus
900 688 1002 741 quasi
1022 687 1275 726 informatum
1294 687 1360 732 est,
1377 687 1481 739 quod
1500 686 1672 725 hominis
1687 694 1820 724 natura
1839 683 1971 738 postu-

575 753 643 793 let.
680 754 742 792 Ex
771 766 850 806 quo
877 752 1123 806 perspicuum
1153 753 1219 797 est,
1254 753 1437 805 quoniam
1468 751 1537 804 ipsi
1566 765 1586 789 a
1612 751 1723 789 nobis
1749 749 1971 802 diligamur,

575 819 784 871 omniaque
811 827 850 856 et
883 818 923 856 in
954 818 1085 857 animo
1111 826 1150 855 et
1179 818 1220 856 in
1250 830 1408 870 corpore
1427 815 1592 869 perfecta
1615 816 1779 854 velimus
1812 813 1897 858 effe,
1931 826 1978 851 ea

578 884 688 923 nobis
719 883 798 937 ipsa
816 896 900 922 cara
928 882 1000 921 effe
1020 891 1173 936 propter
1193 882 1243 928 se,
1273 891 1311 920 et
1341 882 1386 920 in·
1401 882 1447 920 iis
1473 881 1543 920 effe
1573 881 1620 920 ad
1639 881 1736 920 bene
1763 879 1979 918 vivendum-

578 958 777 989 momenta
796 948 978 987 maxima.
1011 949 1118 988 Nam
1137 948 1202 987 cui
1220 947 1410 1002 proposita
1426 947 1470 986 s1t
1489 947 1723 986 conservatio
1740 945 1812 991 sui,
1833 943 1981 984 neceffe

578 1015 632 1054 est
651 1014 743 1054 huic
763 1023 884 1068 partes
905 1028 1062 1067 quoqne
1081 1014 1140 1052 sui
1157 1027 1258 1052 caras
1278 1013 1364 1059 effe,
1391 1013 1640 1066 carioresque,
1672 1026 1751 1065 quo
1769 1010 1975 1065 perfectio-

579 1094 636 1119 res
658 1081 743 1126 sint,
778 1089 816 1118 et
836 1080 957 1132 magis
978 1080 1019 1117 in
1037 1079 1104 1118 suo
1123 1093 1260 1132 genere
1280 1079 1502 1118 laudabiles.
1552 1080 1610 1117 Ea
1637 1079 1742 1117 enim
1762 1077 1839 1115 vita
1857 1088 1974 1129 expe-

580 1147 688 1192 titur,
719 1160 804 1200 quae
829 1146 875 1185 s1t
903 1146 1025 1184 animi
1057 1145 1301 1199 corporisque
1329 1145 1480 1199 expleta
1507 1145 1741 1189 virtutibus;
1777 1144 1817 1182 in
1854 1154 1978 1195 eoque

581 1213 779 1252 summum
800 1213 948 1251 bonum
968 1213 1061 1266 poni
1078 1212 1220 1251 necesse
1238 1212 1304 1257 est,
1333 1211 1648 1265 quandoquidem
1667 1211 1708 1249 id
1728 1210 1800 1249 tale
1817 1208 1888 1248 esse
1907 1208 1983 1247 de-

582 1281 660 1326 bet,
691 1288 735 1318 ut
754 1291 881 1317 rerum
901 1279 1201 1331 expetendarum
1221 1278 1264 1316 fit
1283 1287 1515 1316 extremum.
1556 1278 1649 1329 Qo
1667 1277 1841 1330 cognito,
1860 1275 1980 1313 dubi·

581 1346 651 1385 tari
670 1359 748 1384 non
778 1343 914 1397 potest,
949 1344 1058 1396 quin,
1092 1357 1184 1382 cum
1204 1343 1273 1396 ipsi
1293 1342 1470 1382 homines
1491 1343 1561 1381 fibi
1579 1343 1653 1381 fint
1685 1355 1752 1395 per
1779 1341 1815 1380 fe
1844 1349 1886 1378 et.
1916 1339 1987 1378 sua.

583 1412 714 1465 sponte
733 1410 824 1455 cari,
845 1418 968 1463 partes
988 1422 1144 1462 quoque
1163 1417 1202 1447 et
1216 1409 1401 1463 corporis,
1416 1417 1455 1446 et
1473 1408 1606 1453 animi,
1627 1416 1666 1446 et
1684 1420 1814 1445 earum
1834 1419 1989 1450 rerum,x

581 1492 664 1531 quae
685 1476 771 1515 sunt
791 1476 831 1514 in
853 1474 1048 1528 utriusque
1068 1484 1179 1514 motu
1199 1483 1236 1512 et
1256 1474 1366 1521 statu,
1387 1474 1450 1513 sua
1469 1474 1622 1512 caritate
1641 1473 1830 1518 colantur,
1855 1481 1894 1510 et
1912 1484 1981 1525 per

583 1543 618 1582 se
638 1542 726 1596 ipsae
745 1550 986 1595 appetantur.

639 1607 794 1661 Qibus
814 1607 1007 1660 expofitiS,
1042 1605 1166 1645 facilis
1197 1607 1250 1645 est
1279 1607 1510 1659 conjectura,
1541 1619 1583 1644 ea
1607 1605 1778 1644 maxime
1808 1603 1879 1643 effe
1910 1616 1980 1642 ex-

585 1673 744 1728 petenda
763 1687 808 1712 ex
831 1672 978 1717 nostris,
1001 1686 1085 1725 quae
1104 1672 1319 1725 plurimum
1349 1671 1492 1710 habent
1512 1671 1737 1724 dignitatis;
1761 1679 1804 1708 ut
1823 1670 1982 1722 optimae

583 1739 767 1793 cujusque
787 1738 917 1792 partis,
939 1752 1022 1790 quae
1043 1752 1108 1791 per
1128 1738 1162 1776 se
1183 1748 1395 1791 expetatur,
1423 1738 1542 1777 virtus
1563 1738 1606 1776 fit
1625 1736 1836 1790 expetenda
1855 1736 1989 1774 maxi-

584 1820 661 1845 me.
715 1806 770 1843 lta
789 1804 867 1848 fiet,
904 1813 946 1842 ut
967 1804 1086 1842 animi
1107 1804 1226 1842 virtus
1249 1805 1417 1857 corporis
1439 1804 1574 1842 virtuti.
1602 1812 1871 1856 anteponatur,
1898 1802 1984 1840 ani-

586 1874 718 1926 mique
738 1872 897 1910 virtutes
920 1884 995 1908 non
1019 1869 1247 1908 voluntarias
1268 1871 1423 1909 vincant
1444 1871 1602 1909 virtutes
1623 1869 1871 1913 voluntariae;
1900 1881 1992 1921 quae—

585 1939 743 1993 quidem
766 1937 914 1990 proprie
935 1937 1092 1974 virtutes
1107 1936 1360 1989 appellantur,
1380 1936 1628 1989 multumque
1640 1936 1848 1980 excellunt,
1867 1949 1987 1987 prop·

588 2015 686 2043 terea
705 2002 808 2056 quod
830 2015 875 2040 ex
898 2001 1040 2039 ratione
1056 2002 1282 2054 gignuntur,
1300 2015 1374 2053 qua
1392 2001 1489 2040 nihil
1507 2001 1558 2039 est
1575 2002 1614 2039 in
1630 1999 1789 2039 homine
1802 2000 1986 2039 divinius.

591 2070 746 2110 Etenim
767 2069 945 2107 omnium
967 2081 1108 2113 rerum,
1133 2081 1225 2120 quas
1246 2077 1283 2106 et
1303 2077 1404 2106 creat
1426 2077 1570 2112 natura,
1597 2076 1635 2105 et
1656 2076 1797 2111 tuetur,
1819 2080 1903 2118 quae
1923 2076 1991 2104 aut

590 2137 664 2175 line
684 2135 814 2173 animo
835 2134 919 2178 fint,
941 2142 1005 2172 aut
1026 2147 1102 2172 non
1125 2134 1251 2172 multo
1272 2133 1388 2179 secus,
1410 2147 1539 2172 earum
1557 2133 1755 2171 summum
1777 2132 1924 2170 bonum
1947 2133 1990 2171 in

589 2215 747 2256 corpore
767 2200 843 2245 est;
875 2210 918 2238 ut
938 2214 1014 2238 non
1036 2199 1170 2238 inscite
1191 2200 1287 2238 illud
1308 2200 1457 2239 dictum
1471 2199 1642 2239 videatur
1662 2200 1700 2237 in
1723 2199 1797 2244 sue,
1819 2199 1989 2237 animam

592 2269 647 2307 illi
670 2267 808 2322 pecudi
829 2267 953 2305 datam
976 2281 1044 2320 pro
1066 2266 1151 2312 sale,
1174 2281 1219 2305 ne
1239 2267 1480 2320 putresceret.

646 2335 758 2374 XIV.
791 2335 886 2372 Sunt
917 2344 1044 2372 autem
1067 2333 1191 2372 bcstiae
1210 2334 1399 2386 quaedam,
1433 2334 1471 2371 in
1493 2333 1634 2386 quibus
1655 2333 1749 2372 inest
1775 2332 1921 2385 aliquid
1941 2332 1991 2371 si-

595 2402 687 2440 mile
708 2401 873 2446 virtutis,
896 2409 936 2438 ut
959 2401 996 2438 in
1018 2399 1209 2445 leonibus,
1231 2410 1272 2438 ut
1298 2401 1335 2438 in
1361 2400 1533 2444 canibus,
1556 2409 1597 2438 ut
1620 2401 1656 2438 in
1679 2399 1786 2452 equis
1805 2417 1815 2443 ;
1839 2399 1878 2437 in
1899 2399 1991 2451 qui-

597 2469 666 2506 bus
689 2481 763 2505 non
784 2480 989 2520 corporum
1011 2465 1149 2511 solum,
1168 2476 1209 2504 ut
1230 2467 1269 2504 in
1287 2466 1431 2511 suibus,
1450 2466 1640 2505 sedetiam
1661 2466 1895 2509 animorum,
1917 2464 1991 2502 ali-

597 2546 671 2585 qua
691 2547 735 2570 cx
760 2542 878 2585 parte,
900 2542 1028 2572 motus
1050 2532 1234 2586 quosdam
1255 2532 1443 2571 videmus.
1491 2533 1534 2571 In
1557 2532 1715 2571 homine
1736 2540 1864 2569 autem
1886 2530 1992 2568 sum-

598 2613 660 2638 ma
680 2599 806 2638 omnis
827 2599 945 2638 animi
967 2599 1032 2646 cst,
1049 2599 1142 2639 etin
1163 2599 1305 2647 animo,
1327 2599 1508 2645 rationis,
1529 2613 1576 2639 cx
1592 2612 1668 2652 qua
1686 2598 1806 2637 virtus
1820 2596 1886 2642 est,
1907 2609 1996 2648 qua:
