2330 2983
635 292 708 331 292
933 276 1702 319 TUSCULANARUM

631 378 696 415 ista
715 376 838 422 mihi;
869 389 946 416 non
980 377 1085 416 enim
1115 377 1200 416 satis
1230 378 1418 432 intelligo,
1447 376 1543 432 quid
1572 379 1770 418 summurn
1800 379 1902 418 dicas
1927 380 2012 427 effe,

631 443 725 494 quid
746 443 869 481 breve.
914 443 1105 488 Summum,
1137 459 1201 497 quo
1220 445 1566 498 nihilſstfitperius:
1596 446 1716 491 breve,
1738 459 1802 499 quo
1823 445 1917 484 nihil
1929 446 2012 485 bre-

631 507 725 546 vius.
768 509 954 547 Contemno
972 508 1245 561 magnitudinem
1275 509 1412 556 doloris,
1441 526 1465 549 a
1483 525 1553 564 qua
1580 525 1633 549 me
1659 511 1820 550 brevitas
1850 512 2015 564 temporis

630 573 828 612 vindicabit
845 582 930 612 ante
940 582 1029 626 pene
1047 588 1151 627 quam
1179 575 1332 614 venerit.
1375 576 1447 614 Sed
1466 576 1491 614 fi
1511 576 1563 614 est
1583 585 1708 614 tantus
1731 576 1853 621 dolor,
1889 590 2012 628 quan·

633 646 694 676 tus
715 637 947 683 Philoctetae,
978 639 1074 677 bene
1106 639 1216 692 plane
1246 653 1407 692 magnus
1436 640 1536 679 mihi
1567 642 1724 693 quidem
1757 642 1921 685 videtur,
1951 641 2013 679 sed

633 711 759 741 tamen
780 715 856 741 non
875 703 1047 741 summus
1064 721 1076 748 ς
1107 702 1204 742 nihil
1224 705 1326 742 enirn
1348 705 1465 749 dolet,
1496 706 1563 743 nifi
1584 719 1662 757 pes.
1694 705 1852 744 Poffunt
1878 705 1982 744 oculi
1998 723 2012 750 ς

632 768 754 820 potest
783 778 910 820 caput,
942 768 1069 813 latera,
1100 768 1326 821 pulmones;
1359 770 1510 822 poffunt
1538 771 1682 808 omnia.
1731 771 1866 822 Longe
1896 771 2015 822 igitur

632 833 732 871 abest
751 845 771 870 a
789 833 941 871 summo
958 833 1102 872 dolore.
1132 835 1247 886 Ergo,
1268 834 1409 887 inquit,
1432 834 1526 873 dolor
1544 834 1735 873 diuturnus
1752 834 1859 873 habet
1876 835 2017 874 laetitiae

624 898 720 950 plus,
742 912 846 951 quam
863 898 1030 952 molestia.

686 963 806 1002 Nunc
837 976 910 1016 ego
946 977 1023 1002 non
1061 963 1209 1017 possum
1246 973 1397 1003 tantum
1429 963 1631 1003 hominem
1669 963 1768 1003 nihil
1801 963 1926 1017 sapere
1952 963 2015 1002 di-

631 1039 715 1066 cere
729 1047 742 1074 ;
773 1029 834 1067 sed
856 1041 924 1067 nos
950 1030 998 1067 ab
1013 1042 1059 1068 eo
1074 1029 1235 1067 derideri
1250 1038 1360 1082 puto.
1402 1031 1487 1083 Ego
1491 1031 1670 1082 stammam
1689 1030 1861 1068 dolorem
1888 1029 2014 1081 (sum-

633 1108 744 1133 murn
774 1104 902 1133 autem
929 1095 1028 1140 dico,
1058 1096 1174 1133 etiam
1205 1095 1230 1133 fi
1261 1095 1394 1133 decem
1414 1097 1551 1134 atomis
1580 1097 1633 1134 est
1653 1097 1773 1148 major
1791 1095 1904 1147 alius)
1936 1107 2014 1133 non

632 1161 819 1199 continuo
851 1160 937 1198 dico
961 1159 1031 1197 effe
1059 1159 1200 1199 brevem
1215 1178 1226 1205 ς
1257 1160 1474 1213 multosque
1494 1161 1641 1213 possum
1671 1161 1790 1199 bonos
1811 1160 1910 1198 viros
1941 1172 2013 1198 no·

632 1225 794 1270 minare,
843 1226 911 1277 qui
948 1225 1163 1277 complures
1199 1238 1316 1263 annos
1353 1226 1548 1264 doloribus
1587 1227 1758 1279 podagra:
1795 1226 2014 1263 crucientur

632 1290 824 1328 maximis.
884 1290 954 1327 Sed
986 1288 1106 1328 homo
1131 1300 1263 1328 cautus
1283 1304 1481 1343 nunquam
1501 1292 1680 1329 terminat
1711 1304 1779 1328 nec
1814 1291 2011 1344 magnitu-

629 1355 745 1399 dinis,
775 1367 844 1393 nec
864 1355 1124 1393 diuturnitatis
1150 1355 1327 1400 modum,
1358 1364 1400 1393 ut
1419 1355 1532 1393 sciam
1566 1356 1662 1407 quid
1681 1355 1878 1393 summum
1910 1355 2013 1393 dicat

631 1420 671 1459 in
689 1421 831 1467 dolore,
849 1420 942 1474 quid
963 1421 1074 1459 breve
1092 1421 1132 1459 in
1155 1430 1338 1475 tempore.
1377 1422 1617 1460 Omittamus
1637 1420 1742 1460 hunc
1761 1421 1892 1474 igitur,
1914 1419 2012 1458 nihil

631 1486 779 1538 prorsus
798 1487 1015 1530 dicentem,
1046 1487 1300 1539 cogamusque
1318 1487 1507 1532 confiteri,
1538 1500 1615 1525 non
1635 1487 1706 1525 esse
1733 1487 1780 1525 ab
1800 1499 1845 1525 eo
1870 1486 2013 1524 doloris

631 1552 795 1590 remedia
827 1552 1039 1604 quaerenda,
1073 1553 1141 1604 qui
1172 1553 1342 1591 dolorem
1363 1553 1552 1591 malorum
1586 1554 1765 1591 omnium
1795 1553 2011 1591 maximum

631 1617 768 1655 dixerit
785 1634 795 1661 ς
828 1617 1003 1668 quamvis
1023 1616 1125 1654 idem
1146 1615 1371 1655 forticulum
1393 1617 1427 1655 se
1450 1618 1488 1654 in
1511 1617 1757 1662 torminibus,
1779 1618 1871 1655 etin
1892 1616 2010 1655 stran-

630 1681 736 1735 guria
762 1682 824 1720 sua
856 1681 1030 1734 praebeat.
1077 1681 1245 1720 Aliunde
1276 1683 1392 1735 igitur
1425 1682 1476 1720 est
1508 1683 1707 1735 quaerenda
1739 1682 1943 1726 medicina,
1974 1691 2010 1719 et

628 1748 797 1787 maxime
816 1747 988 1799 quidem,
1012 1747 1070 1799 (fi,
1092 1747 1186 1800 quid
1205 1749 1373 1786 maxime
1391 1748 1684 1786 consentaneum
1705 1748 1764 1792 fit,
1783 1748 2008 1800 quaerimus)

629 1815 676 1852 ab
696 1813 756 1858 iis,
770 1813 926 1866 quibus,
942 1813 1046 1865 quod
1062 1811 1263 1852 honestum
1285 1814 1343 1858 fit,
1362 1813 1557 1852 summum
1578 1814 1739 1858 bonum,
1759 1813 1864 1866 quod
1883 1822 2010 1866 turpe,

629 1878 826 1917 summum
846 1878 995 1916 videtur
1016 1878 1175 1917 malum.
1214 1878 1289 1917 His
1310 1887 1352 1916 tu
1372 1878 1613 1931 praesentibus
1635 1891 1798 1931 gemere,
1819 1887 1856 1915 et
1875 1887 1912 1915 te
1926 1879 2009 1929 jac-

628 1953 706 1982 tare
726 1957 801 1981 non
821 1943 975 1981 audebis
994 1941 1186 1995 profecto:
1210 1943 1387 1996 loquetur
1405 1945 1509 1982 enim
1530 1957 1663 1982 eorum
1684 1956 1776 1981 voce
1795 1943 1913 1981 virtus
1934 1941 2012 1995 ipsa

628 2018 771 2048 tecum.

684 2074 774 2112 XX.
806 2074 935 2117 Tune,
952 2086 1041 2110 cum
1067 2085 1202 2125 pueros
1223 2073 1507 2117 Lacedaemone,
1529 2071 1779 2110 adolescentes
1801 2071 2006 2124 Olympiae,

631 2140 802 2177 barbaros
835 2138 873 2176 in
906 2151 1012 2176 arena
1046 2138 1183 2175 videris
1213 2138 1443 2191 excipientes
1474 2137 1701 2190 graviffimas
1722 2137 1862 2190 plagas,
1893 2147 1930 2174 et
1950 2136 2007 2174 fe-

630 2213 750 2241 rentes
773 2203 930 2247 silentio,
961 2203 986 2240 si
1008 2212 1043 2240 te
1063 2201 1160 2240 forte
1181 2202 1288 2240 dolor
1308 2202 1443 2255 aliquis
1465 2202 1690 2255 pervellerit,
1718 2202 1946 2240 exclamabis
1967 2212 2008 2239 ut

629 2269 796 2308 mulier?
827 2269 919 2307 Non
939 2268 1149 2307 constanter
1169 2278 1205 2305 et
1227 2268 1345 2306 sedate
1365 2267 1459 2306 seres
1478 2269 1490 2305 ?
1514 2268 1612 2306 Fieri
1635 2282 1708 2306 non
1732 2267 1872 2320 potest:
1896 2277 2006 2305 natu—

630 2348 669 2372 ra
688 2347 763 2372 non
785 2334 939 2387 patitur.
963 2333 1105 2372 Audio.
1139 2334 1250 2371 Pueri
1267 2333 1407 2379 ferunt,
1428 2334 1549 2387 glori-1⁴1
1569 2334 1695 2371 ducti:
1720 2333 1844 2371 ferunt
1864 2332 2007 2385 pudore

629 2401 706 2445 alii,
729 2399 841 2438 multi
864 2408 994 2437 metu:
1025 2408 1062 2436 et
1084 2408 1209 2436 tamen
1230 2413 1416 2444 veremur,
1450 2409 1492 2437 ut
1512 2398 1599 2442 hoc,
1630 2399 1733 2451 quod
1763 2412 1783 2436 a
1803 2409 1880 2436 tam
1902 2397 2004 2436 mul-

630 2467 692 2508 tis,
726 2474 764 2503 et
784 2465 887 2518 quod
914 2474 969 2503 tot
989 2464 1082 2502 locis
1103 2463 1324 2517 perferatur,
1348 2476 1476 2503 natura
1512 2465 1672 2517 patiatur
1692 2465 1702 2500 ?
1736 2464 1805 2502 Illa
1824 2476 1910 2501 vero
1931 2475 2005 2499 uon

628 2530 746 2568 modo
767 2531 919 2582 patitur,
939 2542 1070 2568 verum
1090 2529 1204 2566 etiam
1232 2529 1405 2581 postulat.
1439 2528 1550 2567 Nihil
1572 2530 1675 2567 enim
1696 2528 1809 2566 habet
1829 2527 2002 2580 praestan-

630 2597 718 2641 tius,
740 2595 852 2640 nihil,
875 2595 978 2648 quod
999 2595 1118 2648 magis
1138 2604 1301 2647 expetat,
1324 2609 1438 2647 quim
1460 2594 1676 2638 honestum.
1704 2606 1819 2646 quam
1836 2591 2001 2636 laudem,
