<?xml version="1.0" encoding="UTF-8"?>
<!DOCTYPE html PUBLIC "-//W3C//DTD XHTML 1.0 Transitional//EN"
    "http://www.w3.org/TR/xhtml1/DTD/xhtml1-transitional.dtd">
<html xmlns="http://www.w3.org/1999/xhtml" xml:lang="en" lang="en">
 <head>
  <title>
</title>
<meta http-equiv="Content-Type" content="text/html;charset=utf-8" />
  <meta name='ocr-system' content='tesseract 3.04.00' />
  <meta name='ocr-capabilities' content='ocr_page ocr_carea ocr_par ocr_line ocrx_word'/>
</head>
<body>
  <div class='ocr_page' id='page_1' title='image "./operacumindicibu02ciceuoft_0165.png"; bbox 0 0 2330 2983; ppageno 0'>
   <div class='ocr_carea' id='block_1_1' title="bbox 678 233 1756 289">
    <p class='ocr_par' dir='ltr' id='par_1_1' title="bbox 678 233 1756 289">
     <span class='ocr_line' id='line_1_1' title="bbox 678 233 1756 289; baseline -0.001 -15"><span class='ocrx_word' id='word_1_1' title='bbox 678 234 954 274; x_wconf 89' lang='lat' dir='ltr'>LIBER</span> <span class='ocrx_word' id='word_1_2' title='bbox 1009 233 1431 272; x_wconf 84' lang='lat' dir='ltr'><strong>TERTIUS.</strong></span> <span class='ocrx_word' id='word_1_3' title='bbox 1682 248 1756 289; x_wconf 85' lang='lat'>¹57</span> 
     </span>
    </p>
   </div>
   <div class='ocr_carea' id='block_1_2' title="bbox 364 329 1772 2555">
    <p class='ocr_par' dir='ltr' id='par_1_2' title="bbox 364 329 1763 697">
     <span class='ocr_line' id='line_1_2' title="bbox 364 329 1758 384; baseline -0.002 -13"><span class='ocrx_word' id='word_1_4' title='bbox 364 331 449 377; x_wconf 73' lang='lat' dir='ltr'>ess‘e,</span> <span class='ocrx_word' id='word_1_5' title='bbox 466 345 557 370; x_wconf 89' lang='lat' dir='ltr'>cum</span> <span class='ocrx_word' id='word_1_6' title='bbox 573 331 737 384; x_wconf 91' lang='lat' dir='ltr'>equuleo</span> <span class='ocrx_word' id='word_1_7' title='bbox 754 340 972 383; x_wconf 83' lang='lat' dir='ltr'>torqueatur</span> <span class='ocrx_word' id='word_1_8' title='bbox 988 331 1001 368; x_wconf 89' lang='lat'>?</span> <span class='ocrx_word' id='word_1_9' title='bbox 1023 343 1155 368; x_wconf 90' lang='lat' dir='ltr'>eorum</span> <span class='ocrx_word' id='word_1_10' title='bbox 1176 339 1317 375; x_wconf 90' lang='lat' dir='ltr'>autem,</span> <span class='ocrx_word' id='word_1_11' title='bbox 1335 330 1403 383; x_wconf 91' lang='lat' dir='ltr'>qui</span> <span class='ocrx_word' id='word_1_12' title='bbox 1419 329 1591 368; x_wconf 78' lang='lat' dir='ltr'>dolorem</span> <span class='ocrx_word' id='word_1_13' title='bbox 1613 330 1652 368; x_wconf 87' lang='lat' dir='ltr'>in</span> <span class='ocrx_word' id='word_1_14' title='bbox 1673 343 1758 368; x_wconf 89' lang='lat' dir='ltr'>ma-</span> 
     </span>
     <span class='ocr_line' id='line_1_3' title="bbox 365 396 1758 448; baseline -0.002 -12"><span class='ocrx_word' id='word_1_15' title='bbox 365 398 412 436; x_wconf 88' lang='lat' dir='ltr'>lis</span> <span class='ocrx_word' id='word_1_16' title='bbox 433 412 510 436; x_wconf 90' lang='lat' dir='ltr'>non</span> <span class='ocrx_word' id='word_1_17' title='bbox 529 397 685 441; x_wconf 90' lang='lat' dir='ltr'>habent,</span> <span class='ocrx_word' id='word_1_18' title='bbox 717 397 812 434; x_wconf 90' lang='lat' dir='ltr'>ratio</span> <span class='ocrx_word' id='word_1_19' title='bbox 832 406 932 434; x_wconf 89' lang='lat' dir='ltr'>certe</span> <span class='ocrx_word' id='word_1_20' title='bbox 952 397 1070 448; x_wconf 83' lang='lat' dir='ltr'>cogit,</span> <span class='ocrx_word' id='word_1_21' title='bbox 1101 397 1157 433; x_wconf 87' lang='lat' dir='ltr'>uti</span> <span class='ocrx_word' id='word_1_22' title='bbox 1177 397 1216 434; x_wconf 89' lang='lat' dir='ltr'>in</span> <span class='ocrx_word' id='word_1_23' title='bbox 1237 397 1419 434; x_wconf 90' lang='lat' dir='ltr'>omnibus</span> <span class='ocrx_word' id='word_1_24' title='bbox 1441 396 1641 435; x_wconf 87' lang='lat' dir='ltr'>tormentis</span> <span class='ocrx_word' id='word_1_25' title='bbox 1662 409 1758 434; x_wconf 89' lang='lat' dir='ltr'>con-</span> 
     </span>
     <span class='ocr_line' id='line_1_4' title="bbox 365 461 1758 514; baseline -0.001 -13"><span class='ocrx_word' id='word_1_26' title='bbox 365 463 530 501; x_wconf 85' lang='lat' dir='ltr'>servetur</span> <span class='ocrx_word' id='word_1_27' title='bbox 548 464 656 501; x_wconf 86' lang='lat' dir='ltr'>beata</span> <span class='ocrx_word' id='word_1_28' title='bbox 680 462 757 500; x_wconf 89' lang='lat' dir='ltr'>vita</span> <span class='ocrx_word' id='word_1_29' title='bbox 776 461 947 514; x_wconf 88' lang='lat' dir='ltr'>sapienti.</span> <span class='ocrx_word' id='word_1_30' title='bbox 979 462 1138 499; x_wconf 87' lang='lat' dir='ltr'><strong>Etenim</strong></span> <span class='ocrx_word' id='word_1_31' title='bbox 1170 461 1195 499; x_wconf 89' lang='lat' dir='ltr'>fi</span> <span class='ocrx_word' id='word_1_32' title='bbox 1227 461 1376 499; x_wconf 88' lang='lat' dir='ltr'>dolores</span> <span class='ocrx_word' id='word_1_33' title='bbox 1406 461 1557 500; x_wconf 91' lang='lat' dir='ltr'>eosdem</span> <span class='ocrx_word' id='word_1_34' title='bbox 1578 461 1758 500; x_wconf 90' lang='lat' dir='ltr'>tolerabi-</span> 
     </span>
     <span class='ocr_line' id='line_1_5' title="bbox 364 526 1760 581; baseline -0.001 -15"><span class='ocrx_word' id='word_1_35' title='bbox 364 528 440 566; x_wconf 86' lang='lat' dir='ltr'><strong>lius</strong></span> <span class='ocrx_word' id='word_1_36' title='bbox 459 529 670 581; x_wconf 87' lang='lat' dir='ltr'>patiuntur,</span> <span class='ocrx_word' id='word_1_37' title='bbox 701 528 770 580; x_wconf 85' lang='lat' dir='ltr'>qui</span> <span class='ocrx_word' id='word_1_38' title='bbox 803 527 1002 579; x_wconf 85' lang='lat' dir='ltr'>excipiunt</span> <span class='ocrx_word' id='word_1_39' title='bbox 1034 539 1098 564; x_wconf 90' lang='lat' dir='ltr'>eos</span> <span class='ocrx_word' id='word_1_40' title='bbox 1127 539 1197 579; x_wconf 91' lang='lat' dir='ltr'>pro</span> <span class='ocrx_word' id='word_1_41' title='bbox 1226 526 1359 579; x_wconf 85' lang='lat' dir='ltr'>patria,</span> <span class='ocrx_word' id='word_1_42' title='bbox 1391 540 1508 578; x_wconf 83' lang='lat' dir='ltr'>quam</span> <span class='ocrx_word' id='word_1_43' title='bbox 1533 527 1602 578; x_wconf 91' lang='lat' dir='ltr'>qui</span> <span class='ocrx_word' id='word_1_44' title='bbox 1622 527 1760 564; x_wconf 84' lang='lat' dir='ltr'>leviore</span> 
     </span>
     <span class='ocr_line' id='line_1_6' title="bbox 364 591 1763 647; baseline -0.001 -15"><span class='ocrx_word' id='word_1_45' title='bbox 364 594 411 631; x_wconf 91' lang='lat' dir='ltr'>de</span> <span class='ocrx_word' id='word_1_46' title='bbox 431 594 563 640; x_wconf 82' lang='lat' dir='ltr'>causa3</span> <span class='ocrx_word' id='word_1_47' title='bbox 595 593 728 647; x_wconf 90' lang='lat' dir='ltr'>opinio</span> <span class='ocrx_word' id='word_1_48' title='bbox 747 591 854 638; x_wconf 89' lang='lat' dir='ltr'>facit,</span> <span class='ocrx_word' id='word_1_49' title='bbox 885 606 962 631; x_wconf 93' lang='lat' dir='ltr'>non</span> <span class='ocrx_word' id='word_1_50' title='bbox 978 600 1123 636; x_wconf 91' lang='lat' dir='ltr'>natura,</span> <span class='ocrx_word' id='word_1_51' title='bbox 1145 592 1226 630; x_wconf 89' lang='lat' dir='ltr'>vim</span> <span class='ocrx_word' id='word_1_52' title='bbox 1245 591 1387 630; x_wconf 89' lang='lat' dir='ltr'>doloris</span> <span class='ocrx_word' id='word_1_53' title='bbox 1407 601 1472 630; x_wconf 91' lang='lat' dir='ltr'>aut</span> <span class='ocrx_word' id='word_1_54' title='bbox 1492 593 1677 644; x_wconf 90' lang='lat' dir='ltr'>majorem</span> <span class='ocrx_word' id='word_1_55' title='bbox 1697 601 1763 630; x_wconf 92' lang='lat' dir='ltr'>aut</span> 
     </span>
     <span class='ocr_line' id='line_1_7' title="bbox 364 659 572 697; baseline 0.005 -1"><span class='ocrx_word' id='word_1_56' title='bbox 364 659 572 697; x_wconf 87' lang='lat' dir='ltr'>minorem.</span> 
     </span>
    </p>

    <p class='ocr_par' dir='ltr' id='par_1_3' title="bbox 367 722 1767 1369">
     <span class='ocr_line' id='line_1_8' title="bbox 421 722 1763 776; baseline -0.002 -13"><span class='ocrx_word' id='word_1_57' title='bbox 421 725 485 764; x_wconf 93' lang='lat' dir='ltr'>Ne</span> <span class='ocrx_word' id='word_1_58' title='bbox 504 724 603 763; x_wconf 91' lang='lat' dir='ltr'>illud</span> <span class='ocrx_word' id='word_1_59' title='bbox 629 723 787 776; x_wconf 88' lang='lat' dir='ltr'>quidem</span> <span class='ocrx_word' id='word_1_60' title='bbox 817 723 871 761; x_wconf 90' lang='lat' dir='ltr'>est</span> <span class='ocrx_word' id='word_1_61' title='bbox 899 722 1212 767; x_wconf 86' lang='lat' dir='ltr'>consentaneum,</span> <span class='ocrx_word' id='word_1_62' title='bbox 1243 731 1298 768; x_wconf 91' lang='lat' dir='ltr'>ut,</span> <span class='ocrx_word' id='word_1_63' title='bbox 1329 722 1370 767; x_wconf 88' lang='lat' dir='ltr'>fi,</span> <span class='ocrx_word' id='word_1_64' title='bbox 1401 735 1493 761; x_wconf 91' lang='lat' dir='ltr'>cum</span> <span class='ocrx_word' id='word_1_65' title='bbox 1523 723 1595 761; x_wconf 90' lang='lat' dir='ltr'>tria</span> <span class='ocrx_word' id='word_1_66' title='bbox 1627 735 1763 775; x_wconf 86' lang='lat' dir='ltr'>genera</span> 
     </span>
     <span class='ocr_line' id='line_1_9' title="bbox 367 788 1763 842; baseline -0.002 -13"><span class='ocrx_word' id='word_1_67' title='bbox 367 791 557 829; x_wconf 89' lang='lat' dir='ltr'>bonorum</span> <span class='ocrx_word' id='word_1_68' title='bbox 591 790 677 835; x_wconf 67' lang='lat' dir='ltr'>suit,</span> <span class='ocrx_word' id='word_1_69' title='bbox 716 790 819 842; x_wconf 88' lang='lat' dir='ltr'>(quae</span> <span class='ocrx_word' id='word_1_70' title='bbox 849 789 1034 827; x_wconf 83' lang='lat' dir='ltr'>sententia</span> <span class='ocrx_word' id='word_1_71' title='bbox 1065 788 1117 826; x_wconf 90' lang='lat' dir='ltr'>est</span> <span class='ocrx_word' id='word_1_72' title='bbox 1152 788 1513 841; x_wconf 86' lang='lat' dir='ltr'>Peripateticorum)</span> <span class='ocrx_word' id='word_1_73' title='bbox 1543 801 1590 827; x_wconf 91' lang='lat' dir='ltr'>eo</span> <span class='ocrx_word' id='word_1_74' title='bbox 1619 789 1763 827; x_wconf 88' lang='lat' dir='ltr'>beatior</span> 
     </span>
     <span class='ocr_line' id='line_1_10' title="bbox 367 854 1764 909; baseline -0.001 -14"><span class='ocrx_word' id='word_1_75' title='bbox 367 857 529 909; x_wconf 88' lang='lat' dir='ltr'>quisque</span> <span class='ocrx_word' id='word_1_76' title='bbox 548 856 606 901; x_wconf 87' lang='lat' dir='ltr'>fit,</span> <span class='ocrx_word' id='word_1_77' title='bbox 637 869 715 909; x_wconf 93' lang='lat' dir='ltr'>quo</span> <span class='ocrx_word' id='word_1_78' title='bbox 735 856 780 894; x_wconf 88' lang='lat' dir='ltr'>fit</span> <span class='ocrx_word' id='word_1_79' title='bbox 810 855 979 909; x_wconf 88' lang='lat' dir='ltr'>corporis</span> <span class='ocrx_word' id='word_1_80' title='bbox 1010 863 1074 894; x_wconf 92' lang='lat' dir='ltr'>aut</span> <span class='ocrx_word' id='word_1_81' title='bbox 1093 856 1257 894; x_wconf 83' lang='lat' dir='ltr'>externis</span> <span class='ocrx_word' id='word_1_82' title='bbox 1289 855 1399 893; x_wconf 87' lang='lat' dir='ltr'>bonis</span> <span class='ocrx_word' id='word_1_83' title='bbox 1427 855 1592 906; x_wconf 87' lang='lat' dir='ltr'>plenior,</span> <span class='ocrx_word' id='word_1_84' title='bbox 1625 863 1669 893; x_wconf 90' lang='lat' dir='ltr'>ut</span> <span class='ocrx_word' id='word_1_85' title='bbox 1687 854 1764 893; x_wconf 91' lang='lat' dir='ltr'>hoc</span> 
     </span>
     <span class='ocr_line' id='line_1_11' title="bbox 368 919 1763 975; baseline 0 -17"><span class='ocrx_word' id='word_1_86' title='bbox 368 922 472 961; x_wconf 84' lang='lat' dir='ltr'>idem</span> <span class='ocrx_word' id='word_1_87' title='bbox 502 921 792 975; x_wconf 88' lang='lat' dir='ltr'>approbandum</span> <span class='ocrx_word' id='word_1_88' title='bbox 811 921 856 960; x_wconf 89' lang='lat' dir='ltr'>fit</span> <span class='ocrx_word' id='word_1_89' title='bbox 886 921 1012 966; x_wconf 90' lang='lat' dir='ltr'>nobis,</span> <span class='ocrx_word' id='word_1_90' title='bbox 1043 930 1100 965; x_wconf 91' lang='lat' dir='ltr'>ut,</span> <span class='ocrx_word' id='word_1_91' title='bbox 1135 921 1204 973; x_wconf 90' lang='lat' dir='ltr'>qui</span> <span class='ocrx_word' id='word_1_92' title='bbox 1225 920 1333 974; x_wconf 85' lang='lat' dir='ltr'>plura</span> <span class='ocrx_word' id='word_1_93' title='bbox 1351 919 1489 958; x_wconf 88' lang='lat' dir='ltr'>habeat</span> <span class='ocrx_word' id='word_1_94' title='bbox 1522 933 1577 965; x_wconf 87' lang='lat' dir='ltr'>ea,</span> <span class='ocrx_word' id='word_1_95' title='bbox 1608 934 1694 973; x_wconf 85' lang='lat' dir='ltr'>quae</span> <span class='ocrx_word' id='word_1_96' title='bbox 1722 921 1763 958; x_wconf 85' lang='lat' dir='ltr'>in</span> 
     </span>
     <span class='ocr_line' id='line_1_12' title="bbox 368 986 1764 1040; baseline -0.002 -14"><span class='ocrx_word' id='word_1_97' title='bbox 368 1001 527 1040; x_wconf 90' lang='lat' dir='ltr'>corpore</span> <span class='ocrx_word' id='word_1_98' title='bbox 545 987 677 1039; x_wconf 89' lang='lat' dir='ltr'>magni</span> <span class='ocrx_word' id='word_1_99' title='bbox 697 987 943 1031; x_wconf 64' lang='lat' dir='ltr'>aestimantur,</span> <span class='ocrx_word' id='word_1_100' title='bbox 973 987 1018 1024; x_wconf 89' lang='lat' dir='ltr'>fit</span> <span class='ocrx_word' id='word_1_101' title='bbox 1038 986 1195 1024; x_wconf 84' lang='lat' dir='ltr'>beatior.</span> <span class='ocrx_word' id='word_1_102' title='bbox 1246 986 1310 1024; x_wconf 91' lang='lat' dir='ltr'>Illi</span> <span class='ocrx_word' id='word_1_103' title='bbox 1329 986 1436 1024; x_wconf 85' lang='lat' dir='ltr'>enim</span> <span class='ocrx_word' id='word_1_104' title='bbox 1462 986 1632 1038; x_wconf 90' lang='lat' dir='ltr'>corporis</span> <span class='ocrx_word' id='word_1_105' title='bbox 1652 1000 1764 1024; x_wconf 92' lang='lat' dir='ltr'>com-</span> 
     </span>
     <span class='ocr_line' id='line_1_13' title="bbox 368 1050 1765 1105; baseline -0.001 -14"><span class='ocrx_word' id='word_1_106' title='bbox 368 1054 493 1091; x_wconf 89' lang='lat' dir='ltr'>modis</span> <span class='ocrx_word' id='word_1_107' title='bbox 513 1053 702 1105; x_wconf 90' lang='lat' dir='ltr'>compleri</span> <span class='ocrx_word' id='word_1_108' title='bbox 721 1053 839 1090; x_wconf 89' lang='lat' dir='ltr'>vitam</span> <span class='ocrx_word' id='word_1_109' title='bbox 860 1053 1010 1090; x_wconf 88' lang='lat' dir='ltr'>beatam</span> <span class='ocrx_word' id='word_1_110' title='bbox 1030 1061 1194 1104; x_wconf 77' lang='lat' dir='ltr'>putant3</span> <span class='ocrx_word' id='word_1_111' title='bbox 1226 1051 1342 1089; x_wconf 90' lang='lat' dir='ltr'>nostri</span> <span class='ocrx_word' id='word_1_112' title='bbox 1361 1050 1461 1089; x_wconf 91' lang='lat' dir='ltr'>nihil</span> <span class='ocrx_word' id='word_1_113' title='bbox 1482 1051 1625 1090; x_wconf 87' lang='lat' dir='ltr'>minus.</span> <span class='ocrx_word' id='word_1_114' title='bbox 1658 1052 1765 1090; x_wconf 89' lang='lat' dir='ltr'>Nam</span> 
     </span>
     <span class='ocr_line' id='line_1_14' title="bbox 368 1117 1767 1171; baseline -0.001 -14"><span class='ocrx_word' id='word_1_115' title='bbox 368 1132 461 1157; x_wconf 89' lang='lat' dir='ltr'>cum</span> <span class='ocrx_word' id='word_1_116' title='bbox 490 1119 543 1156; x_wconf 89' lang='lat' dir='ltr'>ita</span> <span class='ocrx_word' id='word_1_117' title='bbox 574 1118 732 1171; x_wconf 91' lang='lat' dir='ltr'>placeat,</span> <span class='ocrx_word' id='word_1_118' title='bbox 764 1131 812 1156; x_wconf 91' lang='lat' dir='ltr'>ne</span> <span class='ocrx_word' id='word_1_119' title='bbox 842 1130 977 1155; x_wconf 90' lang='lat' dir='ltr'>eorum</span> <span class='ocrx_word' id='word_1_120' title='bbox 1011 1117 1171 1170; x_wconf 89' lang='lat' dir='ltr'>quidem</span> <span class='ocrx_word' id='word_1_121' title='bbox 1201 1117 1408 1162; x_wconf 88' lang='lat' dir='ltr'>bonorum,</span> <span class='ocrx_word' id='word_1_122' title='bbox 1449 1130 1535 1169; x_wconf 85' lang='lat' dir='ltr'>quae</span> <span class='ocrx_word' id='word_1_123' title='bbox 1569 1129 1636 1156; x_wconf 86' lang='lat' dir='ltr'>nos</span> <span class='ocrx_word' id='word_1_124' title='bbox 1666 1118 1767 1156; x_wconf 88' lang='lat' dir='ltr'>bona</span> 
     </span>
     <span class='ocr_line' id='line_1_15' title="bbox 368 1182 1765 1237; baseline -0.001 -14"><span class='ocrx_word' id='word_1_125' title='bbox 368 1193 508 1223; x_wconf 82' lang='lat' dir='ltr'>naturae</span> <span class='ocrx_word' id='word_1_126' title='bbox 527 1183 780 1237; x_wconf 86' lang='lat' dir='ltr'>appellemus,</span> <span class='ocrx_word' id='word_1_127' title='bbox 811 1182 1027 1236; x_wconf 66' lang='lat' dir='ltr'>frequentia</span> <span class='ocrx_word' id='word_1_128' title='bbox 1059 1183 1268 1222; x_wconf 84' lang='lat' dir='ltr'>beatiorem</span> <span class='ocrx_word' id='word_1_129' title='bbox 1287 1184 1406 1221; x_wconf 88' lang='lat' dir='ltr'>vitam</span> <span class='ocrx_word' id='word_1_130' title='bbox 1437 1183 1534 1228; x_wconf 84' lang='lat' dir='ltr'>fieri,</span> <span class='ocrx_word' id='word_1_131' title='bbox 1561 1193 1626 1221; x_wconf 90' lang='lat' dir='ltr'>aut</span> <span class='ocrx_word' id='word_1_132' title='bbox 1643 1184 1765 1236; x_wconf 74' lang='lat' dir='ltr'>magis</span> 
     </span>
     <span class='ocr_line' id='line_1_16' title="bbox 367 1249 1766 1304; baseline -0.001 -15"><span class='ocrx_word' id='word_1_133' title='bbox 367 1251 632 1304; x_wconf 86' lang='lat' dir='ltr'>expetendam,</span> <span class='ocrx_word' id='word_1_134' title='bbox 653 1259 718 1288; x_wconf 90' lang='lat' dir='ltr'>aut</span> <span class='ocrx_word' id='word_1_135' title='bbox 739 1250 858 1303; x_wconf 85' lang='lat' dir='ltr'>pluris</span> <span class='ocrx_word' id='word_1_136' title='bbox 879 1249 1137 1288; x_wconf 77' lang='lat' dir='ltr'>aestimandam</span> <span class='ocrx_word' id='word_1_137' title='bbox 1154 1268 1166 1293; x_wconf 85' lang='lat'>;</span> <span class='ocrx_word' id='word_1_138' title='bbox 1197 1258 1300 1287; x_wconf 90' lang='lat' dir='ltr'>certe</span> <span class='ocrx_word' id='word_1_139' title='bbox 1320 1250 1449 1287; x_wconf 90' lang='lat' dir='ltr'>minus</span> <span class='ocrx_word' id='word_1_140' title='bbox 1469 1249 1516 1287; x_wconf 87' lang='lat' dir='ltr'>ad</span> <span class='ocrx_word' id='word_1_141' title='bbox 1536 1249 1686 1288; x_wconf 86' lang='lat' dir='ltr'>beatam</span> <span class='ocrx_word' id='word_1_142' title='bbox 1706 1250 1766 1288; x_wconf 88' lang='lat' dir='ltr'>vi-</span> 
     </span>
     <span class='ocr_line' id='line_1_17' title="bbox 369 1314 1385 1369; baseline -0.002 -14"><span class='ocrx_word' id='word_1_143' title='bbox 369 1326 449 1355; x_wconf 86' lang='lat' dir='ltr'>tam</span> <span class='ocrx_word' id='word_1_144' title='bbox 469 1316 633 1369; x_wconf 87' lang='lat' dir='ltr'>pertinet</span> <span class='ocrx_word' id='word_1_145' title='bbox 653 1315 866 1354; x_wconf 88' lang='lat' dir='ltr'>multitudo</span> <span class='ocrx_word' id='word_1_146' title='bbox 883 1315 1051 1367; x_wconf 89' lang='lat' dir='ltr'>corporis</span> <span class='ocrx_word' id='word_1_147' title='bbox 1072 1314 1385 1353; x_wconf 88' lang='lat' dir='ltr'>commodorum.</span> 
     </span>
    </p>

    <p class='ocr_par' dir='ltr' id='par_1_4' title="bbox 369 1380 1769 2076">
     <span class='ocr_line' id='line_1_18' title="bbox 425 1380 1767 1434; baseline 0 -14"><span class='ocrx_word' id='word_1_148' title='bbox 425 1383 583 1420; x_wconf 89' lang='lat' dir='ltr'>Etenim</span> <span class='ocrx_word' id='word_1_149' title='bbox 611 1382 638 1419; x_wconf 88' lang='lat' dir='ltr'>fi</span> <span class='ocrx_word' id='word_1_150' title='bbox 667 1390 706 1419; x_wconf 94' lang='lat' dir='ltr'>et</span> <span class='ocrx_word' id='word_1_151' title='bbox 735 1381 859 1434; x_wconf 90' lang='lat' dir='ltr'>sapere</span> <span class='ocrx_word' id='word_1_152' title='bbox 884 1380 1143 1433; x_wconf 86' lang='lat' dir='ltr'>expetendum</span> <span class='ocrx_word' id='word_1_153' title='bbox 1175 1380 1233 1426; x_wconf 86' lang='lat' dir='ltr'>fit,</span> <span class='ocrx_word' id='word_1_154' title='bbox 1263 1389 1302 1418; x_wconf 91' lang='lat' dir='ltr'>et</span> <span class='ocrx_word' id='word_1_155' title='bbox 1334 1380 1456 1418; x_wconf 90' lang='lat' dir='ltr'>valere</span> <span class='ocrx_word' id='word_1_156' title='bbox 1470 1398 1483 1425; x_wconf 73' lang='grc' dir='ltr'><strong><em>ς</em></strong></span> <span class='ocrx_word' id='word_1_157' title='bbox 1515 1381 1767 1434; x_wconf 54' lang='lat' dir='ltr'>conjunctum</span> 
     </span>
     <span class='ocr_line' id='line_1_19' title="bbox 371 1445 1767 1500; baseline -0.002 -13"><span class='ocrx_word' id='word_1_158' title='bbox 371 1457 582 1500; x_wconf 87' lang='lat' dir='ltr'>utrumque</span> <span class='ocrx_word' id='word_1_159' title='bbox 603 1447 724 1499; x_wconf 88' lang='lat' dir='ltr'>magis</span> <span class='ocrx_word' id='word_1_160' title='bbox 743 1446 1002 1499; x_wconf 84' lang='lat' dir='ltr'>expetendum</span> <span class='ocrx_word' id='word_1_161' title='bbox 1023 1446 1081 1490; x_wconf 89' lang='lat' dir='ltr'>fit,</span> <span class='ocrx_word' id='word_1_162' title='bbox 1103 1460 1220 1498; x_wconf 91' lang='lat' dir='ltr'>quam</span> <span class='ocrx_word' id='word_1_163' title='bbox 1241 1445 1364 1498; x_wconf 88' lang='lat' dir='ltr'>sapere</span> <span class='ocrx_word' id='word_1_164' title='bbox 1383 1445 1532 1484; x_wconf 86' lang='lat' dir='ltr'>solum:</span> <span class='ocrx_word' id='word_1_165' title='bbox 1563 1459 1689 1498; x_wconf 92' lang='lat' dir='ltr'>neque</span> <span class='ocrx_word' id='word_1_166' title='bbox 1708 1455 1767 1485; x_wconf 91' lang='lat' dir='ltr'>ta-</span> 
     </span>
     <span class='ocr_line' id='line_1_20' title="bbox 371 1511 1767 1565; baseline -0.001 -12"><span class='ocrx_word' id='word_1_167' title='bbox 371 1528 477 1559; x_wconf 88' lang='lat' dir='ltr'>men,</span> <span class='ocrx_word' id='word_1_168' title='bbox 498 1514 525 1552; x_wconf 85' lang='lat' dir='ltr'>s1</span> <span class='ocrx_word' id='word_1_169' title='bbox 546 1523 755 1565; x_wconf 85' lang='lat' dir='ltr'>utrumque</span> <span class='ocrx_word' id='word_1_170' title='bbox 775 1512 819 1549; x_wconf 87' lang='lat' dir='ltr'>fit</span> <span class='ocrx_word' id='word_1_171' title='bbox 839 1512 1085 1550; x_wconf 84' lang='lat' dir='ltr'>aestimatione</span> <span class='ocrx_word' id='word_1_172' title='bbox 1104 1512 1282 1564; x_wconf 87' lang='lat' dir='ltr'>dignum,</span> <span class='ocrx_word' id='word_1_173' title='bbox 1303 1511 1423 1563; x_wconf 90' lang='lat' dir='ltr'>pluris</span> <span class='ocrx_word' id='word_1_174' title='bbox 1440 1511 1484 1549; x_wconf 90' lang='lat' dir='ltr'>fit</span> <span class='ocrx_word' id='word_1_175' title='bbox 1498 1512 1767 1564; x_wconf 65' lang='lat' dir='ltr'>conjund‘tum,</span> 
     </span>
     <span class='ocr_line' id='line_1_21' title="bbox 372 1575 1767 1632; baseline -0.001 -15"><span class='ocrx_word' id='word_1_176' title='bbox 372 1593 489 1632; x_wconf 91' lang='lat' dir='ltr'>quam</span> <span class='ocrx_word' id='word_1_177' title='bbox 509 1578 633 1630; x_wconf 89' lang='lat' dir='ltr'>sapere</span> <span class='ocrx_word' id='word_1_178' title='bbox 652 1576 779 1629; x_wconf 91' lang='lat' dir='ltr'>ipsum</span> <span class='ocrx_word' id='word_1_179' title='bbox 799 1577 1026 1628; x_wconf 90' lang='lat' dir='ltr'>separatum.</span> <span class='ocrx_word' id='word_1_180' title='bbox 1050 1577 1157 1614; x_wconf 88' lang='lat' dir='ltr'>Nam</span> <span class='ocrx_word' id='word_1_181' title='bbox 1177 1577 1245 1628; x_wconf 87' lang='lat' dir='ltr'>qui</span> <span class='ocrx_word' id='word_1_182' title='bbox 1267 1575 1526 1614; x_wconf 91' lang='lat' dir='ltr'>valetudinem</span> <span class='ocrx_word' id='word_1_183' title='bbox 1547 1576 1767 1616; x_wconf 87' lang='lat' dir='ltr'>aestimatio-</span> 
     </span>
     <span class='ocr_line' id='line_1_22' title="bbox 371 1641 1768 1696; baseline -0.001 -13"><span class='ocrx_word' id='word_1_184' title='bbox 371 1657 419 1684; x_wconf 90' lang='lat' dir='ltr'>ne</span> <span class='ocrx_word' id='word_1_185' title='bbox 437 1644 564 1696; x_wconf 86' lang='lat' dir='ltr'>aliqua</span> <span class='ocrx_word' id='word_1_186' title='bbox 591 1642 749 1695; x_wconf 87' lang='lat' dir='ltr'>dignam</span> <span class='ocrx_word' id='word_1_187' title='bbox 773 1641 1008 1694; x_wconf 89' lang='lat' dir='ltr'>judicamus,</span> <span class='ocrx_word' id='word_1_188' title='bbox 1040 1654 1164 1694; x_wconf 90' lang='lat' dir='ltr'>neque</span> <span class='ocrx_word' id='word_1_189' title='bbox 1195 1650 1324 1679; x_wconf 86' lang='lat' dir='ltr'>tamen</span> <span class='ocrx_word' id='word_1_190' title='bbox 1342 1655 1429 1680; x_wconf 89' lang='lat' dir='ltr'>eam</span> <span class='ocrx_word' id='word_1_191' title='bbox 1459 1641 1500 1680; x_wconf 91' lang='lat' dir='ltr'>in</span> <span class='ocrx_word' id='word_1_192' title='bbox 1520 1641 1632 1681; x_wconf 90' lang='lat' dir='ltr'>bonis</span> <span class='ocrx_word' id='word_1_193' title='bbox 1652 1643 1768 1696; x_wconf 89' lang='lat' dir='ltr'>poni-</span> 
     </span>
     <span class='ocr_line' id='line_1_23' title="bbox 370 1707 1769 1755; baseline -0.001 -6"><span class='ocrx_word' id='word_1_194' title='bbox 370 1723 471 1755; x_wconf 87' lang='lat' dir='ltr'>mus,</span> <span class='ocrx_word' id='word_1_195' title='bbox 502 1708 622 1747; x_wconf 88' lang='lat' dir='ltr'>iidem</span> <span class='ocrx_word' id='word_1_196' title='bbox 641 1707 839 1746; x_wconf 86' lang='lat' dir='ltr'>censemus</span> <span class='ocrx_word' id='word_1_197' title='bbox 870 1707 1020 1746; x_wconf 89' lang='lat' dir='ltr'>nullam</span> <span class='ocrx_word' id='word_1_198' title='bbox 1050 1707 1122 1746; x_wconf 83' lang='lat' dir='ltr'>effe</span> <span class='ocrx_word' id='word_1_199' title='bbox 1147 1717 1293 1747; x_wconf 86' lang='lat' dir='ltr'>tantam</span> <span class='ocrx_word' id='word_1_200' title='bbox 1327 1707 1632 1754; x_wconf 67' lang='lat' dir='ltr'>aestimationem,</span> <span class='ocrx_word' id='word_1_201' title='bbox 1655 1719 1697 1748; x_wconf 91' lang='lat' dir='ltr'>ut</span> <span class='ocrx_word' id='word_1_202' title='bbox 1726 1723 1769 1748; x_wconf 91' lang='lat' dir='ltr'>ea</span> 
     </span>
     <span class='ocr_line' id='line_1_24' title="bbox 369 1773 1768 1827; baseline 0 -13"><span class='ocrx_word' id='word_1_203' title='bbox 369 1775 503 1814; x_wconf 86' lang='lat' dir='ltr'>virtuti</span> <span class='ocrx_word' id='word_1_204' title='bbox 520 1782 783 1827; x_wconf 86' lang='lat' dir='ltr'>anteponatur.</span> <span class='ocrx_word' id='word_1_205' title='bbox 815 1773 934 1824; x_wconf 85' lang='lat' dir='ltr'>Qod</span> <span class='ocrx_word' id='word_1_206' title='bbox 954 1773 1057 1812; x_wconf 89' lang='lat' dir='ltr'>idem</span> <span class='ocrx_word' id='word_1_207' title='bbox 1079 1773 1322 1826; x_wconf 84' lang='lat' dir='ltr'>Peripatetici</span> <span class='ocrx_word' id='word_1_208' title='bbox 1343 1787 1421 1812; x_wconf 88' lang='lat' dir='ltr'>non</span> <span class='ocrx_word' id='word_1_209' title='bbox 1441 1782 1598 1819; x_wconf 76' lang='lat' dir='ltr'>tenent3</span> <span class='ocrx_word' id='word_1_210' title='bbox 1626 1775 1768 1827; x_wconf 87' lang='lat' dir='ltr'>quibus</span> 
     </span>
     <span class='ocr_line' id='line_1_25' title="bbox 370 1837 1769 1893; baseline 0.001 -15"><span class='ocrx_word' id='word_1_211' title='bbox 370 1840 579 1878; x_wconf 84' lang='lat' dir='ltr'>dicendum</span> <span class='ocrx_word' id='word_1_212' title='bbox 599 1839 665 1884; x_wconf 89' lang='lat' dir='ltr'>est,</span> <span class='ocrx_word' id='word_1_213' title='bbox 687 1852 771 1891; x_wconf 87' lang='lat' dir='ltr'>quae</span> <span class='ocrx_word' id='word_1_214' title='bbox 791 1847 828 1875; x_wconf 92' lang='lat' dir='ltr'>et</span> <span class='ocrx_word' id='word_1_215' title='bbox 848 1837 1003 1876; x_wconf 88' lang='lat' dir='ltr'>honesta</span> <span class='ocrx_word' id='word_1_216' title='bbox 1023 1838 1120 1876; x_wconf 62' lang='lat' dir='ltr'>aetio</span> <span class='ocrx_word' id='word_1_217' title='bbox 1142 1838 1199 1883; x_wconf 89' lang='lat' dir='ltr'>s1t,</span> <span class='ocrx_word' id='word_1_218' title='bbox 1220 1846 1260 1876; x_wconf 91' lang='lat' dir='ltr'>et</span> <span class='ocrx_word' id='word_1_219' title='bbox 1279 1838 1356 1876; x_wconf 86' lang='lat' dir='ltr'>fine</span> <span class='ocrx_word' id='word_1_220' title='bbox 1375 1838 1520 1883; x_wconf 90' lang='lat' dir='ltr'>dolore,</span> <span class='ocrx_word' id='word_1_221' title='bbox 1541 1851 1626 1877; x_wconf 90' lang='lat' dir='ltr'>eam</span> <span class='ocrx_word' id='word_1_222' title='bbox 1646 1841 1769 1893; x_wconf 84' lang='lat' dir='ltr'>magis</span> 
     </span>
     <span class='ocr_line' id='line_1_26' title="bbox 371 1903 1769 1958; baseline 0.001 -15"><span class='ocrx_word' id='word_1_223' title='bbox 371 1905 442 1943; x_wconf 87' lang='lat' dir='ltr'>esse</span> <span class='ocrx_word' id='word_1_224' title='bbox 460 1904 727 1958; x_wconf 82' lang='lat' dir='ltr'>expetendam,</span> <span class='ocrx_word' id='word_1_225' title='bbox 758 1917 875 1956; x_wconf 91' lang='lat' dir='ltr'>quam</span> <span class='ocrx_word' id='word_1_226' title='bbox 896 1903 921 1942; x_wconf 89' lang='lat' dir='ltr'>fi</span> <span class='ocrx_word' id='word_1_227' title='bbox 942 1903 1030 1942; x_wconf 77' lang='lat' dir='ltr'>efi‘et</span> <span class='ocrx_word' id='word_1_228' title='bbox 1047 1903 1180 1942; x_wconf 90' lang='lat' dir='ltr'>eadem</span> <span class='ocrx_word' id='word_1_229' title='bbox 1200 1904 1300 1942; x_wconf 64' lang='lat' dir='ltr'>aetio</span> <span class='ocrx_word' id='word_1_230' title='bbox 1323 1916 1417 1942; x_wconf 89' lang='lat' dir='ltr'>cum</span> <span class='ocrx_word' id='word_1_231' title='bbox 1437 1904 1580 1943; x_wconf 90' lang='lat' dir='ltr'>dolore.</span> <span class='ocrx_word' id='word_1_232' title='bbox 1640 1906 1769 1945; x_wconf 86' lang='lat' dir='ltr'>Nobis</span> 
     </span>
     <span class='ocr_line' id='line_1_27' title="bbox 370 1969 1769 2025; baseline 0.001 -16"><span class='ocrx_word' id='word_1_233' title='bbox 370 1972 478 2009; x_wconf 89' lang='lat' dir='ltr'>aliter</span> <span class='ocrx_word' id='word_1_234' title='bbox 496 1971 648 2009; x_wconf 91' lang='lat' dir='ltr'>videtur</span> <span class='ocrx_word' id='word_1_235' title='bbox 663 1988 675 2015; x_wconf 70' lang='grc' dir='ltr'><strong><em>ς</em></strong></span> <span class='ocrx_word' id='word_1_236' title='bbox 708 1971 819 2014; x_wconf 61' lang='lat' dir='ltr'>redte,</span> <span class='ocrx_word' id='word_1_237' title='bbox 851 1969 1014 2014; x_wconf 91' lang='lat' dir='ltr'>secusne,</span> <span class='ocrx_word' id='word_1_238' title='bbox 1044 1969 1183 2022; x_wconf 86' lang='lat' dir='ltr'>postea.</span> <span class='ocrx_word' id='word_1_239' title='bbox 1215 1969 1287 2008; x_wconf 89' lang='lat' dir='ltr'>Sed</span> <span class='ocrx_word' id='word_1_240' title='bbox 1304 1969 1475 2022; x_wconf 89' lang='lat' dir='ltr'>potestne</span> <span class='ocrx_word' id='word_1_241' title='bbox 1495 1983 1622 2009; x_wconf 88' lang='lat' dir='ltr'>rerum</span> <span class='ocrx_word' id='word_1_242' title='bbox 1648 1973 1769 2025; x_wconf 89' lang='lat' dir='ltr'>major</span> 
     </span>
     <span class='ocr_line' id='line_1_28' title="bbox 370 2036 660 2076; baseline -0.014 0"><span class='ocrx_word' id='word_1_243' title='bbox 370 2037 441 2076; x_wconf 83' lang='lat' dir='ltr'>effe</span> <span class='ocrx_word' id='word_1_244' title='bbox 460 2036 660 2075; x_wconf 85' lang='lat' dir='ltr'>diffenfio?</span> 
     </span>
    </p>

    <p class='ocr_par' dir='ltr' id='par_1_5' title="bbox 373 2101 1772 2555">
     <span class='ocr_line' id='line_1_29' title="bbox 425 2101 1770 2143; baseline 0.001 -1"><span class='ocrx_word' id='word_1_245' title='bbox 425 2103 538 2142; x_wconf 90' lang='lat' dir='ltr'>XIV.</span> <span class='ocrx_word' id='word_1_246' title='bbox 560 2103 619 2141; x_wconf 91' lang='lat' dir='ltr'>Ut</span> <span class='ocrx_word' id='word_1_247' title='bbox 637 2101 744 2141; x_wconf 88' lang='lat' dir='ltr'>enim</span> <span class='ocrx_word' id='word_1_248' title='bbox 763 2101 986 2140; x_wconf 85' lang='lat' dir='ltr'>obscuratur</span> <span class='ocrx_word' id='word_1_249' title='bbox 1002 2110 1040 2141; x_wconf 92' lang='lat' dir='ltr'>et</span> <span class='ocrx_word' id='word_1_250' title='bbox 1055 2101 1271 2141; x_wconf 84' lang='lat' dir='ltr'>offunditur</span> <span class='ocrx_word' id='word_1_251' title='bbox 1287 2102 1376 2141; x_wconf 87' lang='lat' dir='ltr'>luce</span> <span class='ocrx_word' id='word_1_252' title='bbox 1391 2102 1478 2142; x_wconf 90' lang='lat' dir='ltr'>solis</span> <span class='ocrx_word' id='word_1_253' title='bbox 1492 2103 1626 2142; x_wconf 91' lang='lat' dir='ltr'>lumen</span> <span class='ocrx_word' id='word_1_254' title='bbox 1641 2103 1770 2143; x_wconf 88' lang='lat' dir='ltr'>lucer-</span> 
     </span>
     <span class='ocr_line' id='line_1_30' title="bbox 373 2167 1770 2221; baseline 0 -13"><span class='ocrx_word' id='word_1_255' title='bbox 373 2183 429 2208; x_wconf 85' lang='lat' dir='ltr'>nae</span> <span class='ocrx_word' id='word_1_256' title='bbox 444 2187 457 2214; x_wconf 64' lang='grc' dir='ltr'><strong><em>ς</em></strong></span> <span class='ocrx_word' id='word_1_257' title='bbox 488 2178 527 2206; x_wconf 93' lang='lat' dir='ltr'>et</span> <span class='ocrx_word' id='word_1_258' title='bbox 546 2177 590 2206; x_wconf 92' lang='lat' dir='ltr'>ut</span> <span class='ocrx_word' id='word_1_259' title='bbox 609 2168 739 2206; x_wconf 88' lang='lat' dir='ltr'>interit</span> <span class='ocrx_word' id='word_1_260' title='bbox 759 2167 1028 2221; x_wconf 88' lang='lat' dir='ltr'>magnitudine</span> <span class='ocrx_word' id='word_1_261' title='bbox 1044 2169 1158 2206; x_wconf 86' lang='lat' dir='ltr'>maris</span> <span class='ocrx_word' id='word_1_262' title='bbox 1174 2168 1297 2221; x_wconf 83' lang='lat' dir='ltr'>AEgaei</span> <span class='ocrx_word' id='word_1_263' title='bbox 1313 2168 1411 2207; x_wconf 89' lang='lat' dir='ltr'>stilla</span> <span class='ocrx_word' id='word_1_264' title='bbox 1429 2169 1565 2207; x_wconf 86' lang='lat' dir='ltr'>muriae</span> <span class='ocrx_word' id='word_1_265' title='bbox 1576 2187 1588 2214; x_wconf 69' lang='grc' dir='ltr'><strong><em>ς</em></strong></span> <span class='ocrx_word' id='word_1_266' title='bbox 1610 2180 1648 2208; x_wconf 90' lang='lat' dir='ltr'>et</span> <span class='ocrx_word' id='word_1_267' title='bbox 1667 2180 1711 2208; x_wconf 91' lang='lat' dir='ltr'>ut</span> <span class='ocrx_word' id='word_1_268' title='bbox 1730 2171 1770 2209; x_wconf 87' lang='lat' dir='ltr'>in</span> 
     </span>
     <span class='ocr_line' id='line_1_31' title="bbox 373 2233 1772 2288; baseline 0.001 -15"><span class='ocrx_word' id='word_1_269' title='bbox 373 2236 516 2273; x_wconf 88' lang='lat' dir='ltr'>divitiis</span> <span class='ocrx_word' id='word_1_270' title='bbox 548 2234 668 2273; x_wconf 85' lang='lat' dir='ltr'>Croefi</span> <span class='ocrx_word' id='word_1_271' title='bbox 688 2235 852 2272; x_wconf 86' lang='lat' dir='ltr'>teruncii</span> <span class='ocrx_word' id='word_1_272' title='bbox 884 2233 1039 2273; x_wconf 87' lang='lat' dir='ltr'>acceffio</span> <span class='ocrx_word' id='word_1_273' title='bbox 1055 2253 1067 2280; x_wconf 65' lang='grc' dir='ltr'><strong><em>ς</em></strong></span> <span class='ocrx_word' id='word_1_274' title='bbox 1099 2244 1136 2272; x_wconf 89' lang='lat' dir='ltr'>et</span> <span class='ocrx_word' id='word_1_275' title='bbox 1155 2235 1291 2287; x_wconf 87' lang='lat' dir='ltr'>gradus</span> <span class='ocrx_word' id='word_1_276' title='bbox 1312 2249 1410 2273; x_wconf 86' lang='lat' dir='ltr'>unus</span> <span class='ocrx_word' id='word_1_277' title='bbox 1440 2236 1482 2273; x_wconf 90' lang='lat' dir='ltr'>in</span> <span class='ocrx_word' id='word_1_278' title='bbox 1512 2248 1554 2273; x_wconf 87' lang='lat' dir='ltr'>ea</span> <span class='ocrx_word' id='word_1_279' title='bbox 1583 2237 1656 2282; x_wconf 85' lang='lat' dir='ltr'>via,</span> <span class='ocrx_word' id='word_1_280' title='bbox 1686 2250 1772 2288; x_wconf 79' lang='lat' dir='ltr'>quae</span> 
     </span>
     <span class='ocr_line' id='line_1_32' title="bbox 374 2300 1771 2354; baseline 0 -14"><span class='ocrx_word' id='word_1_281' title='bbox 374 2301 427 2340; x_wconf 89' lang='lat' dir='ltr'>est</span> <span class='ocrx_word' id='word_1_282' title='bbox 446 2300 540 2339; x_wconf 91' lang='lat' dir='ltr'>hinc</span> <span class='ocrx_word' id='word_1_283' title='bbox 561 2301 602 2339; x_wconf 91' lang='lat' dir='ltr'>in</span> <span class='ocrx_word' id='word_1_284' title='bbox 623 2300 801 2346; x_wconf 71' lang='lat' dir='ltr'>Indiam,</span> <span class='ocrx_word' id='word_1_285' title='bbox 834 2301 897 2346; x_wconf 85' lang='lat' dir='ltr'>slc,</span> <span class='ocrx_word' id='word_1_286' title='bbox 928 2314 1020 2339; x_wconf 91' lang='lat' dir='ltr'>cum</span> <span class='ocrx_word' id='word_1_287' title='bbox 1041 2302 1086 2340; x_wconf 91' lang='lat' dir='ltr'>s1t</span> <span class='ocrx_word' id='word_1_288' title='bbox 1115 2301 1146 2340; x_wconf 91' lang='lat' dir='ltr'>is</span> <span class='ocrx_word' id='word_1_289' title='bbox 1168 2302 1360 2341; x_wconf 89' lang='lat' dir='ltr'>bonorum</span> <span class='ocrx_word' id='word_1_290' title='bbox 1381 2301 1482 2347; x_wconf 88' lang='lat' dir='ltr'>finis,</span> <span class='ocrx_word' id='word_1_291' title='bbox 1513 2315 1631 2354; x_wconf 89' lang='lat' dir='ltr'>quem</span> <span class='ocrx_word' id='word_1_292' title='bbox 1653 2302 1771 2340; x_wconf 85' lang='lat' dir='ltr'>Stoici</span> 
     </span>
     <span class='ocr_line' id='line_1_33' title="bbox 374 2366 1770 2421; baseline 0.001 -17"><span class='ocrx_word' id='word_1_293' title='bbox 374 2367 523 2411; x_wconf 85' lang='lat' dir='ltr'>dicunt,</span> <span class='ocrx_word' id='word_1_294' title='bbox 545 2366 672 2404; x_wconf 87' lang='lat' dir='ltr'>omnis</span> <span class='ocrx_word' id='word_1_295' title='bbox 693 2366 759 2404; x_wconf 89' lang='lat' dir='ltr'>ista</span> <span class='ocrx_word' id='word_1_296' title='bbox 779 2379 906 2405; x_wconf 90' lang='lat' dir='ltr'>rerum</span> <span class='ocrx_word' id='word_1_297' title='bbox 937 2367 977 2405; x_wconf 94' lang='lat' dir='ltr'>in</span> <span class='ocrx_word' id='word_1_298' title='bbox 997 2380 1154 2421; x_wconf 90' lang='lat' dir='ltr'>corpore</span> <span class='ocrx_word' id='word_1_299' title='bbox 1173 2367 1327 2406; x_wconf 76' lang='lat' dir='ltr'>sitarum</span> <span class='ocrx_word' id='word_1_300' title='bbox 1354 2367 1552 2406; x_wconf 83' lang='lat' dir='ltr'>aestimatio</span> <span class='ocrx_word' id='word_1_301' title='bbox 1572 2367 1770 2420; x_wconf 89' lang='lat' dir='ltr'>splendore</span> 
     </span>
     <span class='ocr_line' id='line_1_34' title="bbox 375 2433 1771 2486; baseline 0 -16"><span class='ocrx_word' id='word_1_302' title='bbox 375 2433 528 2470; x_wconf 86' lang='lat' dir='ltr'>virtutis</span> <span class='ocrx_word' id='word_1_303' title='bbox 545 2440 583 2470; x_wconf 91' lang='lat' dir='ltr'>et</span> <span class='ocrx_word' id='word_1_304' title='bbox 599 2433 864 2485; x_wconf 85' lang='lat' dir='ltr'>magnitudine</span> <span class='ocrx_word' id='word_1_305' title='bbox 879 2433 1115 2480; x_wconf 89' lang='lat' dir='ltr'>obscuretur,</span> <span class='ocrx_word' id='word_1_306' title='bbox 1132 2443 1170 2473; x_wconf 90' lang='lat' dir='ltr'>et</span> <span class='ocrx_word' id='word_1_307' title='bbox 1185 2433 1380 2479; x_wconf 88' lang='lat' dir='ltr'>obruatur,</span> <span class='ocrx_word' id='word_1_308' title='bbox 1399 2442 1512 2486; x_wconf 89' lang='lat' dir='ltr'>atque</span> <span class='ocrx_word' id='word_1_309' title='bbox 1529 2433 1687 2471; x_wconf 88' lang='lat' dir='ltr'>intereat</span> <span class='ocrx_word' id='word_1_310' title='bbox 1702 2446 1771 2471; x_wconf 89' lang='lat' dir='ltr'>ne-</span> 
     </span>
     <span class='ocr_line' id='line_1_35' title="bbox 377 2497 1772 2555; baseline 0.001 -19"><span class='ocrx_word' id='word_1_311' title='bbox 377 2497 472 2536; x_wconf 80' lang='lat' dir='ltr'>ceffe</span> <span class='ocrx_word' id='word_1_312' title='bbox 491 2498 557 2536; x_wconf 90' lang='lat' dir='ltr'>est.</span> <span class='ocrx_word' id='word_1_313' title='bbox 616 2499 669 2537; x_wconf 89' lang='lat' dir='ltr'>Et</span> <span class='ocrx_word' id='word_1_314' title='bbox 688 2499 1016 2552; x_wconf 85' lang='lat' dir='ltr'>quemadmodum</span> <span class='ocrx_word' id='word_1_315' title='bbox 1036 2500 1301 2555; x_wconf 87' lang='lat' dir='ltr'>opportunitas</span> <span class='ocrx_word' id='word_1_316' title='bbox 1325 2499 1392 2552; x_wconf 87' lang='lat' dir='ltr'>(fic</span> <span class='ocrx_word' id='word_1_317' title='bbox 1412 2500 1516 2537; x_wconf 87' lang='lat' dir='ltr'>enim</span> <span class='ocrx_word' id='word_1_318' title='bbox 1535 2499 1772 2552; x_wconf 85' lang='lat' dir='ltr'>appellemus</span> 
     </span>
    </p>
   </div>
   <div class='ocr_carea' id='block_1_3' title="bbox 376 2562 1772 2673">
    <p class='ocr_par' dir='ltr' id='par_1_6' title="bbox 376 2562 1772 2673">
     <span class='ocr_line' id='line_1_36' title="bbox 376 2562 1772 2620; baseline 0.001 -18"><span class='ocrx_word' id='word_1_319' title='bbox 376 2562 566 2617; x_wconf 72' lang='grc' dir='ltr'>εὐκοαςίοιν)</span> <span class='ocrx_word' id='word_1_320' title='bbox 599 2577 677 2602; x_wconf 88' lang='lat' dir='ltr'>non</span> <span class='ocrx_word' id='word_1_321' title='bbox 702 2563 748 2604; x_wconf 90' lang='lat' dir='ltr'>fit</span> <span class='ocrx_word' id='word_1_322' title='bbox 773 2567 894 2619; x_wconf 86' lang='lat' dir='ltr'>major</span> <span class='ocrx_word' id='word_1_323' title='bbox 932 2566 1184 2620; x_wconf 65' lang='lat' dir='ltr'>produetione</span> <span class='ocrx_word' id='word_1_324' title='bbox 1217 2565 1416 2620; x_wconf 86' lang='lat' dir='ltr'>temporis,</span> <span class='ocrx_word' id='word_1_325' title='bbox 1462 2563 1636 2619; x_wconf 84' lang='lat' dir='ltr'>(habent</span> <span class='ocrx_word' id='word_1_326' title='bbox 1667 2565 1772 2605; x_wconf 85' lang='lat' dir='ltr'>enim</span> 
     </span>
     <span class='ocr_line' id='line_1_37' title="bbox 463 2632 665 2673; baseline 0.01 -3"><span class='ocrx_word' id='word_1_327' title='bbox 463 2632 587 2671; x_wconf 81' lang='lat' dir='ltr'><strong>T0M.</strong></span> <span class='ocrx_word' id='word_1_328' title='bbox 611 2633 665 2673; x_wconf 90' lang='lat'>11.</span> 
     </span>
    </p>
   </div>
  </div>
 </body>
</html>
