<?xml version="1.0" encoding="UTF-8"?>
<!DOCTYPE html PUBLIC "-//W3C//DTD XHTML 1.0 Transitional//EN"
    "http://www.w3.org/TR/xhtml1/DTD/xhtml1-transitional.dtd">
<html xmlns="http://www.w3.org/1999/xhtml" xml:lang="en" lang="en">
 <head>
  <title>
</title>
<meta http-equiv="Content-Type" content="text/html;charset=utf-8" />
  <meta name='ocr-system' content='tesseract 3.04.00' />
  <meta name='ocr-capabilities' content='ocr_page ocr_carea ocr_par ocr_line ocrx_word'/>
</head>
<body>
  <div class='ocr_page' id='page_1' title='image "./operacumindicibu02ciceuoft_0205.png"; bbox 0 0 2330 2983; ppageno 0'>
   <div class='ocr_carea' id='block_1_1' title="bbox 667 241 1751 296">
    <p class='ocr_par' dir='ltr' id='par_1_1' title="bbox 667 241 1751 296">
     <span class='ocr_line' id='line_1_1' title="bbox 667 241 1751 296; baseline 0 -12"><span class='ocrx_word' id='word_1_1' title='bbox 667 243 943 284; x_wconf 86' lang='lat' dir='ltr'>LIBER</span> <span class='ocrx_word' id='word_1_2' title='bbox 1001 241 1434 296; x_wconf 69' lang='lat' dir='ltr'>QUINTUS.</span> <span class='ocrx_word' id='word_1_3' title='bbox 1677 256 1751 296; x_wconf 84' lang='lat'>197</span> 
     </span>
    </p>
   </div>
   <div class='ocr_carea' id='block_1_2' title="bbox 347 344 1791 2624">
    <p class='ocr_par' dir='ltr' id='par_1_2' title="bbox 351 344 1752 462">
     <span class='ocr_line' id='line_1_2' title="bbox 353 344 1752 390; baseline -0.001 -4"><span class='ocrx_word' id='word_1_4' title='bbox 353 348 482 386; x_wconf 87' lang='lat' dir='ltr'>Tanta</span> <span class='ocrx_word' id='word_1_5' title='bbox 509 345 566 384; x_wconf 90' lang='lat' dir='ltr'>vis</span> <span class='ocrx_word' id='word_1_6' title='bbox 596 345 872 384; x_wconf 86' lang='lat' dir='ltr'>admonitionis</span> <span class='ocrx_word' id='word_1_7' title='bbox 893 344 986 383; x_wconf 86' lang='lat' dir='ltr'>inest</span> <span class='ocrx_word' id='word_1_8' title='bbox 1016 345 1056 383; x_wconf 93' lang='lat' dir='ltr'>in</span> <span class='ocrx_word' id='word_1_9' title='bbox 1076 344 1170 383; x_wconf 87' lang='lat' dir='ltr'>locis</span> <span class='ocrx_word' id='word_1_10' title='bbox 1184 362 1196 390; x_wconf 77' lang='lat'>3</span> <span class='ocrx_word' id='word_1_11' title='bbox 1228 354 1272 384; x_wconf 91' lang='lat' dir='ltr'>ut</span> <span class='ocrx_word' id='word_1_12' title='bbox 1297 358 1376 383; x_wconf 91' lang='lat' dir='ltr'>non</span> <span class='ocrx_word' id='word_1_13' title='bbox 1396 344 1473 383; x_wconf 89' lang='lat' dir='ltr'>fine</span> <span class='ocrx_word' id='word_1_14' title='bbox 1493 344 1600 385; x_wconf 86' lang='lat' dir='ltr'>causa</span> <span class='ocrx_word' id='word_1_15' title='bbox 1618 357 1665 384; x_wconf 84' lang='lat' dir='ltr'>ex</span> <span class='ocrx_word' id='word_1_16' title='bbox 1691 345 1752 385; x_wconf 89' lang='lat' dir='ltr'>his</span> 
     </span>
     <span class='ocr_line' id='line_1_3' title="bbox 351 409 973 462; baseline -0.006 -12"><span class='ocrx_word' id='word_1_17' title='bbox 351 411 547 450; x_wconf 84' lang='lat' dir='ltr'>memoriae</span> <span class='ocrx_word' id='word_1_18' title='bbox 566 410 678 448; x_wconf 58' lang='lat' dir='ltr'>ducta</span> <span class='ocrx_word' id='word_1_19' title='bbox 697 410 741 448; x_wconf 87' lang='lat' dir='ltr'>fit</span> <span class='ocrx_word' id='word_1_20' title='bbox 760 409 973 462; x_wconf 88' lang='lat' dir='ltr'>disciplina.</span> 
     </span>
    </p>

    <p class='ocr_par' dir='ltr' id='par_1_3' title="bbox 347 473 1751 916">
     <span class='ocr_line' id='line_1_4' title="bbox 406 473 1749 529; baseline -0.001 -15"><span class='ocrx_word' id='word_1_21' title='bbox 406 478 516 514; x_wconf 91' lang='lat' dir='ltr'>Tum</span> <span class='ocrx_word' id='word_1_22' title='bbox 537 476 726 528; x_wconf 84' lang='lat' dir='ltr'>Qintus‚</span> <span class='ocrx_word' id='word_1_23' title='bbox 756 475 825 512; x_wconf 93' lang='lat' dir='ltr'>Est</span> <span class='ocrx_word' id='word_1_24' title='bbox 843 474 969 527; x_wconf 88' lang='lat' dir='ltr'>plane,</span> <span class='ocrx_word' id='word_1_25' title='bbox 988 473 1087 518; x_wconf 91' lang='lat' dir='ltr'>Piso,</span> <span class='ocrx_word' id='word_1_26' title='bbox 1109 482 1153 512; x_wconf 92' lang='lat' dir='ltr'>ut</span> <span class='ocrx_word' id='word_1_27' title='bbox 1172 474 1282 519; x_wconf 90' lang='lat' dir='ltr'>dicis,</span> <span class='ocrx_word' id='word_1_28' title='bbox 1304 474 1446 526; x_wconf 89' lang='lat' dir='ltr'>inquit.</span> <span class='ocrx_word' id='word_1_29' title='bbox 1480 475 1584 513; x_wconf 87' lang='lat' dir='ltr'>Nam</span> <span class='ocrx_word' id='word_1_30' title='bbox 1605 489 1668 514; x_wconf 91' lang='lat' dir='ltr'>me</span> <span class='ocrx_word' id='word_1_31' title='bbox 1687 476 1749 529; x_wconf 86' lang='lat' dir='ltr'>ip-</span> 
     </span>
     <span class='ocr_line' id='line_1_5' title="bbox 349 539 1749 580; baseline 0 0"><span class='ocrx_word' id='word_1_32' title='bbox 349 543 435 580; x_wconf 87' lang='lat' dir='ltr'>sum</span> <span class='ocrx_word' id='word_1_33' title='bbox 460 541 539 580; x_wconf 90' lang='lat' dir='ltr'>huc</span> <span class='ocrx_word' id='word_1_34' title='bbox 571 541 689 579; x_wconf 91' lang='lat' dir='ltr'>modo</span> <span class='ocrx_word' id='word_1_35' title='bbox 707 540 925 578; x_wconf 88' lang='lat' dir='ltr'>venientem</span> <span class='ocrx_word' id='word_1_36' title='bbox 955 540 1200 578; x_wconf 87' lang='lat' dir='ltr'>convertebat</span> <span class='ocrx_word' id='word_1_37' title='bbox 1218 540 1265 578; x_wconf 92' lang='lat' dir='ltr'>ad</span> <span class='ocrx_word' id='word_1_38' title='bbox 1288 539 1360 578; x_wconf 88' lang='lat' dir='ltr'>sese</span> <span class='ocrx_word' id='word_1_39' title='bbox 1381 540 1573 579; x_wconf 84' lang='lat' dir='ltr'>Coloneus</span> <span class='ocrx_word' id='word_1_40' title='bbox 1594 542 1660 578; x_wconf 85' lang='lat' dir='ltr'>ille</span> <span class='ocrx_word' id='word_1_41' title='bbox 1689 543 1749 580; x_wconf 89' lang='lat' dir='ltr'>lo-</span> 
     </span>
     <span class='ocr_line' id='line_1_6' title="bbox 350 604 1749 660; baseline -0.001 -13"><span class='ocrx_word' id='word_1_42' title='bbox 350 621 432 653; x_wconf 91' lang='lat' dir='ltr'>cus,</span> <span class='ocrx_word' id='word_1_43' title='bbox 467 609 577 660; x_wconf 90' lang='lat' dir='ltr'>cujus</span> <span class='ocrx_word' id='word_1_44' title='bbox 609 606 736 645; x_wconf 88' lang='lat' dir='ltr'>incola</span> <span class='ocrx_word' id='word_1_45' title='bbox 769 604 976 659; x_wconf 88' lang='lat' dir='ltr'>Sophocles</span> <span class='ocrx_word' id='word_1_46' title='bbox 1007 606 1057 645; x_wconf 95' lang='lat' dir='ltr'>ob</span> <span class='ocrx_word' id='word_1_47' title='bbox 1091 607 1223 644; x_wconf 91' lang='lat' dir='ltr'>oculos</span> <span class='ocrx_word' id='word_1_48' title='bbox 1251 606 1464 644; x_wconf 84' lang='lat' dir='ltr'>versabatur</span> <span class='ocrx_word' id='word_1_49' title='bbox 1481 625 1492 651; x_wconf 89' lang='lat'>;</span> <span class='ocrx_word' id='word_1_50' title='bbox 1531 620 1647 659; x_wconf 88' lang='lat' dir='ltr'>quem</span> <span class='ocrx_word' id='word_1_51' title='bbox 1679 608 1749 646; x_wconf 89' lang='lat' dir='ltr'>scis</span> 
     </span>
     <span class='ocr_line' id='line_1_7' title="bbox 350 672 1751 726; baseline 0 -14"><span class='ocrx_word' id='word_1_52' title='bbox 350 687 468 726; x_wconf 90' lang='lat' dir='ltr'>quam</span> <span class='ocrx_word' id='word_1_53' title='bbox 500 673 676 718; x_wconf 88' lang='lat' dir='ltr'>admirer,</span> <span class='ocrx_word' id='word_1_54' title='bbox 707 686 902 725; x_wconf 89' lang='lat' dir='ltr'>quamque</span> <span class='ocrx_word' id='word_1_55' title='bbox 935 685 980 710; x_wconf 90' lang='lat' dir='ltr'>eo</span> <span class='ocrx_word' id='word_1_56' title='bbox 999 672 1174 710; x_wconf 63' lang='lat' dir='ltr'>delecter.</span> <span class='ocrx_word' id='word_1_57' title='bbox 1206 673 1278 711; x_wconf 90' lang='lat' dir='ltr'>Me</span> <span class='ocrx_word' id='word_1_58' title='bbox 1309 672 1468 724; x_wconf 90' lang='lat' dir='ltr'>quidem</span> <span class='ocrx_word' id='word_1_59' title='bbox 1499 673 1544 710; x_wconf 89' lang='lat' dir='ltr'>ad</span> <span class='ocrx_word' id='word_1_60' title='bbox 1576 673 1751 712; x_wconf 86' lang='lat' dir='ltr'>altiorem</span> 
     </span>
     <span class='ocr_line' id='line_1_8' title="bbox 347 737 1746 792; baseline -0.001 -15"><span class='ocrx_word' id='word_1_61' title='bbox 347 739 577 778; x_wconf 84' lang='lat' dir='ltr'>memoriam</span> <span class='ocrx_word' id='word_1_62' title='bbox 596 737 905 792; x_wconf 66' lang='lat' dir='ltr'>OEdipodishuc</span> <span class='ocrx_word' id='word_1_63' title='bbox 926 738 1126 782; x_wconf 83' lang='lat' dir='ltr'>venientis,</span> <span class='ocrx_word' id='word_1_64' title='bbox 1161 747 1199 776; x_wconf 86' lang='lat' dir='ltr'>et</span> <span class='ocrx_word' id='word_1_65' title='bbox 1219 738 1287 776; x_wconf 91' lang='lat' dir='ltr'>illo</span> <span class='ocrx_word' id='word_1_66' title='bbox 1317 738 1542 776; x_wconf 86' lang='lat' dir='ltr'>molliffimo</span> <span class='ocrx_word' id='word_1_67' title='bbox 1562 739 1746 783; x_wconf 84' lang='lat' dir='ltr'>carmine,</span> 
     </span>
     <span class='ocr_line' id='line_1_9' title="bbox 351 803 1750 858; baseline 0.001 -15"><span class='ocrx_word' id='word_1_68' title='bbox 351 819 527 858; x_wconf 84' lang='lat' dir='ltr'>quaenam</span> <span class='ocrx_word' id='word_1_69' title='bbox 546 804 664 842; x_wconf 83' lang='lat' dir='ltr'>effent</span> <span class='ocrx_word' id='word_1_70' title='bbox 683 804 760 857; x_wconf 89' lang='lat' dir='ltr'>ipsa</span> <span class='ocrx_word' id='word_1_71' title='bbox 779 803 861 842; x_wconf 81' lang='lat' dir='ltr'>haec</span> <span class='ocrx_word' id='word_1_72' title='bbox 881 804 978 849; x_wconf 87' lang='lat' dir='ltr'>loca,</span> <span class='ocrx_word' id='word_1_73' title='bbox 1010 804 1252 856; x_wconf 85' lang='lat' dir='ltr'>requirentis,</span> <span class='ocrx_word' id='word_1_74' title='bbox 1284 804 1423 857; x_wconf 87' lang='lat' dir='ltr'>species</span> <span class='ocrx_word' id='word_1_75' title='bbox 1444 804 1619 857; x_wconf 84' lang='lat' dir='ltr'>quaedam</span> <span class='ocrx_word' id='word_1_76' title='bbox 1638 819 1750 844; x_wconf 88' lang='lat' dir='ltr'>com-</span> 
     </span>
     <span class='ocr_line' id='line_1_10' title="bbox 350 870 1292 916; baseline -0.003 -6"><span class='ocrx_word' id='word_1_77' title='bbox 350 872 488 916; x_wconf 87' lang='lat' dir='ltr'>movit,</span> <span class='ocrx_word' id='word_1_78' title='bbox 510 871 634 909; x_wconf 85' lang='lat' dir='ltr'>inanis</span> <span class='ocrx_word' id='word_1_79' title='bbox 653 870 811 915; x_wconf 88' lang='lat' dir='ltr'>scilicet,</span> <span class='ocrx_word' id='word_1_80' title='bbox 833 870 894 908; x_wconf 88' lang='lat' dir='ltr'>sed</span> <span class='ocrx_word' id='word_1_81' title='bbox 913 870 1129 908; x_wconf 90' lang='lat' dir='ltr'>commovit</span> <span class='ocrx_word' id='word_1_82' title='bbox 1150 879 1292 908; x_wconf 86' lang='lat' dir='ltr'>tamen.</span> 
     </span>
    </p>

    <p class='ocr_par' dir='ltr' id='par_1_4' title="bbox 350 935 1791 1378">
     <span class='ocr_line' id='line_1_11' title="bbox 406 935 1750 988; baseline 0 -14"><span class='ocrx_word' id='word_1_83' title='bbox 406 937 517 974; x_wconf 90' lang='lat' dir='ltr'>Tum</span> <span class='ocrx_word' id='word_1_84' title='bbox 547 936 799 988; x_wconf 89' lang='lat' dir='ltr'>Pomponius,</span> <span class='ocrx_word' id='word_1_85' title='bbox 830 937 885 974; x_wconf 87' lang='lat' dir='ltr'>At</span> <span class='ocrx_word' id='word_1_86' title='bbox 910 949 995 988; x_wconf 85' lang='lat' dir='ltr'>ego,</span> <span class='ocrx_word' id='word_1_87' title='bbox 1027 948 1144 987; x_wconf 89' lang='lat' dir='ltr'>quern</span> <span class='ocrx_word' id='word_1_88' title='bbox 1170 948 1251 979; x_wconf 91' lang='lat' dir='ltr'>vos,</span> <span class='ocrx_word' id='word_1_89' title='bbox 1285 944 1327 972; x_wconf 91' lang='lat' dir='ltr'>ut</span> <span class='ocrx_word' id='word_1_90' title='bbox 1358 935 1534 973; x_wconf 89' lang='lat' dir='ltr'>deditum</span> <span class='ocrx_word' id='word_1_91' title='bbox 1564 936 1750 987; x_wconf 84' lang='lat' dir='ltr'>Epicuro,</span> 
     </span>
     <span class='ocr_line' id='line_1_12' title="bbox 350 1000 1791 1053; baseline 0.001 -13"><span class='ocrx_word' id='word_1_92' title='bbox 350 1003 522 1040; x_wconf 66' lang='lat' dir='ltr'>insectari</span> <span class='ocrx_word' id='word_1_93' title='bbox 556 1002 696 1046; x_wconf 88' lang='lat' dir='ltr'>soletis,</span> <span class='ocrx_word' id='word_1_94' title='bbox 739 1002 822 1039; x_wconf 88' lang='lat' dir='ltr'>sum</span> <span class='ocrx_word' id='word_1_95' title='bbox 865 1001 1038 1039; x_wconf 88' lang='lat' dir='ltr'>multum</span> <span class='ocrx_word' id='word_1_96' title='bbox 1072 1002 1253 1053; x_wconf 88' lang='lat' dir='ltr'>equidem</span> <span class='ocrx_word' id='word_1_97' title='bbox 1288 1014 1380 1039; x_wconf 89' lang='lat' dir='ltr'>cum</span> <span class='ocrx_word' id='word_1_98' title='bbox 1421 1000 1596 1046; x_wconf 78' lang='lat' dir='ltr'>Phaedro‚</span> <span class='ocrx_word' id='word_1_99' title='bbox 1633 1015 1751 1053; x_wconf 90' lang='lat' dir='ltr'>quem</span> <span class='ocrx_word' id='word_1_100' title='bbox 1787 1038 1791 1042; x_wconf 88' lang='grc'><em>,</em></span> 
     </span>
     <span class='ocr_line' id='line_1_13' title="bbox 351 1066 1749 1120; baseline -0.001 -14"><span class='ocrx_word' id='word_1_101' title='bbox 351 1069 464 1106; x_wconf 88' lang='lat' dir='ltr'>unice</span> <span class='ocrx_word' id='word_1_102' title='bbox 494 1067 627 1120; x_wconf 85' lang='lat' dir='ltr'>diligo,</span> <span class='ocrx_word' id='word_1_103' title='bbox 662 1075 706 1104; x_wconf 88' lang='lat' dir='ltr'>ut</span> <span class='ocrx_word' id='word_1_104' title='bbox 737 1066 853 1111; x_wconf 87' lang='lat' dir='ltr'>scitis,</span> <span class='ocrx_word' id='word_1_105' title='bbox 885 1067 924 1104; x_wconf 92' lang='lat' dir='ltr'>in</span> <span class='ocrx_word' id='word_1_106' title='bbox 956 1067 1117 1118; x_wconf 87' lang='lat' dir='ltr'>Epicuri</span> <span class='ocrx_word' id='word_1_107' title='bbox 1147 1066 1284 1111; x_wconf 79' lang='lat' dir='ltr'>hortis,</span> <span class='ocrx_word' id='word_1_108' title='bbox 1317 1080 1413 1118; x_wconf 85' lang='lat' dir='ltr'>quos</span> <span class='ocrx_word' id='word_1_109' title='bbox 1449 1067 1565 1105; x_wconf 92' lang='lat' dir='ltr'>modo</span> <span class='ocrx_word' id='word_1_110' title='bbox 1595 1076 1749 1119; x_wconf 88' lang='lat' dir='ltr'>praeter-</span> 
     </span>
     <span class='ocr_line' id='line_1_14' title="bbox 350 1132 1752 1185; baseline -0.001 -13"><span class='ocrx_word' id='word_1_111' title='bbox 350 1134 514 1172; x_wconf 85' lang='lat' dir='ltr'>ibamus.</span> <span class='ocrx_word' id='word_1_112' title='bbox 566 1133 638 1172; x_wconf 87' lang='lat' dir='ltr'>Sed</span> <span class='ocrx_word' id='word_1_113' title='bbox 657 1133 793 1170; x_wconf 87' lang='lat' dir='ltr'>veteris</span> <span class='ocrx_word' id='word_1_114' title='bbox 814 1132 1005 1185; x_wconf 81' lang='lat' dir='ltr'>proverbii</span> <span class='ocrx_word' id='word_1_115' title='bbox 1025 1133 1240 1177; x_wconf 87' lang='lat' dir='ltr'>admonitu,</span> <span class='ocrx_word' id='word_1_116' title='bbox 1263 1133 1439 1170; x_wconf 87' lang='lat' dir='ltr'>vivorum</span> <span class='ocrx_word' id='word_1_117' title='bbox 1459 1133 1621 1171; x_wconf 88' lang='lat' dir='ltr'>memini</span> <span class='ocrx_word' id='word_1_118' title='bbox 1640 1149 1648 1171; x_wconf 92' lang='lat'>:</span> <span class='ocrx_word' id='word_1_119' title='bbox 1681 1147 1752 1171; x_wconf 90' lang='lat' dir='ltr'>nec</span> 
     </span>
     <span class='ocr_line' id='line_1_15' title="bbox 350 1198 1752 1252; baseline -0.001 -14"><span class='ocrx_word' id='word_1_120' title='bbox 350 1208 478 1238; x_wconf 87' lang='lat' dir='ltr'>tamen</span> <span class='ocrx_word' id='word_1_121' title='bbox 500 1199 660 1252; x_wconf 87' lang='lat' dir='ltr'>Epicuri</span> <span class='ocrx_word' id='word_1_122' title='bbox 689 1198 780 1236; x_wconf 91' lang='lat' dir='ltr'>licet</span> <span class='ocrx_word' id='word_1_123' title='bbox 799 1198 989 1242; x_wconf 87' lang='lat' dir='ltr'>oblivisci,</span> <span class='ocrx_word' id='word_1_124' title='bbox 1021 1199 1047 1236; x_wconf 89' lang='lat' dir='ltr'><strong>fi</strong></span> <span class='ocrx_word' id='word_1_125' title='bbox 1078 1199 1258 1251; x_wconf 84' lang='lat' dir='ltr'>cupiam;</span> <span class='ocrx_word' id='word_1_126' title='bbox 1291 1199 1399 1250; x_wconf 86' lang='lat' dir='ltr'>cujus</span> <span class='ocrx_word' id='word_1_127' title='bbox 1428 1199 1639 1251; x_wconf 84' lang='lat' dir='ltr'>imaginem</span> <span class='ocrx_word' id='word_1_128' title='bbox 1672 1213 1752 1237; x_wconf 85' lang='lat' dir='ltr'>non</span> 
     </span>
     <span class='ocr_line' id='line_1_16' title="bbox 352 1264 1749 1318; baseline -0.001 -13"><span class='ocrx_word' id='word_1_129' title='bbox 352 1267 470 1305; x_wconf 87' lang='lat' dir='ltr'>modo</span> <span class='ocrx_word' id='word_1_130' title='bbox 490 1267 529 1304; x_wconf 92' lang='lat' dir='ltr'>in</span> <span class='ocrx_word' id='word_1_131' title='bbox 544 1266 684 1304; x_wconf 84' lang='lat' dir='ltr'>tabulis</span> <span class='ocrx_word' id='word_1_132' title='bbox 706 1265 821 1303; x_wconf 90' lang='lat' dir='ltr'>nostri</span> <span class='ocrx_word' id='word_1_133' title='bbox 833 1264 1054 1310; x_wconf 83' lang='lat' dir='ltr'>familiares,</span> <span class='ocrx_word' id='word_1_134' title='bbox 1070 1265 1130 1303; x_wconf 87' lang='lat' dir='ltr'>sed</span> <span class='ocrx_word' id='word_1_135' title='bbox 1149 1265 1266 1303; x_wconf 89' lang='lat' dir='ltr'>etiam</span> <span class='ocrx_word' id='word_1_136' title='bbox 1285 1265 1324 1302; x_wconf 90' lang='lat' dir='ltr'>in</span> <span class='ocrx_word' id='word_1_137' title='bbox 1338 1265 1488 1318; x_wconf 90' lang='lat' dir='ltr'>poculis</span> <span class='ocrx_word' id='word_1_138' title='bbox 1509 1276 1546 1303; x_wconf 90' lang='lat' dir='ltr'>et</span> <span class='ocrx_word' id='word_1_139' title='bbox 1566 1266 1606 1303; x_wconf 89' lang='lat' dir='ltr'>in</span> <span class='ocrx_word' id='word_1_140' title='bbox 1625 1279 1749 1304; x_wconf 89' lang='lat' dir='ltr'>annu-</span> 
     </span>
     <span class='ocr_line' id='line_1_17' title="bbox 352 1332 592 1378; baseline -0.004 -7"><span class='ocrx_word' id='word_1_141' title='bbox 352 1333 413 1378; x_wconf 88' lang='lat' dir='ltr'>lis,</span> <span class='ocrx_word' id='word_1_142' title='bbox 436 1332 592 1370; x_wconf 89' lang='lat' dir='ltr'>habent.</span> 
     </span>
    </p>

    <p class='ocr_par' dir='ltr' id='par_1_5' title="bbox 349 1396 1752 2237">
     <span class='ocr_line' id='line_1_18' title="bbox 409 1396 1750 1450; baseline -0.003 -12"><span class='ocrx_word' id='word_1_143' title='bbox 409 1400 460 1438; x_wconf 89' lang='grc' dir='ltr'>ΙΙ.</span> <span class='ocrx_word' id='word_1_144' title='bbox 494 1398 575 1436; x_wconf 90' lang='lat' dir='ltr'>Hic</span> <span class='ocrx_word' id='word_1_145' title='bbox 596 1411 680 1450; x_wconf 87' lang='lat' dir='ltr'>eg0,</span> <span class='ocrx_word' id='word_1_146' title='bbox 712 1398 950 1450; x_wconf 85' lang='lat' dir='ltr'>Pomponius</span> <span class='ocrx_word' id='word_1_147' title='bbox 971 1397 1144 1450; x_wconf 88' lang='lat' dir='ltr'>quidem,</span> <span class='ocrx_word' id='word_1_148' title='bbox 1167 1399 1341 1450; x_wconf 86' lang='lat' dir='ltr'>inquam,</span> <span class='ocrx_word' id='word_1_149' title='bbox 1364 1398 1486 1436; x_wconf 87' lang='lat' dir='ltr'>noster</span> <span class='ocrx_word' id='word_1_150' title='bbox 1499 1398 1620 1450; x_wconf 81' lang='lat' dir='ltr'>jocari</span> <span class='ocrx_word' id='word_1_151' title='bbox 1641 1396 1750 1435; x_wconf 89' lang='lat' dir='ltr'>vide-</span> 
     </span>
     <span class='ocr_line' id='line_1_19' title="bbox 351 1463 1752 1515; baseline -0.003 -11"><span class='ocrx_word' id='word_1_152' title='bbox 351 1476 428 1510; x_wconf 91' lang='lat' dir='ltr'>tur,</span> <span class='ocrx_word' id='word_1_153' title='bbox 459 1474 496 1502; x_wconf 91' lang='lat' dir='ltr'>et</span> <span class='ocrx_word' id='word_1_154' title='bbox 526 1463 675 1502; x_wconf 78' lang='lat' dir='ltr'>fortaffe</span> <span class='ocrx_word' id='word_1_155' title='bbox 705 1463 771 1501; x_wconf 91' lang='lat' dir='ltr'>suo</span> <span class='ocrx_word' id='word_1_156' title='bbox 794 1465 893 1515; x_wconf 89' lang='lat' dir='ltr'>jure.</span> <span class='ocrx_word' id='word_1_157' title='bbox 954 1465 1011 1502; x_wconf 91' lang='lat' dir='ltr'>Ita</span> <span class='ocrx_word' id='word_1_158' title='bbox 1037 1465 1141 1502; x_wconf 89' lang='lat' dir='ltr'>enim</span> <span class='ocrx_word' id='word_1_159' title='bbox 1162 1463 1328 1502; x_wconf 89' lang='lat' dir='ltr'>Athenis</span> <span class='ocrx_word' id='word_1_160' title='bbox 1349 1464 1384 1501; x_wconf 90' lang='lat' dir='ltr'>se</span> <span class='ocrx_word' id='word_1_161' title='bbox 1403 1463 1621 1508; x_wconf 89' lang='lat' dir='ltr'>collocavit,</span> <span class='ocrx_word' id='word_1_162' title='bbox 1644 1471 1687 1500; x_wconf 89' lang='lat' dir='ltr'>ut</span> <span class='ocrx_word' id='word_1_163' title='bbox 1706 1463 1752 1501; x_wconf 85' lang='lat' dir='ltr'>fit</span> 
     </span>
     <span class='ocr_line' id='line_1_20' title="bbox 352 1526 1750 1584; baseline -0.001 -16"><span class='ocrx_word' id='word_1_164' title='bbox 352 1543 448 1584; x_wconf 86' lang='lat' dir='ltr'>pene</span> <span class='ocrx_word' id='word_1_165' title='bbox 478 1542 575 1567; x_wconf 89' lang='lat' dir='ltr'>unus</span> <span class='ocrx_word' id='word_1_166' title='bbox 596 1542 643 1566; x_wconf 86' lang='lat' dir='ltr'>ex</span> <span class='ocrx_word' id='word_1_167' title='bbox 663 1528 820 1573; x_wconf 86' lang='lat' dir='ltr'>Atticis,</span> <span class='ocrx_word' id='word_1_168' title='bbox 851 1538 895 1566; x_wconf 93' lang='lat' dir='ltr'>ut</span> <span class='ocrx_word' id='word_1_169' title='bbox 921 1529 960 1566; x_wconf 91' lang='lat' dir='ltr'>id</span> <span class='ocrx_word' id='word_1_170' title='bbox 987 1529 1102 1566; x_wconf 81' lang='lat' dir='ltr'>etiam</span> <span class='ocrx_word' id='word_1_171' title='bbox 1132 1529 1364 1581; x_wconf 86' lang='lat' dir='ltr'>cognomine</span> <span class='ocrx_word' id='word_1_172' title='bbox 1388 1529 1561 1567; x_wconf 90' lang='lat' dir='ltr'>videatur</span> <span class='ocrx_word' id='word_1_173' title='bbox 1590 1526 1750 1566; x_wconf 89' lang='lat' dir='ltr'>habitu-</span> 
     </span>
     <span class='ocr_line' id='line_1_21' title="bbox 353 1592 1750 1646; baseline -0.002 -12"><span class='ocrx_word' id='word_1_174' title='bbox 353 1609 428 1634; x_wconf 88' lang='lat' dir='ltr'>rus.</span> <span class='ocrx_word' id='word_1_175' title='bbox 462 1595 547 1646; x_wconf 88' lang='lat' dir='ltr'>Ego</span> <span class='ocrx_word' id='word_1_176' title='bbox 566 1602 694 1631; x_wconf 87' lang='lat' dir='ltr'>autem</span> <span class='ocrx_word' id='word_1_177' title='bbox 715 1593 802 1638; x_wconf 91' lang='lat' dir='ltr'>tibi,</span> <span class='ocrx_word' id='word_1_178' title='bbox 835 1593 933 1638; x_wconf 87' lang='lat' dir='ltr'>Piso,</span> <span class='ocrx_word' id='word_1_179' title='bbox 966 1593 1153 1638; x_wconf 80' lang='lat' dir='ltr'>assentior,</span> <span class='ocrx_word' id='word_1_180' title='bbox 1181 1593 1250 1631; x_wconf 90' lang='lat' dir='ltr'>usu</span> <span class='ocrx_word' id='word_1_181' title='bbox 1270 1592 1346 1631; x_wconf 92' lang='lat' dir='ltr'>hoc</span> <span class='ocrx_word' id='word_1_182' title='bbox 1366 1595 1529 1638; x_wconf 87' lang='lat' dir='ltr'>evenire,</span> <span class='ocrx_word' id='word_1_183' title='bbox 1564 1602 1608 1631; x_wconf 92' lang='lat' dir='ltr'>ut</span> <span class='ocrx_word' id='word_1_184' title='bbox 1628 1593 1750 1631; x_wconf 86' lang='lat' dir='ltr'>acrius</span> 
     </span>
     <span class='ocr_line' id='line_1_22' title="bbox 351 1658 1750 1712; baseline -0.001 -14"><span class='ocrx_word' id='word_1_185' title='bbox 351 1661 546 1712; x_wconf 84' lang='lat' dir='ltr'>aliquanto</span> <span class='ocrx_word' id='word_1_186' title='bbox 565 1667 604 1696; x_wconf 90' lang='lat' dir='ltr'>et</span> <span class='ocrx_word' id='word_1_187' title='bbox 633 1659 815 1696; x_wconf 83' lang='lat' dir='ltr'>attentius</span> <span class='ocrx_word' id='word_1_188' title='bbox 847 1658 893 1696; x_wconf 90' lang='lat' dir='ltr'>de</span> <span class='ocrx_word' id='word_1_189' title='bbox 918 1659 1028 1696; x_wconf 86' lang='lat' dir='ltr'>claris</span> <span class='ocrx_word' id='word_1_190' title='bbox 1061 1660 1164 1704; x_wconf 86' lang='lat' dir='ltr'>viris,</span> <span class='ocrx_word' id='word_1_191' title='bbox 1197 1659 1373 1697; x_wconf 87' lang='lat' dir='ltr'>locorum</span> <span class='ocrx_word' id='word_1_192' title='bbox 1393 1659 1608 1704; x_wconf 87' lang='lat' dir='ltr'>admonitu,</span> <span class='ocrx_word' id='word_1_193' title='bbox 1639 1659 1750 1711; x_wconf 89' lang='lat' dir='ltr'>cogi-</span> 
     </span>
     <span class='ocr_line' id='line_1_23' title="bbox 350 1724 1750 1778; baseline -0.001 -14"><span class='ocrx_word' id='word_1_194' title='bbox 350 1734 490 1764; x_wconf 85' lang='lat' dir='ltr'>temus.</span> <span class='ocrx_word' id='word_1_195' title='bbox 537 1725 615 1763; x_wconf 90' lang='lat' dir='ltr'>Scis</span> <span class='ocrx_word' id='word_1_196' title='bbox 635 1724 741 1762; x_wconf 89' lang='lat' dir='ltr'>enim</span> <span class='ocrx_word' id='word_1_197' title='bbox 761 1738 824 1762; x_wconf 88' lang='lat' dir='ltr'>me</span> <span class='ocrx_word' id='word_1_198' title='bbox 843 1725 1013 1777; x_wconf 87' lang='lat' dir='ltr'>quodam</span> <span class='ocrx_word' id='word_1_199' title='bbox 1034 1734 1204 1777; x_wconf 88' lang='lat' dir='ltr'>ternpore</span> <span class='ocrx_word' id='word_1_200' title='bbox 1226 1725 1501 1778; x_wconf 84' lang='lat' dir='ltr'>Metapontum</span> <span class='ocrx_word' id='word_1_201' title='bbox 1522 1724 1660 1763; x_wconf 75' lang='lat' dir='ltr'>venisse</span> <span class='ocrx_word' id='word_1_202' title='bbox 1691 1734 1750 1763; x_wconf 87' lang='lat' dir='ltr'>te-</span> 
     </span>
     <span class='ocr_line' id='line_1_24' title="bbox 349 1788 1751 1843; baseline 0 -14"><span class='ocrx_word' id='word_1_203' title='bbox 349 1805 456 1835; x_wconf 88' lang='lat' dir='ltr'>cum,</span> <span class='ocrx_word' id='word_1_204' title='bbox 488 1802 556 1828; x_wconf 87' lang='lat' dir='ltr'>nec</span> <span class='ocrx_word' id='word_1_205' title='bbox 580 1791 626 1828; x_wconf 90' lang='lat' dir='ltr'>ad</span> <span class='ocrx_word' id='word_1_206' title='bbox 657 1788 850 1842; x_wconf 88' lang='lat' dir='ltr'>hospitem</span> <span class='ocrx_word' id='word_1_207' title='bbox 884 1799 970 1828; x_wconf 89' lang='lat' dir='ltr'>ante</span> <span class='ocrx_word' id='word_1_208' title='bbox 991 1790 1191 1835; x_wconf 66' lang='lat' dir='ltr'>divertisse,</span> <span class='ocrx_word' id='word_1_209' title='bbox 1224 1804 1341 1843; x_wconf 87' lang='lat' dir='ltr'>quam</span> <span class='ocrx_word' id='word_1_210' title='bbox 1374 1790 1597 1843; x_wconf 84' lang='lat' dir='ltr'>Pythagorae</span> <span class='ocrx_word' id='word_1_211' title='bbox 1622 1790 1751 1842; x_wconf 86' lang='lat' dir='ltr'>ipsum</span> 
     </span>
     <span class='ocr_line' id='line_1_25' title="bbox 349 1855 1749 1907; baseline 0 -14"><span class='ocrx_word' id='word_1_212' title='bbox 349 1856 464 1893; x_wconf 89' lang='lat' dir='ltr'>illum</span> <span class='ocrx_word' id='word_1_213' title='bbox 485 1856 632 1900; x_wconf 88' lang='lat' dir='ltr'>locum,</span> <span class='ocrx_word' id='word_1_214' title='bbox 664 1855 732 1893; x_wconf 87' lang='lat' dir='ltr'>ubi</span> <span class='ocrx_word' id='word_1_215' title='bbox 755 1855 874 1892; x_wconf 87' lang='lat' dir='ltr'>vitam</span> <span class='ocrx_word' id='word_1_216' title='bbox 894 1855 1073 1899; x_wconf 86' lang='lat' dir='ltr'>ediderat,</span> <span class='ocrx_word' id='word_1_217' title='bbox 1105 1855 1309 1907; x_wconf 87' lang='lat' dir='ltr'>sedemque</span> <span class='ocrx_word' id='word_1_218' title='bbox 1329 1856 1508 1894; x_wconf 85' lang='lat' dir='ltr'>viderim.</span> <span class='ocrx_word' id='word_1_219' title='bbox 1568 1856 1658 1893; x_wconf 93' lang='lat' dir='ltr'>Hoc</span> <span class='ocrx_word' id='word_1_220' title='bbox 1678 1868 1749 1893; x_wconf 86' lang='lat' dir='ltr'>au-</span> 
     </span>
     <span class='ocr_line' id='line_1_26' title="bbox 350 1920 1748 1973; baseline -0.001 -14"><span class='ocrx_word' id='word_1_221' title='bbox 350 1930 429 1959; x_wconf 89' lang='lat' dir='ltr'>tem</span> <span class='ocrx_word' id='word_1_222' title='bbox 453 1930 638 1973; x_wconf 88' lang='lat' dir='ltr'>tempore,</span> <span class='ocrx_word' id='word_1_223' title='bbox 669 1921 734 1958; x_wconf 89' lang='lat' dir='ltr'>ets1</span> <span class='ocrx_word' id='word_1_224' title='bbox 755 1920 879 1958; x_wconf 87' lang='lat' dir='ltr'>multa</span> <span class='ocrx_word' id='word_1_225' title='bbox 899 1921 938 1958; x_wconf 88' lang='lat' dir='ltr'>in</span> <span class='ocrx_word' id='word_1_226' title='bbox 959 1921 1067 1958; x_wconf 89' lang='lat' dir='ltr'>omni</span> <span class='ocrx_word' id='word_1_227' title='bbox 1089 1929 1193 1973; x_wconf 87' lang='lat' dir='ltr'>parte</span> <span class='ocrx_word' id='word_1_228' title='bbox 1214 1920 1457 1958; x_wconf 88' lang='lat' dir='ltr'>Athenarum</span> <span class='ocrx_word' id='word_1_229' title='bbox 1485 1921 1570 1958; x_wconf 92' lang='lat' dir='ltr'>sunt</span> <span class='ocrx_word' id='word_1_230' title='bbox 1600 1921 1639 1958; x_wconf 91' lang='lat' dir='ltr'>in</span> <span class='ocrx_word' id='word_1_231' title='bbox 1662 1920 1748 1973; x_wconf 75' lang='lat' dir='ltr'>Ipfis</span> 
     </span>
     <span class='ocr_line' id='line_1_27' title="bbox 349 1986 1747 2039; baseline 0 -14"><span class='ocrx_word' id='word_1_232' title='bbox 349 1988 443 2025; x_wconf 86' lang='lat' dir='ltr'>locis</span> <span class='ocrx_word' id='word_1_233' title='bbox 464 1987 606 2025; x_wconf 88' lang='lat' dir='ltr'>indicia</span> <span class='ocrx_word' id='word_1_234' title='bbox 625 1986 867 2025; x_wconf 88' lang='lat' dir='ltr'>summorum</span> <span class='ocrx_word' id='word_1_235' title='bbox 887 1987 1070 2031; x_wconf 89' lang='lat' dir='ltr'>virorum,</span> <span class='ocrx_word' id='word_1_236' title='bbox 1095 1996 1221 2025; x_wconf 90' lang='lat' dir='ltr'>tamen</span> <span class='ocrx_word' id='word_1_237' title='bbox 1241 2000 1312 2039; x_wconf 87' lang='lat' dir='ltr'>ego</span> <span class='ocrx_word' id='word_1_238' title='bbox 1331 1986 1396 2024; x_wconf 90' lang='lat' dir='ltr'>illa</span> <span class='ocrx_word' id='word_1_239' title='bbox 1421 2000 1578 2025; x_wconf 86' lang='lat' dir='ltr'>moveor</span> <span class='ocrx_word' id='word_1_240' title='bbox 1599 1987 1747 2025; x_wconf 84' lang='lat' dir='ltr'>exedra.</span> 
     </span>
     <span class='ocr_line' id='line_1_28' title="bbox 351 2051 1749 2105; baseline -0.002 -13"><span class='ocrx_word' id='word_1_241' title='bbox 351 2053 474 2092; x_wconf 92' lang='lat' dir='ltr'>Modo</span> <span class='ocrx_word' id='word_1_242' title='bbox 494 2053 599 2091; x_wconf 89' lang='lat' dir='ltr'>enim</span> <span class='ocrx_word' id='word_1_243' title='bbox 620 2051 695 2090; x_wconf 81' lang='lat' dir='ltr'>fuit</span> <span class='ocrx_word' id='word_1_244' title='bbox 717 2053 942 2097; x_wconf 82' lang='lat' dir='ltr'>Carneades,</span> <span class='ocrx_word' id='word_1_245' title='bbox 965 2067 1083 2105; x_wconf 87' lang='lat' dir='ltr'>quem</span> <span class='ocrx_word' id='word_1_246' title='bbox 1105 2053 1231 2091; x_wconf 91' lang='lat' dir='ltr'>videre</span> <span class='ocrx_word' id='word_1_247' title='bbox 1251 2053 1393 2091; x_wconf 88' lang='lat' dir='ltr'>videor.</span> <span class='ocrx_word' id='word_1_248' title='bbox 1442 2053 1508 2090; x_wconf 83' lang='lat' dir='ltr'>Est</span> <span class='ocrx_word' id='word_1_249' title='bbox 1528 2053 1632 2090; x_wconf 86' lang='lat' dir='ltr'>enim</span> <span class='ocrx_word' id='word_1_250' title='bbox 1660 2062 1749 2090; x_wconf 77' lang='lat' dir='ltr'>nota</span> 
     </span>
     <span class='ocr_line' id='line_1_29' title="bbox 350 2119 1748 2172; baseline -0.001 -15"><span class='ocrx_word' id='word_1_251' title='bbox 350 2120 502 2172; x_wconf 85' lang='lat' dir='ltr'>imago;</span> <span class='ocrx_word' id='word_1_252' title='bbox 527 2133 546 2157; x_wconf 91' lang='lat' dir='ltr'>a</span> <span class='ocrx_word' id='word_1_253' title='bbox 563 2119 720 2171; x_wconf 82' lang='lat' dir='ltr'>sedeque</span> <span class='ocrx_word' id='word_1_254' title='bbox 741 2119 819 2171; x_wconf 89' lang='lat' dir='ltr'>ipsa</span> <span class='ocrx_word' id='word_1_255' title='bbox 839 2128 942 2156; x_wconf 83' lang='lat' dir='ltr'>tanta</span> <span class='ocrx_word' id='word_1_256' title='bbox 962 2119 1108 2171; x_wconf 86' lang='lat' dir='ltr'>ingenii</span> <span class='ocrx_word' id='word_1_257' title='bbox 1125 2119 1390 2171; x_wconf 87' lang='lat' dir='ltr'>magnitudine</span> <span class='ocrx_word' id='word_1_258' title='bbox 1405 2119 1536 2157; x_wconf 87' lang='lat' dir='ltr'>orbata</span> <span class='ocrx_word' id='word_1_259' title='bbox 1552 2119 1748 2157; x_wconf 70' lang='lat' dir='ltr'>desiderari</span> 
     </span>
     <span class='ocr_line' id='line_1_30' title="bbox 349 2185 739 2237; baseline 0 -15"><span class='ocrx_word' id='word_1_260' title='bbox 349 2185 457 2223; x_wconf 88' lang='lat' dir='ltr'>illam</span> <span class='ocrx_word' id='word_1_261' title='bbox 477 2199 612 2223; x_wconf 87' lang='lat' dir='ltr'>vocem</span> <span class='ocrx_word' id='word_1_262' title='bbox 630 2193 739 2237; x_wconf 89' lang='lat' dir='ltr'>puto.</span> 
     </span>
    </p>

    <p class='ocr_par' dir='ltr' id='par_1_6' title="bbox 349 2249 1749 2624">
     <span class='ocr_line' id='line_1_31' title="bbox 403 2249 1746 2303; baseline -0.001 -16"><span class='ocrx_word' id='word_1_263' title='bbox 403 2252 513 2287; x_wconf 89' lang='lat' dir='ltr'>Tum</span> <span class='ocrx_word' id='word_1_264' title='bbox 533 2249 632 2294; x_wconf 71' lang='lat' dir='ltr'>Piso,</span> <span class='ocrx_word' id='word_1_265' title='bbox 669 2250 867 2300; x_wconf 84' lang='lat' dir='ltr'>Qoniam</span> <span class='ocrx_word' id='word_1_266' title='bbox 888 2250 1006 2302; x_wconf 84' lang='lat' dir='ltr'>igitur</span> <span class='ocrx_word' id='word_1_267' title='bbox 1025 2251 1172 2302; x_wconf 86' lang='lat' dir='ltr'>aliquid</span> <span class='ocrx_word' id='word_1_268' title='bbox 1192 2264 1339 2296; x_wconf 71' lang='lat' dir='ltr'>omnes,</span> <span class='ocrx_word' id='word_1_269' title='bbox 1372 2251 1465 2303; x_wconf 88' lang='lat' dir='ltr'>quid</span> <span class='ocrx_word' id='word_1_270' title='bbox 1484 2251 1629 2289; x_wconf 85' lang='lat' dir='ltr'>Lucius</span> <span class='ocrx_word' id='word_1_271' title='bbox 1659 2249 1746 2287; x_wconf 89' lang='lat' dir='ltr'>nos-</span> 
     </span>
     <span class='ocr_line' id='line_1_32' title="bbox 350 2315 1745 2367; baseline -0.001 -14"><span class='ocrx_word' id='word_1_272' title='bbox 350 2325 419 2360; x_wconf 88' lang='lat' dir='ltr'>ter,</span> <span class='ocrx_word' id='word_1_273' title='bbox 456 2315 610 2367; x_wconf 88' lang='lat' dir='ltr'>inquit?</span> <span class='ocrx_word' id='word_1_274' title='bbox 642 2329 687 2353; x_wconf 87' lang='lat' dir='ltr'>an</span> <span class='ocrx_word' id='word_1_275' title='bbox 718 2329 807 2353; x_wconf 87' lang='lat' dir='ltr'>eum</span> <span class='ocrx_word' id='word_1_276' title='bbox 841 2316 972 2354; x_wconf 87' lang='lat' dir='ltr'>locum</span> <span class='ocrx_word' id='word_1_277' title='bbox 1003 2317 1166 2354; x_wconf 87' lang='lat' dir='ltr'>libenter</span> <span class='ocrx_word' id='word_1_278' title='bbox 1195 2317 1334 2361; x_wconf 79' lang='lat' dir='ltr'>invisit,</span> <span class='ocrx_word' id='word_1_279' title='bbox 1367 2318 1433 2354; x_wconf 88' lang='lat' dir='ltr'>ubi</span> <span class='ocrx_word' id='word_1_280' title='bbox 1466 2315 1745 2354; x_wconf 81' lang='lat' dir='ltr'>Demosthenes</span> 
     </span>
     <span class='ocr_line' id='line_1_33' title="bbox 349 2380 1746 2434; baseline 0 -16"><span class='ocrx_word' id='word_1_281' title='bbox 349 2391 387 2419; x_wconf 90' lang='lat' dir='ltr'>et</span> <span class='ocrx_word' id='word_1_282' title='bbox 408 2380 608 2419; x_wconf 85' lang='lat' dir='ltr'>AEschines</span> <span class='ocrx_word' id='word_1_283' title='bbox 628 2382 726 2419; x_wconf 85' lang='lat' dir='ltr'>inter</span> <span class='ocrx_word' id='word_1_284' title='bbox 744 2381 778 2420; x_wconf 91' lang='lat' dir='ltr'>se</span> <span class='ocrx_word' id='word_1_285' title='bbox 796 2382 985 2420; x_wconf 74' lang='lat' dir='ltr'>decertare</span> <span class='ocrx_word' id='word_1_286' title='bbox 1006 2383 1106 2421; x_wconf 85' lang='lat' dir='ltr'>soliti</span> <span class='ocrx_word' id='word_1_287' title='bbox 1127 2384 1212 2422; x_wconf 88' lang='lat' dir='ltr'>sunt</span> <span class='ocrx_word' id='word_1_288' title='bbox 1232 2384 1244 2420; x_wconf 90' lang='lat'>?</span> <span class='ocrx_word' id='word_1_289' title='bbox 1277 2384 1342 2421; x_wconf 83' lang='lat' dir='ltr'>suo</span> <span class='ocrx_word' id='word_1_290' title='bbox 1361 2384 1467 2420; x_wconf 71' lang='lat' dir='ltr'>enim</span> <span class='ocrx_word' id='word_1_291' title='bbox 1487 2382 1646 2434; x_wconf 84' lang='lat' dir='ltr'>quisque</span> <span class='ocrx_word' id='word_1_292' title='bbox 1667 2381 1746 2418; x_wconf 90' lang='lat' dir='ltr'>stu-</span> 
     </span>
     <span class='ocr_line' id='line_1_34' title="bbox 350 2446 1749 2499; baseline 0.001 -16"><span class='ocrx_word' id='word_1_293' title='bbox 350 2446 414 2484; x_wconf 87' lang='lat' dir='ltr'>dio</span> <span class='ocrx_word' id='word_1_294' title='bbox 435 2447 602 2484; x_wconf 84' lang='lat' dir='ltr'>maxime</span> <span class='ocrx_word' id='word_1_295' title='bbox 622 2446 788 2485; x_wconf 84' lang='lat' dir='ltr'>ducitur.</span> <span class='ocrx_word' id='word_1_296' title='bbox 836 2449 887 2485; x_wconf 87' lang='lat' dir='ltr'>Et</span> <span class='ocrx_word' id='word_1_297' title='bbox 907 2448 986 2492; x_wconf 88' lang='lat' dir='ltr'>ille,</span> <span class='ocrx_word' id='word_1_298' title='bbox 1017 2462 1108 2487; x_wconf 92' lang='lat' dir='ltr'>cum</span> <span class='ocrx_word' id='word_1_299' title='bbox 1129 2448 1346 2492; x_wconf 82' lang='lat' dir='ltr'>erubuiffet,</span> <span class='ocrx_word' id='word_1_300' title='bbox 1383 2447 1494 2492; x_wconf 75' lang='lat' dir='ltr'>Noli,</span> <span class='ocrx_word' id='word_1_301' title='bbox 1526 2447 1668 2499; x_wconf 87' lang='lat' dir='ltr'>inquit,</span> <span class='ocrx_word' id='word_1_302' title='bbox 1698 2459 1749 2484; x_wconf 76' lang='lat' dir='ltr'>ex</span> 
     </span>
     <span class='ocr_line' id='line_1_35' title="bbox 350 2513 1746 2565; baseline 0 -16"><span class='ocrx_word' id='word_1_303' title='bbox 350 2525 413 2550; x_wconf 89' lang='lat' dir='ltr'>me</span> <span class='ocrx_word' id='word_1_304' title='bbox 447 2525 628 2564; x_wconf 77' lang='lat' dir='ltr'>quaerere,</span> <span class='ocrx_word' id='word_1_305' title='bbox 671 2513 739 2564; x_wconf 86' lang='lat' dir='ltr'>qui</span> <span class='ocrx_word' id='word_1_306' title='bbox 769 2514 808 2550; x_wconf 86' lang='lat' dir='ltr'>in</span> <span class='ocrx_word' id='word_1_307' title='bbox 840 2513 1085 2552; x_wconf 85' lang='lat' dir='ltr'>Phalericum</span> <span class='ocrx_word' id='word_1_308' title='bbox 1116 2515 1232 2552; x_wconf 78' lang='lat' dir='ltr'>etiam</span> <span class='ocrx_word' id='word_1_309' title='bbox 1271 2514 1558 2558; x_wconf 75' lang='lat' dir='ltr'>descenderim5</span> <span class='ocrx_word' id='word_1_310' title='bbox 1601 2527 1678 2565; x_wconf 87' lang='lat' dir='ltr'>quo</span> <span class='ocrx_word' id='word_1_311' title='bbox 1706 2513 1746 2550; x_wconf 87' lang='lat' dir='ltr'>in</span> 
     </span>
     <span class='ocr_line' id='line_1_36' title="bbox 350 2577 1746 2624; baseline 0.001 -8"><span class='ocrx_word' id='word_1_312' title='bbox 350 2577 435 2617; x_wconf 90' lang='lat' dir='ltr'>loco</span> <span class='ocrx_word' id='word_1_313' title='bbox 470 2578 515 2617; x_wconf 82' lang='lat' dir='ltr'>ad</span> <span class='ocrx_word' id='word_1_314' title='bbox 545 2577 707 2617; x_wconf 60' lang='lat' dir='ltr'>fluctum</span> <span class='ocrx_word' id='word_1_315' title='bbox 744 2579 850 2618; x_wconf 83' lang='lat' dir='ltr'>aiunt</span> <span class='ocrx_word' id='word_1_316' title='bbox 886 2580 1096 2619; x_wconf 79' lang='lat' dir='ltr'>declamare</span> <span class='ocrx_word' id='word_1_317' title='bbox 1131 2581 1286 2619; x_wconf 80' lang='lat' dir='ltr'>solitum</span> <span class='ocrx_word' id='word_1_318' title='bbox 1325 2579 1655 2624; x_wconf 82' lang='lat' dir='ltr'>Demosthenem,</span> <span class='ocrx_word' id='word_1_319' title='bbox 1703 2586 1746 2615; x_wconf 78' lang='lat' dir='ltr'>ut</span> 
     </span>
    </p>
   </div>
  </div>
 </body>
</html>
