2330 2983
695 251 971 291 LIBER
1029 252 1467 304 QUINTUS.
1706 256 1776 308 361

388 348 452 387 Ad
474 358 509 387 te
529 348 802 403 confugimus;
825 364 845 388 a
865 359 902 389 te
921 363 1035 403 opem
1058 351 1227 404 petimus
1246 366 1255 390 :
1287 351 1360 390 tibi
1380 365 1462 397 nos,
1481 360 1524 390 ut
1543 360 1652 390 antea
1671 365 1781 405 mag-

387 428 436 453 na
454 429 502 454 ex
520 425 640 469 parte,
661 417 710 455 fic
730 430 833 455 nunc
850 417 1003 469 penitus
1025 417 1199 469 totosque
1219 418 1418 456 tradimus.
1451 418 1518 456 Est
1533 427 1661 456 autem
1682 432 1781 456 unus

387 480 492 526 dies,
526 482 623 519 bene
656 491 695 520 et
727 495 774 520 ex
807 482 1005 535 praeceptis
1037 482 1113 520 tuis
1146 484 1264 527 aetus,
1296 485 1469 535 peccanti
1499 485 1783 523 immortalitati

385 547 687 599 anteponendus.
721 548 842 599 Cujus
862 547 981 599 igitur
1010 548 1140 600 potius
1160 548 1299 600 opibus
1332 557 1500 594 utamur,
1533 564 1650 601 quarn
1673 551 1780 589 tuis?

385 625 471 664 quae
503 621 542 651 et
562 613 648 652 vitae
668 614 988 666 tranquillitatem
1019 613 1153 666 largita
1172 614 1283 652 nobis
1304 627 1356 659 es,
1388 624 1426 652 et
1447 624 1625 653 terrorem
1648 617 1782 655 mortis

384 677 578 717 sustulisti.

440 747 496 782 At
516 743 758 798 philosophia
777 745 938 797 quidem
971 754 1123 783 tantum
1144 745 1259 790 abest,
1291 754 1347 789 ut,
1382 745 1542 799 proinde
1571 759 1613 784 ac
1642 746 1689 784 de
1708 745 1781 785 ho-

385 809 540 848 minum
560 810 613 848 est
633 811 710 848 vita
729 812 879 856 merita,
898 811 1073 849 laudetur
1085 829 1096 856 ς
1121 821 1177 856 ut,
1195 825 1214 849 a
1229 810 1418 864 plerisque
1435 812 1619 864 neglesta,
1641 825 1661 849 a
1676 813 1782 850 mul-

386 875 434 912 tis
465 876 582 914 etiam
614 877 863 929 vituperetur.
901 877 1128 929 Vituperare
1158 877 1362 929 quisquam
1388 878 1474 915 vitae
1504 887 1714 930 parentem,
1745 888 1783 916 et

385 939 460 978 hoc
479 941 683 994 parricidio
703 941 738 979 se
770 942 972 993 inquinare
991 942 1135 979 audet?
1166 952 1203 979 et
1231 952 1310 980 tam
1341 943 1462 995 impie
1494 943 1664 995 ingratus
1695 943 1780 988 effe,

387 1014 430 1042 ut
449 1019 533 1043 eam
558 1006 721 1050 accuset,
754 1019 871 1058 quam
905 1006 1024 1044 vereri
1045 1007 1213 1051 deberet,
1244 1008 1360 1044 etiam
1381 1007 1407 1045 fi
1428 1007 1556 1045 minus
1590 1008 1782 1060 percipere

384 1070 593 1122 potuifi‘et?
625 1071 710 1115 Sed,
734 1081 776 1109 ut
795 1072 946 1124 opinor,
981 1071 1046 1109 hic
1066 1085 1168 1110 error
1198 1081 1236 1109 et
1255 1071 1336 1109 haec
1368 1072 1611 1110 indoctorum
1642 1074 1780 1110 animis

382 1135 502 1174 offusa
521 1137 646 1189 caligo
676 1137 742 1182 est,
774 1137 879 1189 quod
910 1146 990 1174 tam
1010 1137 1124 1189 longe
1156 1146 1254 1175 retro
1284 1137 1465 1190 respicere
1496 1151 1573 1175 non
1600 1137 1779 1190 poffunt:

382 1215 454 1240 nec
474 1216 552 1248 eos,
582 1216 603 1241 e
622 1203 765 1255 quibus
786 1203 863 1241 vita
889 1201 1098 1241 hominum
1120 1203 1299 1241 instructa
1319 1203 1455 1256 primis
1475 1203 1533 1248 fit,
1560 1202 1669 1242 fuisse
1688 1203 1780 1256 phi-

382 1267 560 1321 losophos
579 1269 823 1306 arbitrantur.
857 1269 987 1320 Qam
1019 1282 1100 1306 rem
1120 1268 1420 1320 antiquissimam
1450 1282 1543 1306 cum
1570 1269 1780 1316 videamus,

384 1347 528 1372 nomen
549 1343 675 1372 tamen
697 1334 929 1372 confitemur
947 1333 1019 1371 effe
1039 1347 1182 1372 recens.

438 1401 514 1438 ΙΙΙ.
545 1399 653 1438 Nam
674 1400 896 1453 sapientiam
933 1400 1091 1452 quidem
1126 1399 1244 1452 ipsam
1278 1400 1364 1452 quis
1399 1413 1534 1452 negare
1559 1400 1682 1453 potest
1701 1414 1780 1440 non

384 1466 501 1504 modo
522 1479 560 1504 re
589 1465 660 1504 effe
680 1466 893 1518 antiquam,
928 1479 1062 1505 verum
1082 1467 1200 1504 etiam
1232 1467 1418 1504 nomine?
1451 1480 1536 1518 quae
1561 1466 1781 1506 divinarum

382 1531 717 1584 humanarumque
746 1544 888 1576 rerum,
920 1540 1007 1569 tum
1038 1531 1256 1575 initiorum,
1287 1531 1562 1583 causarumque
1595 1532 1780 1584 cujusque

383 1598 435 1636 rei
461 1598 696 1650 cognitione,
731 1596 807 1635 hoc
838 1595 1150 1650 pulcherrimum
1177 1610 1320 1636 nomen
1354 1597 1455 1650 apud
1483 1598 1659 1650 antiquos
1686 1598 1780 1636 affe-

380 1663 581 1716 quebatur.
613 1664 749 1715 Itaque
781 1672 821 1701 et
852 1662 939 1701 illos
974 1662 1135 1716 septem,
1170 1664 1239 1716 qui
1267 1677 1288 1701 a
1308 1664 1455 1702 Graecis
1475 1662 1575 1710 πφοὶ,
1596 1664 1780 1717 fhpientes

380 1743 401 1767 a
420 1729 569 1774 nostris,
591 1738 628 1767 et
647 1728 900 1774 habebantur,
922 1738 960 1767 et
980 1729 1279 1767 nominabantur
1291 1747 1302 1773 ς
1325 1737 1363 1766 et
1381 1729 1515 1766 multis
1537 1739 1623 1767 ante
1643 1731 1778 1769 seculis

381 1797 621 1848 Lycurgum,
651 1796 761 1848 cujus
793 1794 1032 1847 temporibus
1053 1795 1252 1833 Homerus
1283 1794 1400 1832 etiam
1420 1794 1530 1833 fuisse
1561 1804 1648 1834 ante
1676 1794 1778 1834 hanc

379 1862 517 1899 urbem
551 1861 748 1899 conditam
780 1861 967 1906 traditur;
998 1860 1114 1899 etiam
1140 1860 1304 1899 heroicis
1335 1861 1507 1899 aetatibus
1539 1861 1713 1913 Ulyssem
1739 1872 1777 1900 et

381 1926 583 1965 Nestorem
603 1926 822 1980 accepimus
842 1936 880 1964 et
899 1925 1022 1971 fuisse,
1044 1935 1082 1964 et
1100 1925 1252 1964 habitos
1273 1925 1344 1963 effe
1365 1926 1562 1979 sapientes.
1585 1926 1672 1965 Nec
1688 1941 1778 1966 vero

380 1992 489 2031 Atlas
523 1991 701 2030 sustinere
736 1992 890 2036 caelum,
925 2004 997 2030 nec
1028 1990 1283 2030 Prometheus
1318 1991 1453 2030 affixus
1490 1992 1672 2037 Caucaso,
1705 2006 1776 2031 nec

377 2057 545 2095 stellatus
567 2056 747 2110 Cepheus
767 2071 859 2096 cum
880 2070 1012 2102 uxore,
1033 2071 1186 2110 genero,
1209 2057 1288 2095 filia
1309 2057 1529 2102 traderetur,
1559 2057 1626 2096 nifi
1647 2058 1775 2096 caeles-

379 2124 479 2161 tium
498 2123 627 2161 divina
646 2123 818 2176 cognitio
834 2136 977 2161 nomen
993 2136 1126 2161 eorum
1141 2123 1187 2160 ad
1203 2136 1368 2161 errorem
1386 2121 1525 2161 fabulae
1542 2123 1773 2162 traduxiffet.

378 2191 415 2228 A
436 2189 578 2242 quibus
599 2189 704 2227 ducti
738 2189 917 2242 deinceps
943 2202 1091 2234 omnes,
1122 2190 1190 2242 qui
1220 2190 1259 2227 in
1290 2203 1418 2228 rerum
1447 2191 1774 2243 contemplatione

379 2254 500 2292 studia
533 2255 726 2307 ponebant
746 2283 758 2299 ‚
790 2254 974 2307 sapientes
1009 2264 1047 2293 et
1083 2254 1336 2300 habebantur,
1377 2265 1416 2293 et
1442 2256 1770 2300 nominabantur;

378 2319 495 2371 idque
529 2333 664 2357 eorum
698 2332 839 2357 nomen
875 2319 992 2372 usque
1036 2320 1083 2358 ad
1117 2319 1342 2373 Pythagorae
1375 2321 1544 2358 manavit
1587 2329 1769 2365 aetatem;

378 2397 511 2436 quem,
534 2394 576 2421 ut
596 2384 725 2422 scribit
754 2385 903 2422 auditor
924 2385 1095 2423 Platonis
1127 2386 1310 2424 Ponticus
1332 2385 1570 2429 Heraclides,
1602 2385 1657 2422 vir
1675 2386 1771 2423 doc-

379 2459 439 2488 tus
471 2449 511 2488 in
540 2450 691 2503 primis,
720 2450 944 2490 Phliuntem
967 2451 1097 2491 ferunt
1115 2452 1266 2496 veniffe,
1298 2464 1466 2503 eumque
1486 2464 1578 2489 cum
1609 2452 1769 2497 Leonte,

378 2516 553 2569 principe
590 2515 876 2564 Phliasiorum,
917 2518 1027 2557 docte
1063 2527 1101 2557 et
1146 2517 1295 2571 copiose
1333 2517 1534 2556 differuiffe
1578 2518 1767 2571 quaedam.

401 2603 407 2605 -
461 2583 589 2622 ΤοΜ.
623 2583 677 2622 ΙΙ.
1389 2583 1421 2621 Ζ
1446 2597 1467 2621 z
