2330 2983
708 263 980 302 LIBER
1045 260 1404 311 RRIMUS.
1670 274 1751 313 429

366 376 596 418 permanere,
619 376 780 415 eamque
809 362 879 400 effe
897 364 977 414 ejus
996 362 1192 406 vilionern,
1223 371 1266 399 ut
1292 359 1541 398 fimilitudine
1560 367 1598 398 et
1618 360 1751 406 tranfi-

365 432 470 468 tione
500 437 686 473 cernatur,
723 441 844 480 neque
876 426 1025 464 deficiat
1056 440 1227 478 unquam
1261 439 1307 464 ex
1339 426 1498 463 infinitis
1529 423 1751 478 corporibus

367 496 551 534 similium
572 493 726 531 acceffio
738 511 750 538 3
777 506 823 531 ex
842 505 963 543 eoque
984 491 1078 536 fieri,
1102 500 1145 529 ut
1172 492 1212 529 in
1232 490 1313 528 haec
1341 491 1485 528 intenta
1504 504 1611 529 mens
1632 490 1754 528 nostra

366 561 513 598 beatam
534 558 640 596 illam
661 567 832 595 naturam
851 565 889 594 et
909 556 1178 607 sempiternam
1198 563 1321 607 putet.

419 624 653 662 XXXVIII.
685 623 790 667 Hoc,
812 635 878 674 per
897 621 995 674 ipsos
1017 622 1134 666 Deos,
1167 620 1213 658 de
1232 620 1373 672 quibus
1398 619 1610 671 loquimur,
1643 621 1754 672 quale

366 689 520 727 tandem
540 689 620 726 est?
651 689 757 727 Nam
787 687 813 725 fi
834 686 1104 725 tantummodo
1133 686 1178 724 ad
1208 686 1480 738 cogitationem
1511 685 1650 729 valent,
1684 698 1753 722 nec

367 754 486 793 ullam
507 754 650 792 habent
670 753 911 797 soliditatem,
933 766 1001 790 nec
1021 752 1270 790 eminentiam
1284 769 1296 796 ;
1329 750 1422 803 quid
1442 750 1605 795 interest,
1623 748 1755 787 utrum

367 819 414 857 de
435 820 767 872 Hippocentauro‚
789 832 835 856 an
856 819 902 856 de
922 818 1021 863 Deo,
1040 817 1284 870 cogitemus?
1317 818 1489 854 Omnem
1509 816 1613 854 enim
1635 815 1751 853 talem

368 884 714 923 conformationem
733 885 852 921 animi
872 884 995 922 caeteri
1015 882 1236 936 philolbphi
1251 891 1404 921 motum
1425 882 1577 920 inanem
1597 892 1752 926 vocant;

369 963 434 988 vos
454 959 582 988 autem
603 950 808 987 adventum
829 950 868 987 in
889 949 1051 994 animos,
1083 958 1120 986 et
1140 949 1343 986 introitum
1375 948 1589 1000 imaginum
1609 948 1752 985 dicitis.

370 1012 427 1053 Ut
457 1016 576 1067 igitur
596 1014 690 1052 Tib.
714 1013 937 1052 Gracchum
967 1027 1059 1051 cum
1090 1014 1220 1051 videor
1249 1014 1542 1051 concionantem
1573 1013 1612 1050 in
1635 1013 1754 1065 Capi-

369 1080 466 1118 tolio
485 1080 624 1125 videre,
655 1080 701 1117 de
721 1080 784 1118 M.
809 1081 969 1117 Octavio
989 1079 1222 1117 deferentem
1243 1079 1417 1123 sitellam,
1446 1087 1530 1115 tum
1556 1092 1646 1115 eum
1667 1091 1753 1115 mo-

369 1153 454 1182 tum
489 1145 607 1182 animi
637 1145 724 1182 dico
753 1144 824 1182 effe
852 1145 1032 1181 inanem:
1064 1153 1107 1181 tu
1126 1152 1256 1181 autem
1288 1152 1326 1180 et
1346 1141 1515 1180 Gracchi
1545 1151 1583 1180 et
1604 1143 1755 1180 octavii

368 1211 552 1263 imagines
573 1224 774 1255 remanere,
807 1223 904 1262 quae,
936 1210 976 1248 in
1005 1209 1245 1262 Capitolium
1274 1223 1365 1247 cum
1387 1209 1638 1261 pervenerint,
1669 1219 1755 1246 tum

369 1276 415 1313 ad
434 1276 609 1314 animum
629 1289 761 1314 meum
781 1275 1010 1313 referantur:
1043 1274 1118 1312 hoc
1137 1274 1241 1312 idem
1262 1274 1343 1312 fieri
1362 1274 1401 1311 in
1423 1274 1520 1318 Deo,
1541 1276 1650 1325 cujus
1670 1287 1754 1311 cre-

370 1342 435 1378 bra
454 1340 550 1379 facie
570 1341 759 1393 pellantur
778 1341 897 1378 animi
913 1358 925 1385 3
956 1353 1002 1378 ex
1023 1353 1101 1392 quo
1120 1339 1190 1378 esse
1220 1340 1319 1377 beati
1339 1349 1452 1392 atque
1483 1339 1611 1377 aeterni
1636 1339 1753 1376 intel-

370 1405 550 1457 ligantur.

425 1473 501 1509 Fac
532 1472 717 1524 imagines
745 1470 830 1516 esse,
855 1472 996 1523 quibus
1015 1470 1212 1524 pulsentur
1231 1470 1362 1508 animi.
1404 1470 1551 1523 Species
1572 1471 1754 1508 duntaxat

370 1537 552 1588 objicitur
573 1537 744 1589 quaedam
761 1552 769 1574 :
792 1550 888 1574 num
900 1537 1014 1574 etiam
1031 1549 1099 1574 cur
1118 1549 1159 1573 ea
1178 1521 1284 1573 beata
1299 1535 1370 1572 fit?
1391 1549 1459 1572 cur
1471 1535 1633 1572 aeterna?
1656 1536 1754 1586 Qae

370 1611 497 1638 autem
518 1600 592 1638 istae
612 1600 795 1651 imagines
814 1599 953 1642 vestrae,
975 1608 1039 1635 aut
1056 1598 1184 1636 unde?
1212 1612 1232 1636 a
1252 1599 1479 1637 Democrito
1495 1600 1655 1637 omnino
1672 1599 1753 1638 haec

370 1666 535 1703 licentia.
567 1664 637 1702 Sed
657 1673 695 1701 et
714 1664 779 1702 ille
799 1663 1042 1716 reprehensus
1062 1677 1081 1701 a
1100 1664 1233 1702 multis
1254 1665 1319 1709 est,
1342 1678 1411 1702 nec
1431 1678 1497 1702 vos
1517 1666 1667 1703 exitum
1693 1679 1752 1703 re-

369 1730 529 1783 peritis;
561 1739 716 1782 totaque
747 1742 802 1767 res
823 1729 974 1766 vacillat
1001 1738 1038 1766 et
1069 1729 1269 1767 claudicat.
1307 1729 1415 1767 Nam
1440 1730 1534 1780 quid
1553 1730 1618 1774 est,
1653 1730 1757 1781 quod

371 1796 499 1834 minus
530 1796 680 1848 probari
711 1795 835 1847 poffit,
866 1808 982 1847 quam
1003 1794 1181 1832 omnium
1202 1795 1242 1831 in
1273 1807 1336 1832 me
1366 1795 1531 1834 incidere
1550 1795 1752 1847 imagines,

371 1859 550 1903 Homeri,
595 1858 836 1903 Archilochi,
879 1859 1054 1903 Romuli,
1096 1858 1253 1903 Numae,
1295 1857 1531 1912 Pythagorae,
1567 1859 1751 1904 Platonis,

373 1937 442 1962 nec
462 1937 509 1963 ex
527 1922 664 1968 forma,
686 1936 761 1975 qua
781 1923 838 1961 illi
859 1923 1014 1961 fuerunt
1032 1924 1045 1960 ?
1076 1923 1284 1974 Qomodo
1303 1937 1393 1976 ergo
1412 1924 1469 1962 illi
1487 1925 1501 1961 ?
1531 1933 1567 1962 et
1587 1938 1752 1977 quorum

371 1990 586 2042 imagines?
618 1988 821 2043 Orpheum
854 1999 1006 2042 poetam
1027 1989 1139 2026 docet
1158 1988 1376 2027 Aristoteles
1402 2003 1598 2042 nunquam
1630 1989 1752 2035 fuiffe,

371 2063 409 2092 et
442 2054 515 2092 hoc
550 2051 770 2106 Orphicum
811 2067 963 2092 carmen
998 2053 1225 2106 Pythagorei
1257 2053 1387 2092 ferunt
1419 2055 1615 2107 cujusdam
1644 2048 1753 2094 fuisse

373 2120 568 2172 Cercopis.
611 2121 665 2157 At
686 2119 879 2172 Orpheus,
901 2120 940 2157 id
959 2119 1024 2164 est,
1047 2121 1175 2171 imago
1194 2121 1289 2172 ejus,
1310 2130 1352 2158 ut
1371 2134 1436 2158 vos
1456 2121 1585 2166 vultis,
1610 2122 1649 2159 in
1669 2122 1751 2159 ani-

371 2198 483 2222 mum
513 2198 644 2223 meum
677 2184 769 2236 saepe
802 2185 974 2223 incurrit.
1025 2185 1145 2236 Qid,
1186 2186 1291 2237 quod
1319 2186 1483 2238 ejusdem
1513 2186 1682 2225 hominis
1712 2188 1752 2224 in

374 2263 506 2287 meum
526 2249 619 2293 aliae,
641 2250 722 2287 aliae
741 2250 779 2287 in
801 2260 911 2287 tuum
931 2250 944 2286 ?
1017 2251 1097 2294 uid,
1117 2251 1222 2302 quod
1237 2264 1366 2290 earum
1387 2265 1528 2296 rerum,
1546 2266 1629 2304 quae
1648 2265 1750 2289 nun-

374 2328 491 2367 quam
509 2315 669 2352 omnino
688 2313 856 2360 fuerunt,
879 2329 1001 2368 neque
1015 2315 1085 2353 effe
1104 2325 1322 2368 potuerunt,
1351 2326 1395 2355 ut
1415 2318 1559 2368 Scyllae,
1589 2326 1630 2354 ut
1651 2316 1750 2354 Chi-

374 2393 485 2418 merae
503 2381 515 2416 ?
548 2380 668 2430 Qid,
703 2381 806 2432 quod
826 2380 1046 2427 hominum,
1073 2381 1262 2427 locorum,
1298 2383 1452 2420 urbium
1484 2396 1626 2427 earum,
1658 2395 1750 2434 quas

375 2457 573 2496 nunquam
593 2445 791 2483 vidimus?
823 2447 943 2498 Qid,
974 2446 1076 2499 quod
1098 2447 1207 2485 simul
1238 2461 1280 2485 ac
1311 2447 1409 2485 mihi
1435 2447 1652 2485 collibitum
1684 2447 1749 2492 est,

376 2509 506 2562 praesto
525 2509 577 2547 est
595 2509 750 2563 imago?
771 2510 890 2562 Qid,
913 2512 1015 2563 quud
1035 2512 1151 2550 etiam
1171 2512 1216 2550 ad
1237 2512 1492 2550 dormientem
1512 2511 1668 2550 veniunt
1687 2511 1751 2550 in-

375 2583 514 2613 vocata¹
532 2575 545 2610 ?
