<?xml version="1.0" encoding="UTF-8"?>
<!DOCTYPE html PUBLIC "-//W3C//DTD XHTML 1.0 Transitional//EN"
    "http://www.w3.org/TR/xhtml1/DTD/xhtml1-transitional.dtd">
<html xmlns="http://www.w3.org/1999/xhtml" xml:lang="en" lang="en">
 <head>
  <title>
</title>
<meta http-equiv="Content-Type" content="text/html;charset=utf-8" />
  <meta name='ocr-system' content='tesseract 3.04.00' />
  <meta name='ocr-capabilities' content='ocr_page ocr_carea ocr_par ocr_line ocrx_word'/>
</head>
<body>
  <div class='ocr_page' id='page_1' title='image "./operacumindicibu02ciceuoft_0447.png"; bbox 0 0 2330 2983; ppageno 0'>
   <div class='ocr_carea' id='block_1_1' title="bbox 649 270 1769 325">
    <p class='ocr_par' dir='ltr' id='par_1_1' title="bbox 649 270 1769 325">
     <span class='ocr_line' id='line_1_1' title="bbox 649 270 1769 325; baseline -0.001 -14"><span class='ocrx_word' id='word_1_1' title='bbox 649 270 926 311; x_wconf 86' lang='lat' dir='ltr'>LIBER</span> <span class='ocrx_word' id='word_1_2' title='bbox 982 270 1482 310; x_wconf 90' lang='lat' dir='ltr'>SECUNDUS.</span> <span class='ocrx_word' id='word_1_3' title='bbox 1688 284 1769 325; x_wconf 80' lang='lat'>439</span> 
     </span>
    </p>
   </div>
   <div class='ocr_carea' id='block_1_2' title="bbox 361 369 1771 2649">
    <p class='ocr_par' dir='ltr' id='par_1_2' title="bbox 367 369 1771 881">
     <span class='ocr_line' id='line_1_2' title="bbox 377 369 1768 426; baseline -0.001 -14"><span class='ocrx_word' id='word_1_4' title='bbox 377 372 560 425; x_wconf 85' lang='lat' dir='ltr'>Qorum</span> <span class='ocrx_word' id='word_1_5' title='bbox 588 372 695 412; x_wconf 87' lang='lat' dir='ltr'>enim</span> <span class='ocrx_word' id='word_1_6' title='bbox 714 372 934 426; x_wconf 83' lang='lat' dir='ltr'>interpretes</span> <span class='ocrx_word' id='word_1_7' title='bbox 954 371 1056 417; x_wconf 88' lang='lat' dir='ltr'>sunt,</span> <span class='ocrx_word' id='word_1_8' title='bbox 1087 385 1150 411; x_wconf 90' lang='lat' dir='ltr'>eos</span> <span class='ocrx_word' id='word_1_9' title='bbox 1171 371 1271 424; x_wconf 90' lang='lat' dir='ltr'>ipsos</span> <span class='ocrx_word' id='word_1_10' title='bbox 1298 371 1369 410; x_wconf 84' lang='lat' dir='ltr'>effe</span> <span class='ocrx_word' id='word_1_11' title='bbox 1387 380 1487 410; x_wconf 89' lang='lat' dir='ltr'>certe</span> <span class='ocrx_word' id='word_1_12' title='bbox 1517 369 1660 409; x_wconf 85' lang='lat' dir='ltr'>neceffe</span> <span class='ocrx_word' id='word_1_13' title='bbox 1688 371 1768 410; x_wconf 90' lang='lat' dir='ltr'>est:</span> 
     </span>
     <span class='ocr_line' id='line_1_3' title="bbox 375 436 1771 490; baseline -0.001 -14"><span class='ocrx_word' id='word_1_14' title='bbox 375 439 551 477; x_wconf 87' lang='lat' dir='ltr'>Deorum</span> <span class='ocrx_word' id='word_1_15' title='bbox 570 446 700 476; x_wconf 89' lang='lat' dir='ltr'>autem</span> <span class='ocrx_word' id='word_1_16' title='bbox 721 438 942 490; x_wconf 88' lang='lat' dir='ltr'>interpretes</span> <span class='ocrx_word' id='word_1_17' title='bbox 963 437 1049 475; x_wconf 87' lang='lat' dir='ltr'>sunt</span> <span class='ocrx_word' id='word_1_18' title='bbox 1061 455 1073 482; x_wconf 64' lang='grc' dir='ltr'><strong><em>ς</em></strong></span> <span class='ocrx_word' id='word_1_19' title='bbox 1107 438 1212 476; x_wconf 91' lang='lat' dir='ltr'>Deos</span> <span class='ocrx_word' id='word_1_20' title='bbox 1238 438 1358 489; x_wconf 88' lang='lat' dir='ltr'>igitur</span> <span class='ocrx_word' id='word_1_21' title='bbox 1376 437 1446 475; x_wconf 89' lang='lat' dir='ltr'>esse</span> <span class='ocrx_word' id='word_1_22' title='bbox 1466 436 1666 476; x_wconf 75' lang='lat' dir='ltr'>fateamur.</span> <span class='ocrx_word' id='word_1_23' title='bbox 1714 438 1771 475; x_wconf 84' lang='lat' dir='ltr'>At</span> 
     </span>
     <span class='ocr_line' id='line_1_4' title="bbox 370 502 1768 556; baseline 0 -16"><span class='ocrx_word' id='word_1_24' title='bbox 370 502 518 542; x_wconf 83' lang='lat' dir='ltr'>fortaffe</span> <span class='ocrx_word' id='word_1_25' title='bbox 547 516 625 541; x_wconf 91' lang='lat' dir='ltr'>non</span> <span class='ocrx_word' id='word_1_26' title='bbox 643 503 776 541; x_wconf 84' lang='lat' dir='ltr'>omnia</span> <span class='ocrx_word' id='word_1_27' title='bbox 805 502 1000 546; x_wconf 90' lang='lat' dir='ltr'>eveniunt,</span> <span class='ocrx_word' id='word_1_28' title='bbox 1025 515 1110 554; x_wconf 86' lang='lat' dir='ltr'>quae</span> <span class='ocrx_word' id='word_1_29' title='bbox 1129 502 1306 555; x_wconf 68' lang='lat' dir='ltr'>praedieta</span> <span class='ocrx_word' id='word_1_30' title='bbox 1326 502 1427 541; x_wconf 90' lang='lat' dir='ltr'>sunt.</span> <span class='ocrx_word' id='word_1_31' title='bbox 1474 503 1538 541; x_wconf 91' lang='lat' dir='ltr'>Ne</span> <span class='ocrx_word' id='word_1_32' title='bbox 1569 503 1657 556; x_wconf 84' lang='lat' dir='ltr'>aegri</span> <span class='ocrx_word' id='word_1_33' title='bbox 1677 502 1768 555; x_wconf 84' lang='lat' dir='ltr'>qui-</span> 
     </span>
     <span class='ocr_line' id='line_1_5' title="bbox 369 566 1769 619; baseline 0 -14"><span class='ocrx_word' id='word_1_34' title='bbox 369 567 474 612; x_wconf 91' lang='lat' dir='ltr'>dem,</span> <span class='ocrx_word' id='word_1_35' title='bbox 505 567 597 619; x_wconf 89' lang='lat' dir='ltr'>quia</span> <span class='ocrx_word' id='word_1_36' title='bbox 627 581 704 606; x_wconf 90' lang='lat' dir='ltr'>non</span> <span class='ocrx_word' id='word_1_37' title='bbox 735 580 869 605; x_wconf 89' lang='lat' dir='ltr'>omnes</span> <span class='ocrx_word' id='word_1_38' title='bbox 889 567 1171 611; x_wconf 88' lang='lat' dir='ltr'>convalescunt,</span> <span class='ocrx_word' id='word_1_39' title='bbox 1204 566 1349 604; x_wconf 90' lang='lat' dir='ltr'>idcirco</span> <span class='ocrx_word' id='word_1_40' title='bbox 1368 580 1424 605; x_wconf 87' lang='lat' dir='ltr'>ars</span> <span class='ocrx_word' id='word_1_41' title='bbox 1451 567 1558 605; x_wconf 91' lang='lat' dir='ltr'>nulla</span> <span class='ocrx_word' id='word_1_42' title='bbox 1577 568 1769 605; x_wconf 81' lang='lat' dir='ltr'>medicina</span> 
     </span>
     <span class='ocr_line' id='line_1_6' title="bbox 368 630 1767 684; baseline 0 -15"><span class='ocrx_word' id='word_1_43' title='bbox 368 631 434 669; x_wconf 90' lang='lat' dir='ltr'>est.</span> <span class='ocrx_word' id='word_1_44' title='bbox 457 632 572 684; x_wconf 88' lang='lat' dir='ltr'>Signa</span> <span class='ocrx_word' id='word_1_45' title='bbox 594 631 844 670; x_wconf 87' lang='lat' dir='ltr'>ostenduntur</span> <span class='ocrx_word' id='word_1_46' title='bbox 859 645 880 669; x_wconf 93' lang='lat' dir='ltr'>a</span> <span class='ocrx_word' id='word_1_47' title='bbox 894 632 982 670; x_wconf 91' lang='lat' dir='ltr'>Diis</span> <span class='ocrx_word' id='word_1_48' title='bbox 1002 645 1130 670; x_wconf 92' lang='lat' dir='ltr'>rerum</span> <span class='ocrx_word' id='word_1_49' title='bbox 1147 630 1380 670; x_wconf 86' lang='lat' dir='ltr'>futurarum.</span> <span class='ocrx_word' id='word_1_50' title='bbox 1403 632 1448 670; x_wconf 92' lang='lat' dir='ltr'>In</span> <span class='ocrx_word' id='word_1_51' title='bbox 1461 630 1522 669; x_wconf 92' lang='lat' dir='ltr'>his</span> <span class='ocrx_word' id='word_1_52' title='bbox 1536 631 1561 669; x_wconf 90' lang='lat' dir='ltr'>fi</span> <span class='ocrx_word' id='word_1_53' title='bbox 1582 631 1650 684; x_wconf 91' lang='lat' dir='ltr'>qui</span> <span class='ocrx_word' id='word_1_54' title='bbox 1666 645 1767 669; x_wconf 87' lang='lat' dir='ltr'>erra-</span> 
     </span>
     <span class='ocr_line' id='line_1_7' title="bbox 367 695 1765 749; baseline 0.001 -15"><span class='ocrx_word' id='word_1_55' title='bbox 367 705 516 742; x_wconf 86' lang='lat' dir='ltr'>verunt,</span> <span class='ocrx_word' id='word_1_56' title='bbox 538 710 615 736; x_wconf 92' lang='lat' dir='ltr'>non</span> <span class='ocrx_word' id='word_1_57' title='bbox 636 698 812 735; x_wconf 89' lang='lat' dir='ltr'>Deorum</span> <span class='ocrx_word' id='word_1_58' title='bbox 832 706 977 743; x_wconf 85' lang='lat' dir='ltr'>natura,</span> <span class='ocrx_word' id='word_1_59' title='bbox 1009 697 1070 735; x_wconf 90' lang='lat' dir='ltr'>sed</span> <span class='ocrx_word' id='word_1_60' title='bbox 1089 695 1300 735; x_wconf 89' lang='lat' dir='ltr'>hominum</span> <span class='ocrx_word' id='word_1_61' title='bbox 1320 697 1552 749; x_wconf 62' lang='lat' dir='ltr'>conjedtura,</span> <span class='ocrx_word' id='word_1_62' title='bbox 1578 697 1765 749; x_wconf 90' lang='lat' dir='ltr'>peccavit.</span> 
     </span>
     <span class='ocr_line' id='line_1_8' title="bbox 367 761 1766 816; baseline 0.001 -17"><span class='ocrx_word' id='word_1_63' title='bbox 367 761 502 814; x_wconf 90' lang='lat' dir='ltr'>Itaque</span> <span class='ocrx_word' id='word_1_64' title='bbox 521 763 620 801; x_wconf 91' lang='lat' dir='ltr'>inter</span> <span class='ocrx_word' id='word_1_65' title='bbox 638 776 772 801; x_wconf 87' lang='lat' dir='ltr'>omnes</span> <span class='ocrx_word' id='word_1_66' title='bbox 792 763 972 802; x_wconf 90' lang='lat' dir='ltr'>omnium</span> <span class='ocrx_word' id='word_1_67' title='bbox 992 763 1169 816; x_wconf 87' lang='lat' dir='ltr'>gentium</span> <span class='ocrx_word' id='word_1_68' title='bbox 1189 762 1336 801; x_wconf 91' lang='lat' dir='ltr'>constat</span> <span class='ocrx_word' id='word_1_69' title='bbox 1357 763 1556 815; x_wconf 91' lang='lat' dir='ltr'>(omnibus</span> <span class='ocrx_word' id='word_1_70' title='bbox 1576 762 1683 800; x_wconf 90' lang='lat' dir='ltr'>enim</span> <span class='ocrx_word' id='word_1_71' title='bbox 1703 763 1766 801; x_wconf 89' lang='lat' dir='ltr'>in-</span> 
     </span>
     <span class='ocr_line' id='line_1_9' title="bbox 368 828 1490 881; baseline 0.002 -16"><span class='ocrx_word' id='word_1_72' title='bbox 368 835 503 866; x_wconf 89' lang='lat' dir='ltr'>natum</span> <span class='ocrx_word' id='word_1_73' title='bbox 522 828 588 873; x_wconf 92' lang='lat' dir='ltr'>est,</span> <span class='ocrx_word' id='word_1_74' title='bbox 610 837 648 867; x_wconf 91' lang='lat' dir='ltr'>et</span> <span class='ocrx_word' id='word_1_75' title='bbox 667 829 708 866; x_wconf 90' lang='lat' dir='ltr'>in</span> <span class='ocrx_word' id='word_1_76' title='bbox 728 829 858 867; x_wconf 88' lang='lat' dir='ltr'>animo</span> <span class='ocrx_word' id='word_1_77' title='bbox 877 829 980 881; x_wconf 76' lang='lat' dir='ltr'>quasi</span> <span class='ocrx_word' id='word_1_78' title='bbox 1000 828 1256 881; x_wconf 88' lang='lat' dir='ltr'>insculptum)</span> <span class='ocrx_word' id='word_1_79' title='bbox 1279 828 1350 867; x_wconf 84' lang='lat' dir='ltr'>effe</span> <span class='ocrx_word' id='word_1_80' title='bbox 1370 829 1490 867; x_wconf 88' lang='lat' dir='ltr'>Deos.</span> 
     </span>
    </p>

    <p class='ocr_par' dir='ltr' id='par_1_3' title="bbox 361 893 1765 2649">
     <span class='ocr_line' id='line_1_10' title="bbox 423 893 1764 948; baseline 0.001 -17"><span class='ocrx_word' id='word_1_81' title='bbox 423 894 474 932; x_wconf 90' lang='lat' dir='ltr'>V.</span> <span class='ocrx_word' id='word_1_82' title='bbox 507 895 651 947; x_wconf 87' lang='lat' dir='ltr'>Qales</span> <span class='ocrx_word' id='word_1_83' title='bbox 670 895 756 939; x_wconf 75' lang='lat' dir='ltr'>sint,</span> <span class='ocrx_word' id='word_1_84' title='bbox 777 895 925 933; x_wconf 90' lang='lat' dir='ltr'>varium</span> <span class='ocrx_word' id='word_1_85' title='bbox 941 895 994 933; x_wconf 89' lang='lat' dir='ltr'>est</span> <span class='ocrx_word' id='word_1_86' title='bbox 1009 913 1021 939; x_wconf 84' lang='lat'>;</span> <span class='ocrx_word' id='word_1_87' title='bbox 1052 893 1122 933; x_wconf 83' lang='lat' dir='ltr'>effe</span> <span class='ocrx_word' id='word_1_88' title='bbox 1142 907 1257 933; x_wconf 91' lang='lat' dir='ltr'>nemo</span> <span class='ocrx_word' id='word_1_89' title='bbox 1278 903 1403 947; x_wconf 89' lang='lat' dir='ltr'>negat.</span> <span class='ocrx_word' id='word_1_90' title='bbox 1445 893 1652 933; x_wconf 89' lang='lat' dir='ltr'>Cleanthes</span> <span class='ocrx_word' id='word_1_91' title='bbox 1673 896 1764 948; x_wconf 84' lang='lat' dir='ltr'>qui—</span> 
     </span>
     <span class='ocr_line' id='line_1_11' title="bbox 368 958 1764 1012; baseline 0.001 -15"><span class='ocrx_word' id='word_1_92' title='bbox 368 958 458 998; x_wconf 91' lang='lat' dir='ltr'>dem</span> <span class='ocrx_word' id='word_1_93' title='bbox 477 959 600 998; x_wconf 90' lang='lat' dir='ltr'>noster</span> <span class='ocrx_word' id='word_1_94' title='bbox 615 970 779 1012; x_wconf 90' lang='lat' dir='ltr'>quatuor</span> <span class='ocrx_word' id='word_1_95' title='bbox 798 960 844 998; x_wconf 93' lang='lat' dir='ltr'>de</span> <span class='ocrx_word' id='word_1_96' title='bbox 863 961 980 998; x_wconf 87' lang='lat' dir='ltr'>caufis</span> <span class='ocrx_word' id='word_1_97' title='bbox 997 960 1097 999; x_wconf 87' lang='lat' dir='ltr'>dixit</span> <span class='ocrx_word' id='word_1_98' title='bbox 1112 960 1152 999; x_wconf 91' lang='lat' dir='ltr'>in</span> <span class='ocrx_word' id='word_1_99' title='bbox 1165 961 1304 999; x_wconf 90' lang='lat' dir='ltr'>animis</span> <span class='ocrx_word' id='word_1_100' title='bbox 1317 959 1525 999; x_wconf 89' lang='lat' dir='ltr'>hominum</span> <span class='ocrx_word' id='word_1_101' title='bbox 1541 959 1764 999; x_wconf 86' lang='lat' dir='ltr'>informatas</span> 
     </span>
     <span class='ocr_line' id='line_1_12' title="bbox 368 1024 1763 1079; baseline 0.002 -18"><span class='ocrx_word' id='word_1_102' title='bbox 368 1024 544 1062; x_wconf 90' lang='lat' dir='ltr'>Deorum</span> <span class='ocrx_word' id='word_1_103' title='bbox 564 1024 634 1062; x_wconf 79' lang='lat' dir='ltr'>effe</span> <span class='ocrx_word' id='word_1_104' title='bbox 653 1026 842 1063; x_wconf 90' lang='lat' dir='ltr'>notiones.</span> <span class='ocrx_word' id='word_1_105' title='bbox 886 1026 1058 1064; x_wconf 85' lang='lat' dir='ltr'>Primam</span> <span class='ocrx_word' id='word_1_106' title='bbox 1078 1026 1206 1079; x_wconf 90' lang='lat' dir='ltr'>posuit</span> <span class='ocrx_word' id='word_1_107' title='bbox 1224 1039 1322 1071; x_wconf 91' lang='lat' dir='ltr'>eam,</span> <span class='ocrx_word' id='word_1_108' title='bbox 1355 1026 1401 1064; x_wconf 94' lang='lat' dir='ltr'>de</span> <span class='ocrx_word' id='word_1_109' title='bbox 1422 1039 1497 1078; x_wconf 91' lang='lat' dir='ltr'>qua</span> <span class='ocrx_word' id='word_1_110' title='bbox 1522 1026 1640 1064; x_wconf 89' lang='lat' dir='ltr'>modo</span> <span class='ocrx_word' id='word_1_111' title='bbox 1667 1026 1763 1072; x_wconf 84' lang='lat' dir='ltr'>dixi,</span> 
     </span>
     <span class='ocr_line' id='line_1_13' title="bbox 366 1089 1765 1143; baseline 0 -15"><span class='ocrx_word' id='word_1_112' title='bbox 366 1101 452 1140; x_wconf 88' lang='lat' dir='ltr'>quae</span> <span class='ocrx_word' id='word_1_113' title='bbox 472 1100 554 1128; x_wconf 92' lang='lat' dir='ltr'>orta</span> <span class='ocrx_word' id='word_1_114' title='bbox 573 1089 662 1128; x_wconf 84' lang='lat' dir='ltr'>effet</span> <span class='ocrx_word' id='word_1_115' title='bbox 680 1103 727 1129; x_wconf 81' lang='lat' dir='ltr'>ex</span> <span class='ocrx_word' id='word_1_116' title='bbox 747 1090 991 1143; x_wconf 86' lang='lat' dir='ltr'>praesenfione</span> <span class='ocrx_word' id='word_1_117' title='bbox 1021 1104 1141 1129; x_wconf 90' lang='lat' dir='ltr'>reram</span> <span class='ocrx_word' id='word_1_118' title='bbox 1171 1091 1387 1129; x_wconf 88' lang='lat' dir='ltr'>futurarum</span> <span class='ocrx_word' id='word_1_119' title='bbox 1406 1106 1415 1129; x_wconf 74' lang='grc' dir='ltr'>ε</span> <span class='ocrx_word' id='word_1_120' title='bbox 1447 1091 1618 1135; x_wconf 81' lang='lat' dir='ltr'>alteram,</span> <span class='ocrx_word' id='word_1_121' title='bbox 1646 1104 1765 1143; x_wconf 88' lang='lat' dir='ltr'>quam</span> 
     </span>
     <span class='ocr_line' id='line_1_14' title="bbox 366 1155 1765 1208; baseline 0.002 -17"><span class='ocrx_word' id='word_1_122' title='bbox 366 1155 579 1206; x_wconf 87' lang='lat' dir='ltr'>ceperimus</span> <span class='ocrx_word' id='word_1_123' title='bbox 597 1168 643 1193; x_wconf 84' lang='lat' dir='ltr'>ex</span> <span class='ocrx_word' id='word_1_124' title='bbox 663 1155 931 1207; x_wconf 89' lang='lat' dir='ltr'>magnitudine</span> <span class='ocrx_word' id='word_1_125' title='bbox 957 1155 1269 1200; x_wconf 90' lang='lat' dir='ltr'>commodorum,</span> <span class='ocrx_word' id='word_1_126' title='bbox 1291 1169 1375 1208; x_wconf 82' lang='lat' dir='ltr'>quae</span> <span class='ocrx_word' id='word_1_127' title='bbox 1394 1155 1661 1208; x_wconf 90' lang='lat' dir='ltr'>percipiuntur</span> <span class='ocrx_word' id='word_1_128' title='bbox 1680 1156 1765 1194; x_wconf 84' lang='lat' dir='ltr'>caeli</span> 
     </span>
     <span class='ocr_line' id='line_1_15' title="bbox 366 1219 1764 1273; baseline 0.001 -15"><span class='ocrx_word' id='word_1_129' title='bbox 366 1221 654 1272; x_wconf 88' lang='lat' dir='ltr'>temperatione,</span> <span class='ocrx_word' id='word_1_130' title='bbox 675 1219 927 1259; x_wconf 76' lang='lat' dir='ltr'>foecunditate</span> <span class='ocrx_word' id='word_1_131' title='bbox 949 1229 1147 1266; x_wconf 82' lang='lat' dir='ltr'>terrarum,</span> <span class='ocrx_word' id='word_1_132' title='bbox 1179 1221 1418 1273; x_wconf 89' lang='lat' dir='ltr'>aliarumque</span> <span class='ocrx_word' id='word_1_133' title='bbox 1437 1221 1764 1260; x_wconf 87' lang='lat' dir='ltr'>commoditatum</span> 
     </span>
     <span class='ocr_line' id='line_1_16' title="bbox 365 1285 1761 1339; baseline 0.001 -16"><span class='ocrx_word' id='word_1_134' title='bbox 365 1286 629 1339; x_wconf 88' lang='lat' dir='ltr'>complurium</span> <span class='ocrx_word' id='word_1_135' title='bbox 661 1286 771 1339; x_wconf 89' lang='lat' dir='ltr'>copia</span> <span class='ocrx_word' id='word_1_136' title='bbox 789 1301 798 1324; x_wconf 90' lang='lat'><strong>:</strong></span> <span class='ocrx_word' id='word_1_137' title='bbox 830 1287 997 1330; x_wconf 81' lang='lat' dir='ltr'>tertiam,</span> <span class='ocrx_word' id='word_1_138' title='bbox 1028 1300 1113 1338; x_wconf 87' lang='lat' dir='ltr'>quae</span> <span class='ocrx_word' id='word_1_139' title='bbox 1147 1295 1301 1324; x_wconf 88' lang='lat' dir='ltr'>terreret</span> <span class='ocrx_word' id='word_1_140' title='bbox 1330 1287 1479 1324; x_wconf 88' lang='lat' dir='ltr'>animos</span> <span class='ocrx_word' id='word_1_141' title='bbox 1512 1285 1761 1332; x_wconf 84' lang='lat' dir='ltr'>fulminibus,</span> 
     </span>
     <span class='ocr_line' id='line_1_17' title="bbox 366 1351 1762 1404; baseline 0.001 -15"><span class='ocrx_word' id='word_1_142' title='bbox 366 1351 667 1404; x_wconf 84' lang='lat' dir='ltr'>tempestatibus,</span> <span class='ocrx_word' id='word_1_143' title='bbox 700 1351 860 1396; x_wconf 87' lang='lat' dir='ltr'>nimbis,</span> <span class='ocrx_word' id='word_1_144' title='bbox 889 1351 1058 1396; x_wconf 86' lang='lat' dir='ltr'>nivibus,</span> <span class='ocrx_word' id='word_1_145' title='bbox 1078 1352 1346 1404; x_wconf 79' lang='lat' dir='ltr'>grandinibus,</span> <span class='ocrx_word' id='word_1_146' title='bbox 1370 1351 1552 1396; x_wconf 83' lang='lat' dir='ltr'>vastitate,</span> <span class='ocrx_word' id='word_1_147' title='bbox 1581 1352 1762 1404; x_wconf 71' lang='lat' dir='ltr'>pestihen-</span> 
     </span>
     <span class='ocr_line' id='line_1_18' title="bbox 366 1415 1762 1469; baseline 0.001 -16"><span class='ocrx_word' id='word_1_148' title='bbox 366 1416 431 1460; x_wconf 87' lang='lat' dir='ltr'>tia,</span> <span class='ocrx_word' id='word_1_149' title='bbox 463 1424 568 1455; x_wconf 88' lang='lat' dir='ltr'>terrae</span> <span class='ocrx_word' id='word_1_150' title='bbox 586 1417 774 1462; x_wconf 88' lang='lat' dir='ltr'>motibus,</span> <span class='ocrx_word' id='word_1_151' title='bbox 803 1426 841 1454; x_wconf 90' lang='lat' dir='ltr'>et</span> <span class='ocrx_word' id='word_1_152' title='bbox 860 1416 954 1469; x_wconf 86' lang='lat' dir='ltr'>saepe</span> <span class='ocrx_word' id='word_1_153' title='bbox 973 1415 1208 1462; x_wconf 83' lang='lat' dir='ltr'>fremitibus,</span> <span class='ocrx_word' id='word_1_154' title='bbox 1229 1417 1461 1469; x_wconf 86' lang='lat' dir='ltr'>lapideisque</span> <span class='ocrx_word' id='word_1_155' title='bbox 1490 1417 1696 1462; x_wconf 85' lang='lat' dir='ltr'>imbribus,</span> <span class='ocrx_word' id='word_1_156' title='bbox 1723 1426 1762 1456; x_wconf 89' lang='lat' dir='ltr'>et</span> 
     </span>
     <span class='ocr_line' id='line_1_19' title="bbox 365 1482 1760 1536; baseline 0.001 -17"><span class='ocrx_word' id='word_1_157' title='bbox 365 1482 486 1534; x_wconf 85' lang='lat' dir='ltr'>guttis</span> <span class='ocrx_word' id='word_1_158' title='bbox 507 1483 694 1521; x_wconf 88' lang='lat' dir='ltr'>imbrium</span> <span class='ocrx_word' id='word_1_159' title='bbox 710 1482 813 1535; x_wconf 77' lang='lat' dir='ltr'>quasi</span> <span class='ocrx_word' id='word_1_160' title='bbox 828 1482 1018 1527; x_wconf 69' lang='lat' dir='ltr'>cruentis,</span> <span class='ocrx_word' id='word_1_161' title='bbox 1041 1492 1127 1521; x_wconf 86' lang='lat' dir='ltr'>tum</span> <span class='ocrx_word' id='word_1_162' title='bbox 1144 1483 1350 1535; x_wconf 88' lang='lat' dir='ltr'>lapidibus,</span> <span class='ocrx_word' id='word_1_163' title='bbox 1367 1492 1432 1520; x_wconf 93' lang='lat' dir='ltr'>aut</span> <span class='ocrx_word' id='word_1_164' title='bbox 1452 1483 1660 1536; x_wconf 89' lang='lat' dir='ltr'>repentinis</span> <span class='ocrx_word' id='word_1_165' title='bbox 1682 1492 1760 1521; x_wconf 90' lang='lat' dir='ltr'>ter-</span> 
     </span>
     <span class='ocr_line' id='line_1_20' title="bbox 365 1547 1761 1601; baseline 0.001 -15"><span class='ocrx_word' id='word_1_166' title='bbox 365 1561 493 1586; x_wconf 88' lang='lat' dir='ltr'>rarum</span> <span class='ocrx_word' id='word_1_167' title='bbox 519 1547 714 1594; x_wconf 71' lang='lat' dir='ltr'>hiatibus,</span> <span class='ocrx_word' id='word_1_168' title='bbox 747 1558 846 1594; x_wconf 89' lang='lat' dir='ltr'>tum,</span> <span class='ocrx_word' id='word_1_169' title='bbox 876 1558 1010 1600; x_wconf 86' lang='lat' dir='ltr'>praeter</span> <span class='ocrx_word' id='word_1_170' title='bbox 1029 1558 1218 1593; x_wconf 86' lang='lat' dir='ltr'>naturam,</span> <span class='ocrx_word' id='word_1_171' title='bbox 1250 1547 1461 1586; x_wconf 84' lang='lat' dir='ltr'>hominum</span> <span class='ocrx_word' id='word_1_172' title='bbox 1486 1549 1761 1601; x_wconf 89' lang='lat' dir='ltr'>pecudumque</span> 
     </span>
     <span class='ocr_line' id='line_1_21' title="bbox 364 1612 1760 1666; baseline 0.001 -15"><span class='ocrx_word' id='word_1_173' title='bbox 364 1614 574 1666; x_wconf 73' lang='lat' dir='ltr'>portentis,</span> <span class='ocrx_word' id='word_1_174' title='bbox 598 1622 681 1651; x_wconf 87' lang='lat' dir='ltr'>tum</span> <span class='ocrx_word' id='word_1_175' title='bbox 694 1612 843 1651; x_wconf 88' lang='lat' dir='ltr'>facibus</span> <span class='ocrx_word' id='word_1_176' title='bbox 864 1612 948 1650; x_wconf 83' lang='lat' dir='ltr'>vifis</span> <span class='ocrx_word' id='word_1_177' title='bbox 969 1612 1198 1657; x_wconf 80' lang='lat' dir='ltr'>caelestibus3</span> <span class='ocrx_word' id='word_1_178' title='bbox 1223 1622 1307 1651; x_wconf 88' lang='lat' dir='ltr'>tum</span> <span class='ocrx_word' id='word_1_179' title='bbox 1327 1612 1443 1651; x_wconf 89' lang='lat' dir='ltr'>stellis</span> <span class='ocrx_word' id='word_1_180' title='bbox 1459 1614 1519 1658; x_wconf 89' lang='lat' dir='ltr'>iis,</span> <span class='ocrx_word' id='word_1_181' title='bbox 1537 1627 1629 1666; x_wconf 83' lang='lat' dir='ltr'>quas</span> <span class='ocrx_word' id='word_1_182' title='bbox 1647 1615 1760 1653; x_wconf 86' lang='lat' dir='ltr'>Grae-</span> 
     </span>
     <span class='ocr_line' id='line_1_22' title="bbox 363 1678 1761 1731; baseline 0.001 -15"><span class='ocrx_word' id='word_1_183' title='bbox 363 1678 400 1716; x_wconf 93' lang='lat' dir='ltr'>ci</span> <span class='ocrx_word' id='word_1_184' title='bbox 419 1688 601 1725; x_wconf 88' lang='lat' dir='ltr'>cometas,</span> <span class='ocrx_word' id='word_1_185' title='bbox 622 1678 737 1717; x_wconf 90' lang='lat' dir='ltr'>nostri</span> <span class='ocrx_word' id='word_1_186' title='bbox 758 1678 993 1716; x_wconf 88' lang='lat' dir='ltr'>cincinnatas</span> <span class='ocrx_word' id='word_1_187' title='bbox 1010 1687 1160 1723; x_wconf 91' lang='lat' dir='ltr'>vocant,</span> <span class='ocrx_word' id='word_1_188' title='bbox 1182 1692 1266 1730; x_wconf 86' lang='lat' dir='ltr'>quae</span> <span class='ocrx_word' id='word_1_189' title='bbox 1287 1692 1408 1731; x_wconf 90' lang='lat' dir='ltr'>nuper</span> <span class='ocrx_word' id='word_1_190' title='bbox 1429 1679 1531 1717; x_wconf 91' lang='lat' dir='ltr'>bello</span> <span class='ocrx_word' id='word_1_191' title='bbox 1549 1680 1761 1718; x_wconf 65' lang='lat' dir='ltr'>Octaviano</span> 
     </span>
     <span class='ocr_line' id='line_1_23' title="bbox 362 1743 1757 1796; baseline 0 -14"><span class='ocrx_word' id='word_1_192' title='bbox 362 1756 589 1796; x_wconf 84' lang='lat' dir='ltr'>magnarum</span> <span class='ocrx_word' id='word_1_193' title='bbox 610 1743 765 1782; x_wconf 89' lang='lat' dir='ltr'>fuerunt</span> <span class='ocrx_word' id='word_1_194' title='bbox 784 1744 1048 1782; x_wconf 88' lang='lat' dir='ltr'>calamitatum</span> <span class='ocrx_word' id='word_1_195' title='bbox 1065 1744 1286 1796; x_wconf 84' lang='lat' dir='ltr'>praenuntiae</span> <span class='ocrx_word' id='word_1_196' title='bbox 1301 1762 1313 1788; x_wconf 66' lang='grc' dir='ltr'><strong><em>ς</em></strong></span> <span class='ocrx_word' id='word_1_197' title='bbox 1346 1753 1429 1781; x_wconf 90' lang='lat' dir='ltr'>tum</span> <span class='ocrx_word' id='word_1_198' title='bbox 1451 1744 1527 1782; x_wconf 91' lang='lat' dir='ltr'>sole</span> <span class='ocrx_word' id='word_1_199' title='bbox 1546 1745 1757 1796; x_wconf 85' lang='lat' dir='ltr'>geminato,</span> 
     </span>
     <span class='ocr_line' id='line_1_24' title="bbox 362 1809 1758 1863; baseline 0 -15"><span class='ocrx_word' id='word_1_200' title='bbox 362 1810 480 1862; x_wconf 91' lang='lat' dir='ltr'>quod,</span> <span class='ocrx_word' id='word_1_201' title='bbox 507 1819 550 1848; x_wconf 92' lang='lat' dir='ltr'>ut</span> <span class='ocrx_word' id='word_1_202' title='bbox 569 1823 590 1848; x_wconf 90' lang='lat' dir='ltr'>e</span> <span class='ocrx_word' id='word_1_203' title='bbox 605 1819 709 1863; x_wconf 89' lang='lat' dir='ltr'>patre</span> <span class='ocrx_word' id='word_1_204' title='bbox 729 1810 870 1854; x_wconf 89' lang='lat' dir='ltr'>audivi,</span> <span class='ocrx_word' id='word_1_205' title='bbox 889 1809 1088 1848; x_wconf 87' lang='lat' dir='ltr'>Tuditano</span> <span class='ocrx_word' id='word_1_206' title='bbox 1108 1818 1146 1847; x_wconf 90' lang='lat' dir='ltr'>et</span> <span class='ocrx_word' id='word_1_207' title='bbox 1166 1809 1328 1861; x_wconf 81' lang='lat' dir='ltr'>Aquilio</span> <span class='ocrx_word' id='word_1_208' title='bbox 1349 1809 1596 1854; x_wconf 89' lang='lat' dir='ltr'>Consulibus,</span> <span class='ocrx_word' id='word_1_209' title='bbox 1619 1823 1758 1849; x_wconf 89' lang='lat' dir='ltr'>evene-</span> 
     </span>
     <span class='ocr_line' id='line_1_25' title="bbox 363 1873 1756 1926; baseline 0.003 -14"><span class='ocrx_word' id='word_1_210' title='bbox 363 1883 418 1912; x_wconf 89' lang='lat' dir='ltr'>rat</span> <span class='ocrx_word' id='word_1_211' title='bbox 433 1893 445 1919; x_wconf 82' lang='lat'>;</span> <span class='ocrx_word' id='word_1_212' title='bbox 481 1888 560 1926; x_wconf 88' lang='lat' dir='ltr'>quo</span> <span class='ocrx_word' id='word_1_213' title='bbox 592 1875 752 1926; x_wconf 91' lang='lat' dir='ltr'>quidem</span> <span class='ocrx_word' id='word_1_214' title='bbox 782 1888 881 1913; x_wconf 90' lang='lat' dir='ltr'>anno</span> <span class='ocrx_word' id='word_1_215' title='bbox 907 1875 952 1913; x_wconf 89' lang='grc' dir='ltr'>Ρ.</span> <span class='ocrx_word' id='word_1_216' title='bbox 975 1873 1196 1919; x_wconf 89' lang='lat' dir='ltr'>Africanus,</span> <span class='ocrx_word' id='word_1_217' title='bbox 1238 1874 1291 1912; x_wconf 94' lang='lat' dir='ltr'>sol</span> <span class='ocrx_word' id='word_1_218' title='bbox 1321 1875 1429 1920; x_wconf 88' lang='lat' dir='ltr'>alter,</span> <span class='ocrx_word' id='word_1_219' title='bbox 1464 1875 1654 1916; x_wconf 64' lang='lat' dir='ltr'>extinctus</span> <span class='ocrx_word' id='word_1_220' title='bbox 1688 1875 1756 1916; x_wconf 88' lang='lat' dir='ltr'>est.</span> 
     </span>
     <span class='ocr_line' id='line_1_26' title="bbox 363 1938 1757 1992; baseline 0.001 -15"><span class='ocrx_word' id='word_1_221' title='bbox 363 1938 516 1990; x_wconf 86' lang='lat' dir='ltr'>Qibus</span> <span class='ocrx_word' id='word_1_222' title='bbox 537 1940 707 1978; x_wconf 89' lang='lat' dir='ltr'>exterriti</span> <span class='ocrx_word' id='word_1_223' title='bbox 727 1939 905 1978; x_wconf 83' lang='lat' dir='ltr'>homines</span> <span class='ocrx_word' id='word_1_224' title='bbox 925 1940 1005 1978; x_wconf 91' lang='lat' dir='ltr'>vim</span> <span class='ocrx_word' id='word_1_225' title='bbox 1020 1939 1212 1992; x_wconf 90' lang='lat' dir='ltr'>quandam</span> <span class='ocrx_word' id='word_1_226' title='bbox 1231 1939 1301 1978; x_wconf 85' lang='lat' dir='ltr'>effe</span> <span class='ocrx_word' id='word_1_227' title='bbox 1319 1940 1506 1979; x_wconf 86' lang='lat' dir='ltr'>caelestem</span> <span class='ocrx_word' id='word_1_228' title='bbox 1526 1950 1564 1978; x_wconf 90' lang='lat' dir='ltr'>et</span> <span class='ocrx_word' id='word_1_229' title='bbox 1585 1941 1757 1980; x_wconf 90' lang='lat' dir='ltr'>divinam</span> 
     </span>
     <span class='ocr_line' id='line_1_27' title="bbox 363 2005 1755 2059; baseline 0.001 -16"><span class='ocrx_word' id='word_1_230' title='bbox 363 2005 535 2058; x_wconf 88' lang='lat' dir='ltr'>suspicati</span> <span class='ocrx_word' id='word_1_231' title='bbox 565 2005 664 2044; x_wconf 89' lang='lat' dir='ltr'>sunt.</span> <span class='ocrx_word' id='word_1_232' title='bbox 713 2007 900 2057; x_wconf 85' lang='lat' dir='ltr'>Qartam</span> <span class='ocrx_word' id='word_1_233' title='bbox 935 2005 1083 2044; x_wconf 84' lang='lat' dir='ltr'>causam</span> <span class='ocrx_word' id='word_1_234' title='bbox 1118 2005 1203 2051; x_wconf 82' lang='lat' dir='ltr'>effe,</span> <span class='ocrx_word' id='word_1_235' title='bbox 1243 2019 1405 2059; x_wconf 85' lang='lat' dir='ltr'>eamque</span> <span class='ocrx_word' id='word_1_236' title='bbox 1437 2006 1497 2045; x_wconf 93' lang='lat' dir='ltr'>vel</span> <span class='ocrx_word' id='word_1_237' title='bbox 1528 2007 1755 2053; x_wconf 87' lang='lat' dir='ltr'>maximam,</span> 
     </span>
     <span class='ocr_line' id='line_1_28' title="bbox 361 2070 1757 2125; baseline 0.003 -17"><span class='ocrx_word' id='word_1_238' title='bbox 361 2071 658 2123; x_wconf 83' lang='lat' dir='ltr'>aequabilitatem</span> <span class='ocrx_word' id='word_1_239' title='bbox 674 2070 817 2116; x_wconf 69' lang='lat' dir='ltr'>motus,</span> <span class='ocrx_word' id='word_1_240' title='bbox 835 2071 1119 2109; x_wconf 79' lang='lat' dir='ltr'>conversionem</span> <span class='ocrx_word' id='word_1_241' title='bbox 1135 2071 1217 2109; x_wconf 85' lang='lat' dir='ltr'>caeli</span> <span class='ocrx_word' id='word_1_242' title='bbox 1232 2090 1242 2116; x_wconf 67' lang='grc' dir='ltr'>ς</span> <span class='ocrx_word' id='word_1_243' title='bbox 1266 2071 1365 2116; x_wconf 89' lang='lat' dir='ltr'>solis,</span> <span class='ocrx_word' id='word_1_244' title='bbox 1382 2072 1496 2117; x_wconf 85' lang='lat' dir='ltr'>lunae,</span> <span class='ocrx_word' id='word_1_245' title='bbox 1513 2072 1757 2125; x_wconf 78' lang='lat' dir='ltr'>siderumque</span> 
     </span>
     <span class='ocr_line' id='line_1_29' title="bbox 361 2135 1752 2189; baseline 0.002 -16"><span class='ocrx_word' id='word_1_246' title='bbox 361 2136 539 2175; x_wconf 90' lang='lat' dir='ltr'>omnium</span> <span class='ocrx_word' id='word_1_247' title='bbox 569 2136 867 2181; x_wconf 67' lang='lat' dir='ltr'>distinctionem,</span> <span class='ocrx_word' id='word_1_248' title='bbox 902 2137 1129 2181; x_wconf 83' lang='lat' dir='ltr'>utilitatem,</span> <span class='ocrx_word' id='word_1_249' title='bbox 1162 2135 1514 2189; x_wconf 85' lang='lat' dir='ltr'>pulchritudinem,</span> <span class='ocrx_word' id='word_1_250' title='bbox 1549 2139 1723 2177; x_wconf 89' lang='lat' dir='ltr'>ordinem</span> <span class='ocrx_word' id='word_1_251' title='bbox 1740 2157 1752 2184; x_wconf 85' lang='lat'>;</span> 
     </span>
     <span class='ocr_line' id='line_1_30' title="bbox 361 2201 1753 2254; baseline 0.004 -16"><span class='ocrx_word' id='word_1_252' title='bbox 361 2214 524 2253; x_wconf 89' lang='lat' dir='ltr'>quarum</span> <span class='ocrx_word' id='word_1_253' title='bbox 545 2214 671 2240; x_wconf 89' lang='lat' dir='ltr'>rerum</span> <span class='ocrx_word' id='word_1_254' title='bbox 692 2201 858 2253; x_wconf 67' lang='lat' dir='ltr'>aspeetus</span> <span class='ocrx_word' id='word_1_255' title='bbox 890 2201 966 2254; x_wconf 88' lang='lat' dir='ltr'>ipse</span> <span class='ocrx_word' id='word_1_256' title='bbox 987 2202 1070 2241; x_wconf 84' lang='lat' dir='ltr'>satis</span> <span class='ocrx_word' id='word_1_257' title='bbox 1091 2202 1287 2248; x_wconf 87' lang='lat' dir='ltr'>indicaret,</span> <span class='ocrx_word' id='word_1_258' title='bbox 1320 2216 1395 2241; x_wconf 90' lang='lat' dir='ltr'>non</span> <span class='ocrx_word' id='word_1_259' title='bbox 1422 2203 1493 2243; x_wconf 84' lang='lat' dir='ltr'>effe</span> <span class='ocrx_word' id='word_1_260' title='bbox 1519 2217 1560 2242; x_wconf 89' lang='lat' dir='ltr'>ea</span> <span class='ocrx_word' id='word_1_261' title='bbox 1581 2203 1753 2244; x_wconf 86' lang='lat' dir='ltr'>fortuita.</span> 
     </span>
     <span class='ocr_line' id='line_1_31' title="bbox 365 2265 1754 2320; baseline 0.004 -18"><span class='ocrx_word' id='word_1_262' title='bbox 365 2267 420 2303; x_wconf 87' lang='lat' dir='ltr'>Ut</span> <span class='ocrx_word' id='word_1_263' title='bbox 441 2265 466 2303; x_wconf 83' lang='lat' dir='ltr'>fi</span> <span class='ocrx_word' id='word_1_264' title='bbox 487 2265 572 2318; x_wconf 91' lang='lat' dir='ltr'>quis</span> <span class='ocrx_word' id='word_1_265' title='bbox 594 2265 632 2303; x_wconf 90' lang='lat' dir='ltr'>in</span> <span class='ocrx_word' id='word_1_266' title='bbox 654 2265 817 2304; x_wconf 90' lang='lat' dir='ltr'>domum</span> <span class='ocrx_word' id='word_1_267' title='bbox 838 2267 1021 2318; x_wconf 87' lang='lat' dir='ltr'>aliquam,</span> <span class='ocrx_word' id='word_1_268' title='bbox 1050 2276 1114 2306; x_wconf 88' lang='lat' dir='ltr'>aut</span> <span class='ocrx_word' id='word_1_269' title='bbox 1134 2268 1174 2305; x_wconf 90' lang='lat' dir='ltr'>in</span> <span class='ocrx_word' id='word_1_270' title='bbox 1193 2268 1450 2320; x_wconf 84' lang='lat' dir='ltr'>gymnasmm,</span> <span class='ocrx_word' id='word_1_271' title='bbox 1482 2269 1602 2307; x_wconf 87' lang='lat' dir='ltr'>autin</span> <span class='ocrx_word' id='word_1_272' title='bbox 1623 2267 1754 2308; x_wconf 86' lang='lat' dir='ltr'>forum</span> 
     </span>
     <span class='ocr_line' id='line_1_32' title="bbox 363 2331 1752 2386; baseline 0.001 -17"><span class='ocrx_word' id='word_1_273' title='bbox 363 2331 519 2376; x_wconf 89' lang='lat' dir='ltr'>venerit,</span> <span class='ocrx_word' id='word_1_274' title='bbox 541 2345 632 2369; x_wconf 88' lang='lat' dir='ltr'>cum</span> <span class='ocrx_word' id='word_1_275' title='bbox 652 2331 775 2370; x_wconf 84' lang='lat' dir='ltr'>videat</span> <span class='ocrx_word' id='word_1_276' title='bbox 795 2332 974 2370; x_wconf 90' lang='lat' dir='ltr'>omnium</span> <span class='ocrx_word' id='word_1_277' title='bbox 995 2346 1122 2372; x_wconf 85' lang='lat' dir='ltr'>rerum</span> <span class='ocrx_word' id='word_1_278' title='bbox 1143 2333 1343 2379; x_wconf 83' lang='lat' dir='ltr'>rationem,</span> <span class='ocrx_word' id='word_1_279' title='bbox 1367 2335 1543 2379; x_wconf 89' lang='lat' dir='ltr'>modum,</span> <span class='ocrx_word' id='word_1_280' title='bbox 1579 2333 1752 2386; x_wconf 89' lang='lat' dir='ltr'>discipli-</span> 
     </span>
     <span class='ocr_line' id='line_1_33' title="bbox 363 2396 1751 2451; baseline 0.004 -18"><span class='ocrx_word' id='word_1_281' title='bbox 363 2410 466 2442; x_wconf 86' lang='lat' dir='ltr'>nam,</span> <span class='ocrx_word' id='word_1_282' title='bbox 498 2409 573 2434; x_wconf 91' lang='lat' dir='ltr'>non</span> <span class='ocrx_word' id='word_1_283' title='bbox 593 2396 704 2448; x_wconf 87' lang='lat' dir='ltr'>poffit</span> <span class='ocrx_word' id='word_1_284' title='bbox 723 2410 764 2434; x_wconf 89' lang='lat' dir='ltr'>ea</span> <span class='ocrx_word' id='word_1_285' title='bbox 783 2397 858 2435; x_wconf 86' lang='lat' dir='ltr'>sme</span> <span class='ocrx_word' id='word_1_286' title='bbox 878 2398 984 2436; x_wconf 79' lang='lat' dir='ltr'>causa</span> <span class='ocrx_word' id='word_1_287' title='bbox 1004 2397 1083 2436; x_wconf 88' lang='lat' dir='ltr'>fieri</span> <span class='ocrx_word' id='word_1_288' title='bbox 1103 2399 1288 2451; x_wconf 85' lang='lat' dir='ltr'>judicare,</span> <span class='ocrx_word' id='word_1_289' title='bbox 1320 2399 1380 2437; x_wconf 89' lang='lat' dir='ltr'>sed</span> <span class='ocrx_word' id='word_1_290' title='bbox 1401 2399 1470 2437; x_wconf 82' lang='lat' dir='ltr'>effe</span> <span class='ocrx_word' id='word_1_291' title='bbox 1500 2399 1669 2451; x_wconf 87' lang='lat' dir='ltr'>aliquem</span> <span class='ocrx_word' id='word_1_292' title='bbox 1688 2399 1751 2438; x_wconf 80' lang='lat' dir='ltr'>in-</span> 
     </span>
     <span class='ocr_line' id='line_1_34' title="bbox 363 2462 1751 2517; baseline 0.002 -16"><span class='ocrx_word' id='word_1_293' title='bbox 363 2462 523 2514; x_wconf 83' lang='lat' dir='ltr'>telligat,</span> <span class='ocrx_word' id='word_1_294' title='bbox 555 2462 622 2514; x_wconf 91' lang='lat' dir='ltr'>qui</span> <span class='ocrx_word' id='word_1_295' title='bbox 642 2462 775 2514; x_wconf 62' lang='lat' dir='ltr'>praesit,</span> <span class='ocrx_word' id='word_1_296' title='bbox 796 2473 834 2501; x_wconf 93' lang='lat' dir='ltr'>et</span> <span class='ocrx_word' id='word_1_297' title='bbox 853 2463 915 2501; x_wconf 87' lang='lat' dir='ltr'>cui</span> <span class='ocrx_word' id='word_1_298' title='bbox 936 2474 1134 2516; x_wconf 83' lang='lat' dir='ltr'>pareatur;</span> <span class='ocrx_word' id='word_1_299' title='bbox 1167 2465 1292 2504; x_wconf 89' lang='lat' dir='ltr'>multo</span> <span class='ocrx_word' id='word_1_300' title='bbox 1322 2466 1442 2517; x_wconf 85' lang='lat' dir='ltr'>magis</span> <span class='ocrx_word' id='word_1_301' title='bbox 1467 2465 1505 2502; x_wconf 91' lang='lat' dir='ltr'>in</span> <span class='ocrx_word' id='word_1_302' title='bbox 1528 2464 1642 2503; x_wconf 87' lang='lat' dir='ltr'>tantis</span> <span class='ocrx_word' id='word_1_303' title='bbox 1662 2478 1751 2504; x_wconf 80' lang='lat' dir='ltr'>mo-</span> 
     </span>
     <span class='ocr_line' id='line_1_35' title="bbox 361 2526 1751 2581; baseline 0.004 -17"><span class='ocrx_word' id='word_1_304' title='bbox 361 2527 532 2569; x_wconf 79' lang='lat' dir='ltr'>tionibus</span> <span class='ocrx_word' id='word_1_305' title='bbox 554 2526 740 2579; x_wconf 86' lang='lat' dir='ltr'>tantisque</span> <span class='ocrx_word' id='word_1_306' title='bbox 769 2527 1101 2573; x_wconf 66' lang='lat' dir='ltr'>viciffitudinibuS,</span> <span class='ocrx_word' id='word_1_307' title='bbox 1134 2538 1212 2568; x_wconf 82' lang='lat' dir='ltr'>tam</span> <span class='ocrx_word' id='word_1_308' title='bbox 1244 2529 1454 2568; x_wconf 77' lang='lat' dir='ltr'>multarum</span> <span class='ocrx_word' id='word_1_309' title='bbox 1484 2542 1610 2567; x_wconf 86' lang='lat' dir='ltr'>rerum</span> <span class='ocrx_word' id='word_1_310' title='bbox 1636 2538 1751 2581; x_wconf 84' lang='lat' dir='ltr'>atque</span> 
     </span>
     <span class='ocr_line' id='line_1_36' title="bbox 363 2592 1751 2649; baseline 0.003 -17"><span class='ocrx_word' id='word_1_311' title='bbox 363 2602 552 2634; x_wconf 84' lang='lat' dir='ltr'>tantarum</span> <span class='ocrx_word' id='word_1_312' title='bbox 573 2592 785 2640; x_wconf 84' lang='lat' dir='ltr'>ordinibus,</span> <span class='ocrx_word' id='word_1_313' title='bbox 815 2593 854 2634; x_wconf 89' lang='lat' dir='ltr'>in</span> <span class='ocrx_word' id='word_1_314' title='bbox 875 2594 1016 2649; x_wconf 87' lang='lat' dir='ltr'>quibus</span> <span class='ocrx_word' id='word_1_315' title='bbox 1034 2593 1131 2634; x_wconf 85' lang='lat' dir='ltr'>nihil</span> <span class='ocrx_word' id='word_1_316' title='bbox 1151 2607 1319 2647; x_wconf 81' lang='lat' dir='ltr'>unquam</span> <span class='ocrx_word' id='word_1_317' title='bbox 1340 2593 1525 2635; x_wconf 79' lang='lat' dir='ltr'>immensa</span> <span class='ocrx_word' id='word_1_318' title='bbox 1544 2604 1581 2636; x_wconf 84' lang='lat' dir='ltr'>et</span> <span class='ocrx_word' id='word_1_319' title='bbox 1601 2594 1751 2636; x_wconf 83' lang='lat' dir='ltr'>infinita</span> 
     </span>
    </p>
   </div>
  </div>
 </body>
</html>
