2330 2983
618 257 696 310 236
926 251 1701 293 TUSCULANARUM

615 353 829 393 differendi.
851 351 957 391 Nam
977 354 1029 390 ita
1048 351 1246 397 facillime,
1268 351 1364 404 quid
1384 351 1707 390 verifimillimum
1726 349 1827 397 effet,
1841 349 2002 390 inveniri

615 419 716 472 posse
748 420 915 457 Socrates
949 418 1214 457 arbitrabatur.
1258 417 1330 455 Sed
1361 430 1438 470 quo
1471 417 1715 456 commodius
1735 417 2006 470 disputationes

616 484 747 522 nostrae
766 484 1021 537 explicentur,
1051 483 1101 521 fic
1120 496 1179 521 eas
1198 495 1402 535 exponam,
1424 482 1525 534 quasi
1546 491 1677 534 agatur
1693 495 1764 527 res,
1796 495 1873 520 non
1904 483 2006 534 quasi

617 560 798 588 narretur.
830 551 936 602 Ergo
954 550 1007 587 ita
1025 549 1197 587 nascetur
1215 549 1430 587 exordium.

671 617 722 654 V.
754 619 985 654 Auum-on.
1018 615 1173 653 Malum
1207 613 1306 652 mihi
1342 614 1490 652 videtur
1521 613 1592 652 effe
1610 627 1727 652 mors.
1791 613 2004 651 MARcus.

617 680 729 726 Iisne,
747 681 815 733 qui
835 680 979 718 mortui
991 680 1091 724 sunt,
1110 693 1157 718 an
1179 679 1240 724 iis,
1257 679 1399 731 quibus
1415 678 1660 716 moriendum
1676 678 1754 716 est?
1777 681 2004 716 AumToR.

618 746 814 798 Utrisque.
873 746 1086 783 MARCUS.
1134 744 1202 782 Est
1234 744 1416 782 miserum
1453 743 1584 795 igitur,
1624 743 1807 795 quoniam
1843 743 2006 781 malum.

617 813 845 849 AumToR.
878 811 1005 848 Certe.
1064 810 1279 847 MARcus.
1302 809 1406 860 Ergo
1425 817 1462 845 et
1481 808 1522 852 ii,
1548 808 1690 859 quibus
1710 808 1834 845 evenit
1848 808 1944 859 jam,
1966 817 2010 845 ut

617 885 869 921 morerentur,
901 885 938 913 et
971 875 1013 920 ii,
1049 875 1191 927 quibus
1227 883 1454 912 eventurum
1473 873 1538 918 est,
1579 873 1720 912 miseri.
1778 874 2007 911 Aum’roR.

617 941 726 980 Mihi
747 943 799 979 ita
817 941 979 979 videtur.
1011 941 1226 979 MARcus.
1249 940 1380 978 Nemo
1398 952 1488 992 ergo
1507 952 1585 977 non
1606 938 1748 976 miser?
1779 939 2008 977 AumToR.

619 1007 773 1047 Prorsus
793 1021 922 1046 nemo.
954 1007 1168 1045 MARCUS.
1190 1007 1243 1044 Et
1259 1006 1432 1058 quidem,
1453 1005 1479 1043 fi
1496 1005 1568 1043 tibi
1588 1004 1754 1043 constare
1772 1004 1843 1049 vis,
1860 1016 2009 1048 omnes,

618 1074 843 1126 quicunque
864 1072 942 1110 nati
961 1072 1060 1117 sunt,
1081 1080 1252 1116 eruntve‚
1274 1085 1351 1110 non
1371 1071 1495 1109 solum
1522 1070 1663 1115 miseri,
1685 1069 1747 1107 sed
1772 1070 1889 1107 etiam
1908 1069 2009 1107 sem-

618 1152 687 1192 per
704 1139 844 1177 miseri.
877 1138 983 1176 Nam
1003 1138 1029 1175 fi
1049 1137 1146 1176 solos
1166 1150 1229 1175 eos
1250 1137 1392 1175 diceres
1414 1136 1582 1180 miseros,
1603 1136 1744 1187 quibus
1765 1135 2011 1173 moriendum

617 1204 721 1249 effet,
742 1204 939 1242 neminem
960 1213 1003 1241 tu
1024 1203 1183 1255 quidem
1201 1216 1349 1247 eorum,
1381 1202 1449 1254 qui
1468 1202 1650 1246 viverent,
1671 1201 1862 1253 exciperes
1878 1218 1890 1244 ;
1922 1213 2010 1237 mo-

619 1269 797 1307 riendum
815 1269 867 1306 est
897 1268 1002 1305 enim
1027 1268 1234 1312 omnibus;
1265 1267 1354 1305 effet.
1374 1276 1500 1304 tamen
1521 1266 1678 1304 miseriae
1698 1265 1784 1303 finis
1810 1266 1850 1303 in
1871 1274 2009 1303 morte.

619 1335 818 1387 Qoniam
837 1342 966 1372 autem
985 1333 1101 1371 etiam
1122 1333 1268 1370 mortui
1288 1332 1413 1370 miseri
1434 1332 1535 1376 sunt,
1555 1332 1595 1369 in
1615 1330 1806 1368 miseriam
1822 1330 2012 1368 nascimur

618 1400 902 1454 sempiternam.
952 1398 1110 1436 Necesse
1140 1398 1191 1436 est
1221 1399 1342 1443 enim,
1374 1397 1529 1435 miseros
1549 1396 1619 1434 effe
1648 1409 1726 1441 eos,
1755 1396 1823 1449 qui
1853 1404 2012 1433 centum

619 1466 796 1504 millibus
816 1478 1004 1503 annorum
1024 1463 1110 1502 ante
1133 1464 1370 1509 occiderunt,
1393 1463 1453 1501 vel
1474 1463 1601 1516 potius
1621 1475 1769 1507 omnes,
1791 1461 2013 1514 quicunque

620 1533 699 1570 nati
720 1531 818 1570 sunt.
879 1532 1107 1568 AumToR.
1139 1531 1196 1567 Ita
1215 1529 1363 1582 prorsus
1384 1529 1574 1567 existimo.

675 1598 889 1636 MARCUS.
922 1596 1014 1640 Dic,
1035 1594 1173 1647 quaeso‚
1209 1609 1304 1632 num
1326 1604 1362 1632 te
1382 1594 1448 1632 illa
1477 1603 1629 1639 terrent,
1662 1595 1800 1647 triceps
1821 1594 1921 1647 apud
1950 1593 2012 1631 in-

621 1663 719 1702 feros
752 1663 953 1707 Cerberus,
976 1650 1114 1712 Cocyti
1133 1660 1322 1706 fremitus,
1359 1660 1580 1699 transvectio
1602 1660 1846 1704 Acherontis,
1880 1669 2013 1697 mento

622 1730 812 1768 summam
833 1741 972 1781 aquarn
992 1727 1182 1780 attingens
1202 1727 1261 1765 siti
1281 1729 1432 1765 emeritus
1449 1726 1635 1765 Tantalus
1655 1728 1667 1763 ?
1700 1727 1812 1765 Num
1832 1725 1943 1770 illud,

1200 1792 1293 1846 quod
1308 1792 1462 1845 Siſjephu'
1483 1793 1605 1845 versat

759 1863 905 1905 Saxum,
913 1859 1053 1913 staedans
1073 1859 1225 1904 nitendo,
1247 1873 1354 1912 neque
1367 1859 1510 1911 proficit
1529 1858 1638 1896 hilum
1654 1858 1674 1895 ,ἕ

624 1929 654 1966 F
657 1927 786 1965 ortaffe
817 1927 932 1964 etiam
959 1925 1208 1963 inexorabiles
1224 1926 1387 1976 judices,
1421 1925 1569 1968 Minos,
1597 1934 1634 1962 et
1665 1922 1984 1962 Rhadamanthus
2000 1943 2013 1970 ς

623 1994 723 2046 apud
757 2006 851 2045 quos
883 2005 952 2029 nec
985 2000 1020 2028 te
1042 1991 1088 2028 L.
1112 1989 1261 2028 Crassus
1293 1989 1484 2034 defendet,
1518 2003 1587 2027 nec
1608 1990 1670 2027 M.
1694 1990 1901 2033 Antonius,
1930 2003 2014 2034 nec,

623 2059 807 2111 quoniam
835 2057 935 2110 apud
957 2056 1112 2094 Graecos
1138 2055 1287 2107 judices
1309 2068 1364 2092 res
1391 2063 1535 2106 agetur,
1572 2055 1712 2107 poteris
1732 2053 1911 2092 adhibere
1932 2055 2014 2092 De-

625 2123 863 2162 mosthenem
884 2138 891 2160 ;
923 2123 992 2160 tibi
1016 2122 1082 2174 ipsi
1105 2135 1171 2173 pro
1202 2130 1238 2158 te
1268 2121 1338 2158 crit
1359 2121 1529 2158 maxima
1547 2121 1685 2158 corona
1715 2120 1821 2158 causa
1841 2120 2013 2158 dicenda.

626 2191 721 2228 Haec
742 2189 889 2228 fortasse
910 2188 1063 2232 metuis,
1096 2197 1132 2225 et
1155 2187 1297 2225 idcirco
1318 2195 1483 2224 mortem
1504 2186 1627 2225 censes
1648 2185 1718 2224 effe
1739 2186 2015 2239 sempiternum

627 2255 787 2294 malum.

672 2321 742 2358 VI.
767 2322 992 2358 Aumron.
1012 2318 1169 2356 Adconc
1189 2331 1251 2355 mc
1271 2318 1426 2356 delirare
1447 2318 1588 2363 censes,
1603 2327 1645 2356 ut
1667 2318 1730 2356 ista
1750 2317 1820 2356 effe
1839 2318 2014 2356 credam?

628 2387 839 2425 Mazaeus.
878 2387 939 2423 An
973 2394 1012 2422 tu
1048 2383 1127 2421 haec
1164 2398 1238 2421 non
1266 2384 1413 2422 credis?
1464 2386 1689 2422 Auni-ron.
1718 2384 1886 2422 Minime
1914 2397 2013 2421 vcro.

628 2454 838 2490 NIARCUS.
864 2451 969 2489 Male
989 2449 1142 2488 hercule
1164 2463 1298 2487 narras.
1332 2451 1558 2487 Aum-roa.
1579 2451 1686 2488 Cur?
1709 2449 1845 2502 qua‘so.
1877 2449 2015 2488 MAR-

630 2531 721 2555 cus.
757 2518 859 2567 Qia
878 2515 1034 2554 disertus
1055 2514 1124 2552 css‘c
1157 2514 1313 2567 poss‘cm,
1348 2515 1371 2552 li
1392 2526 1522 2553 contr-1
1543 2515 1607 2553 ista
1634 2515 1813 2553 dicerem.
1874 2515 2014 2552 Aum-

632 2595 730 2621 τοκ.
806 2583 861 2619 uis
882 2582 986 2621 cuim
1016 2595 1106 2626 non,
1136 2581 1174 2619 in
1208 2581 1394 2633 ejusmodi
1414 2581 1547 2619 causa?
1579 2591 1642 2620 aut
1663 2580 1756 2634 quid
1778 2580 1919 2634 negotii
1950 2579 2015 2623 cst,
