2330 2983
624 221 703 262 304
928 201 1703 243 TUSCULANARUM

624 319 785 358 regnum
808 303 925 342 totius
946 303 1064 341 animi
1085 315 1105 339 a
1125 311 1257 340 natura
1277 299 1468 338 tributum
1486 299 1552 337 est.
1583 299 1710 337 Graeci
1738 307 1866 338 autem
1890 299 2012 347 μανίαι

621 372 720 410 unde
739 369 945 422 appellant,
967 381 1044 406 non
1061 366 1172 405 facile
1194 366 1358 404 dixerim
1375 380 1384 404 :
1416 378 1500 403 eam
1521 374 1647 403 tamen
1667 363 1786 416 ipsam
1805 364 2009 416 distingui-

619 450 709 476 mus
728 448 795 474 nos
816 434 969 478 melius,
1002 446 1118 485 quam
1149 432 1221 470 illi.
1264 433 1379 470 Hanc
1409 431 1515 469 enim
1546 430 1744 474 insaniam,
1771 444 1853 482 quae
1879 430 2012 482 juncta

618 501 785 540 stul-titia}
817 508 920 552 patet
950 498 1076 542 latius,
1107 511 1129 535 a
1159 496 1287 535 furore
1315 496 1586 548 disjungimus.
1637 495 1765 533 Graeci
1784 496 1918 533 volunt
1950 493 2010 531 illi

617 566 791 618 quidem,
811 565 872 603 sed
890 577 1025 616 parum
1041 563 1166 601 valent
1185 562 1324 600 verbo:
1347 575 1464 614 quem
1484 575 1553 600 nos
1568 559 1752 605 furorem,
1770 558 2011 607 μελαγχόλιαω

617 631 677 670 illi
695 639 843 670 vocant.
876 629 994 682 Qasi
1013 642 1100 667 vero
1120 628 1200 666 atra
1217 627 1288 665 bili
1304 627 1426 665 solum
1447 640 1568 671 mens,
1586 640 1627 664 ac
1648 639 1723 664 non
1744 625 1837 677 saepe
1856 625 1915 662 vel
1935 624 2008 661 ira-

618 697 758 735 cundia
776 696 960 748 graviore,
992 695 1049 731 vel
1072 694 1224 737 timore,
1252 693 1312 730 vel
1331 693 1461 730 dolore
1486 701 1694 730 moveatur.
1755 692 1846 743 Qo
1874 702 2010 741 genere

619 761 912 805 Athamantem,
947 760 1226 802 Alcmaeonem,
1258 758 1432 808 Ajacem,
1464 756 1641 794 Orestem
1673 755 1800 793 furere
1827 755 2008 792 dicimus.

619 828 702 877 Qi
733 827 786 864 ita
814 826 858 863 fit
888 824 1057 868 affectus,
1087 837 1178 861 eum
1208 822 1413 860 dominum
1444 821 1516 859 effe
1545 833 1674 858 rerum
1701 819 1852 857 suarum
1881 828 2011 856 vetant

617 890 825 934 duodecim
858 889 1008 926 tabulae.
1067 889 1202 939 Itaque
1228 900 1304 924 non
1335 886 1387 924 est
1413 885 1612 938 scriptum,
1646 897 1681 922 st
1707 894 1919 927 iussimus,
1949 882 2012 921 sed

621 970 657 995 st
682 969 903 1000 fumosus,
927 967 1024 999 fissi:
1050 965 1246 994 mclmT.
1279 951 1468 990 Insaniam
1488 952 1595 989 enim
1611 950 1835 988 censuerunt
1866 948 1924 1000 (id
1943 948 2010 993 est,

618 1021 910 1060 inconstantiam
950 1019 1104 1064 sanitate
1137 1019 1352 1069 vacantem)
1387 1016 1487 1070 posse
1512 1027 1639 1055 tamen
1671 1015 1768 1053 tueri
1802 1014 2010 1053 mediocri-

618 1096 736 1126 tatem
754 1086 986 1129 officiorum,
1016 1093 1056 1122 et-
1088 1084 1173 1122 v-itae
1202 1096 1453 1122 communem
1482 1082 1633 1120 cultum
1667 1090 1780 1133 atque
1814 1079 2010 1118 usitatum.

618 1153 651 1190 F
657 1165 807 1190 urorem
827 1160 953 1188 autem
974 1149 1043 1187 esse
1061 1149 1129 1186 rati
1151 1148 1236 1186 sunt
1258 1147 1397 1186 mentis
1419 1147 1465 1184 ad
1485 1148 1616 1185 omnia
1634 1146 1858 1188 caecitatem.
1891 1145 2010 1196 Qod

618 1231 711 1256 cum
740 1218 862 1268 majus
893 1215 964 1254 esse
984 1215 1155 1252 videat-ur
1174 1227 1293 1266 quam
1318 1213 1470 1257 insania,
1502 1222 1628 1251 tamen
1655 1211 1841 1263 ejusmodi
1869 1211 1936 1254 est,
1967 1220 2009 1248 ut

618 1281 724 1323 furor-
743 1282 789 1319 in.
802 1281 1008 1333 sapientem
1028 1278 1159 1316 cadere
1177 1277 1301 1330 possit,
1337 1291 1414 1315 non
1435 1277 1547 1330 poffit
1565 1277 1718 1315 insania.
1751 1276 1823 1314 Sed
1839 1275 1919 1314 haec
1939 1276 2010 1314 alia

617 1346 773 1399 quaestio
793 1346 857 1384 est.
896 1346 981 1384 Nos
1000 1344 1046 1382 ad
1065 1344 1302 1396 propositum
1323 1352 1567 1381 revertamur.

672 1413 744 1457 VI.
775 1412 932 1456 Cadere,
953 1411 1104 1462 opinor,
1126 1410 1169 1448 in
1186 1409 1393 1461 sapientem
1414 1407 1679 1461 aegritudinem
1705 1407 1778 1445 tibi
1797 1406 1924 1447 dixisti
1950 1407 2010 1445 vi-

618 1478 712 1519 deri.
744 1479 976 1517 Auni-ton.
1008 1476 1060 1513 Et
1080 1487 1170 1512 vero
1189 1475 1242 1512 ita
1260 1473 1450 1513 existimo.
1482 1473 1695 1511 MAncus.
1717 1472 1952 1520 Humanum
1970 1472 2011 1511 id

618 1543 792 1595 quidem,
824 1541 930 1594 quod
950 1541 1002 1579 ita
1021 1539 1238 1578 existimas:
1270 1552 1347 1578 non
1378 1539 1482 1577 enim
1514 1538 1616 1577 filice
1646 1537 1725 1576 nati
1744 1537 1889 1576 sumus.
1938 1538 2013 1576 Sed

618 1608 671 1649 est
691 1607 858 1648 naturale
878 1607 925 1646 in,
937 1606 1079 1647 animis.
1098 1614 1269 1644 tenerum
1285 1603 1475 1657 quiddam.
1489 1612 1603 1655 atque
1622 1602 1755 1646 molle,
1773 1602 1877 1653 quod
1898 1603 2010 1655 aegri·

619 1674 766 1717 tudine,
783 1672 885 1725 quasi
906 1670 1138 1723 tempestate,
1155 1670 1359 1722 quatiatur.
1388 1669 1474 1707 Nec
1494 1667 1651 1706 absurde
1668 1669 1831 1705 Crantor
1846 1667 1924 1711 ille,
1941 1668 2011 1719 qui

618 1739 657 1776 in
679 1737 801 1776 nostra
821 1736 1027 1775 Academia
1053 1735 1112 1772 vel
1141 1735 1179 1772 in
1200 1734 1336 1786 primis
1355 1733 1431 1772 fuit
1461 1732 1616 1777 nobilis,
1648 1731 1833 1775 Minime,
1863 1732 2005 1783 inquit,

621 1811 648 1827 “
670 1802 844 1842 ass‘entior
874 1802 934 1845 iis,
965 1801 1033 1853 qui
1052 1800 1160 1838 istam
1191 1799 1316 1838 nescio
1346 1812 1463 1851 quam
1492 1797 1744 1836 indolentiam
1777 1810 2009 1849 magnopere

620 1877 647 1893 ‘⁸
669 1869 823 1907 laudant
836 1886 847 1913 ;
879 1881 962 1919 qua:
983 1879 1052 1905 nec
1072 1865 1193 1918 potest
1213 1864 1290 1902 ulla
1305 1864 1389 1909 esse,
1411 1877 1479 1901 nec
1500 1863 1624 1902 debet.
1656 1863 1720 1900 Ne
1739 1870 1903 1914 aegrotus
1922 1863 2005 1906 fim,

620 1941 648 1957 “
670 1933 796 1985 inquit
814 1947 823 1970 ε
856 1931 915 1970 sed
937 1931 961 1969 fi
983 1930 1138 1974 fuerim,
1157 1929 1279 1967 sensus
1301 1929 1405 1973 adfit,
1434 1928 1506 1966 five
1525 1927 1667 1965 secetur
1687 1927 1794 1979 quid,
1813 1925 1884 1964 five
1904 1927 2008 1964 avel-

620 2007 648 2022 “
670 1999 768 2038 latur
786 2011 807 2035 a
822 2009 990 2049 corpore.
1015 1996 1118 2035 Nam
1136 1995 1230 2033 istuc
1247 1993 1343 2032 nihil
1364 1994 1492 2032 dolere
1506 2006 1580 2031 non
1595 1993 1669 2031 fine
1684 2005 1822 2044 magna
1835 1992 2008 2030 mercede

621 2071 647 2089 “
669 2063 875 2115 contingit,
899 2061 1146 2100 immanitatis
1168 2061 1206 2098 in
1228 2059 1370 2104 animo,
1393 2058 1550 2110 stuporis
1572 2058 1609 2095 in
1630 2071 1799 2110 corpore.

688 2129 758 2167 Sed
793 2128 1007 2171 videamus,
1056 2141 1102 2164 ne
1146 2125 1226 2164 haec
1264 2125 1384 2163 omtio
1419 2124 1461 2162 stt
1494 2123 1700 2162 hominum
1741 2121 2005 2161 assentantium

620 2194 751 2232 nostra:
786 2192 1054 2236 imbecillitati,
1087 2200 1124 2228 et
1160 2190 1443 2243 indulgentium
1473 2187 1739 2226 mollitudini:
1777 2200 1844 2225 nos
1877 2197 2005 2225 autem

618 2259 823 2297 audeamus
854 2272 929 2295 non
957 2257 1076 2294 solum
1110 2270 1231 2294 ramos
1263 2265 1457 2308 amputare
1490 2254 1739 2298 miseriarum,
1781 2253 1841 2291 sed
1872 2265 2006 2291 omnes

620 2324 791 2362 radicum
813 2323 922 2361 fibras
942 2323 1114 2360 evellere.
1151 2323 1300 2360 Tamen
1321 2320 1466 2373 aliquid
1496 2320 1728 2371 relinquetur
1749 2317 1923 2361 sortasse;
1956 2318 2008 2356 ita

620 2389 703 2429 sunt
725 2389 808 2427 altae
838 2389 966 2441 stirpes
997 2387 1189 2427 stultitiae:
1224 2388 1282 2425 sed
1315 2387 1549 2438 relinquetur
1577 2386 1614 2423 id
1643 2385 1780 2428 solum,
1811 2384 1916 2436 quod
1934 2383 2006 2421 erit

619 2454 878 2493 necessarium.
928 2453 1028 2492 Illud
1061 2453 1218 2505 quidem
1241 2453 1288 2491 fic
1322 2451 1473 2496 habeto,
1510 2451 1575 2489 nisi
1599 2450 1744 2489 sanatus
1764 2451 1913 2488 animus
1946 2448 2003 2492 sit,

617 2520 722 2572 quod
743 2519 816 2558 fine
834 2517 1074 2573 philosophia
1094 2518 1172 2557 fieri
1194 2532 1269 2558 non
1289 2517 1421 2571 potest,
1453 2516 1570 2555 finem
1598 2515 1832 2555 miseriarum
1853 2512 2004 2553 nullum
