2330 2983
665 244 940 282 LIBER
997 244 1427 295 QUARTUs.
1671 245 1743 297 189

348 364 407 397 ea,
428 364 512 404 quae
533 350 641 388 Zeno
670 349 898 394 aestimanda‚
929 359 967 388 et
988 350 1181 395 sumenda,
1212 360 1249 389 et
1279 361 1366 404 apta
1385 359 1526 389 naturae
1545 351 1614 389 effe
1632 352 1744 397 dixit,

349 417 482 454 eadem
516 415 574 452 illi
608 415 707 453 bona
737 415 953 468 appellant:
986 416 1104 453 vitam
1125 425 1253 453 autem
1283 416 1431 454 beatam
1454 417 1511 454 illi
1532 430 1630 461 eam,
1662 431 1746 469 quae

349 481 535 519 constaret
564 493 612 518 ex
642 481 688 518 iis
709 481 835 524 rebus,
866 493 958 532 quas
979 481 1074 525 dixi,
1103 490 1166 518 aut
1197 481 1391 533 plurimis,
1422 491 1486 518 aut
1506 483 1745 534 graviffimis.

353 547 462 584 Zeno
495 555 638 590 autem,
669 546 773 597 quod
802 545 921 590 suam,
953 545 1057 598 quod
1087 546 1281 598 propriam
1315 545 1477 598 speciem
1497 546 1648 591 habeat,
1680 562 1748 585 cur

351 611 611 664 appetendum
632 611 689 655 fit,
714 611 754 648 id
775 610 897 648 solum
920 611 1067 649 bonum
1088 611 1253 664 appellat
1269 629 1282 656 3
1314 611 1462 650 beatam
1482 621 1609 649 autem
1630 613 1748 650 vitam

351 689 434 715 eam
456 676 587 721 solam,
609 690 693 728 quae
711 689 802 714 cum
824 676 962 714 virtute
982 676 1152 729 degatur.

409 742 447 779 Si
477 742 524 779 de
555 755 593 779 re
619 741 818 793 disceptari
848 750 997 793 oportet
1012 759 1024 786 3
1057 741 1163 779 nulla
1188 740 1289 779 mihi
1311 750 1455 787 tecum,
1488 743 1598 787 Cato,
1628 742 1749 795 potest

352 806 422 845 effe
442 806 627 844 diffenfio.
676 805 790 844 Nihil
812 806 864 844 est
883 807 1003 851 enim,
1037 807 1085 844 de
1105 820 1183 859 quo
1213 807 1320 844 aliter
1350 808 1482 845 sentias
1514 818 1626 860 atque
1646 822 1716 860 ego
1736 823 1743 846 :

353 872 472 910 modo
492 872 740 910 commutatis
761 873 884 910 verbis
905 872 998 924 ipsas
1019 886 1074 910 res
1095 871 1350 910 conferamus.
1383 873 1470 911 Nec
1490 872 1564 911 hoc
1585 873 1650 911 ille
1671 888 1747 912 non

353 938 464 982 vidit,
497 937 559 975 sed
590 937 794 975 verborum
825 938 1111 989 magnificentia
1140 938 1192 975 est
1223 938 1260 974 et
1279 938 1400 989 gloria
1419 938 1648 976 delectatus:
1680 940 1748 991 qui

353 1003 380 1040 fi
410 1016 464 1047 ea,
495 1017 578 1054 quae
609 1003 717 1047 dicit,
748 1002 800 1039 ita
831 1002 997 1046 sentiret,
1028 1012 1071 1040 ut
1100 1003 1213 1040 verba
1243 1002 1482 1055 significant,
1525 1004 1619 1055 quid
1649 1005 1749 1042 inter

352 1080 457 1111 eum,
500 1067 558 1104 vel
581 1066 833 1118 Pyrrhonem,
867 1067 926 1104 vel
947 1067 1167 1105 Aristonem
1188 1067 1406 1105 intereffet?
1438 1068 1504 1105 Sin
1534 1078 1661 1106 autem
1683 1082 1746 1106 eos

353 1145 430 1169 non
450 1132 648 1184 probabat,
680 1131 775 1183 quid
801 1132 958 1171 attinuit
991 1145 1082 1170 cum
1104 1133 1164 1176 iis,
1193 1131 1426 1185 quibuscum
1447 1146 1485 1170 re
1505 1134 1745 1178 concinebat,

352 1198 477 1235 verbis
498 1198 704 1250 discrepare
723 1198 736 1234 ?

407 1263 541 1301 XXII.
564 1263 673 1314 Qid
693 1263 718 1301 fi
738 1263 957 1301 reviviscant
974 1264 1164 1302 Platonici
1182 1264 1255 1308 illi,
1276 1272 1315 1301 et
1334 1264 1512 1317 deinceps
1529 1265 1597 1316 qui
1612 1279 1748 1304 eorum

353 1329 541 1367 auditores
562 1327 731 1373 fuerunt,
764 1338 803 1366 et
834 1339 964 1367 tecum
997 1330 1050 1367 ita
1080 1329 1315 1381 loquantur?
1347 1331 1446 1374 Nos,
1482 1343 1574 1367 cum
1601 1340 1650 1375 te,
1682 1332 1747 1370 Μ.

355 1396 468 1439 Cato,
496 1393 804 1432 studiofiffimum
823 1393 1087 1447 philosophiae‚
1110 1395 1360 1447 justiffimum
1380 1396 1521 1440 virum,
1553 1397 1749 1448 optimum

349 1460 537 1512 judicem,
559 1459 877 1512 religiosissimum
899 1460 1031 1498 testem
1051 1461 1283 1505 audiremus,
1297 1460 1473 1498 admirati
1489 1461 1634 1505 sumuS,
1653 1463 1749 1514 quid

356 1524 458 1570 effet,
488 1539 556 1563 cur
585 1525 695 1563 nobis
722 1526 866 1563 Stoicos
896 1525 1113 1571 anteferres,
1144 1527 1213 1578 qui
1243 1526 1290 1564 de
1317 1526 1428 1564 rebus
1459 1526 1570 1564 bonis
1599 1536 1637 1564 et
1662 1541 1749 1565 ma-

355 1591 402 1629 lis
432 1591 613 1628 sentirent
642 1604 697 1634 ea,
728 1604 813 1642 quae
846 1591 892 1628 ab
918 1589 994 1629 hoc
1015 1591 1225 1629 Polemone
1252 1592 1361 1629 Zeno
1380 1601 1636 1644 cognoverat;
1674 1607 1748 1632 no-

355 1656 525 1694 minibus
558 1665 756 1694 uterentur
774 1657 834 1701 iis,
865 1670 950 1708 quae
979 1657 1105 1709 prima
1124 1657 1246 1710 specie
1277 1658 1583 1703 admirationem,
1614 1672 1652 1696 re
1678 1672 1747 1698 ex-

312 1763 316 1766 ,
352 1722 505 1774 plicata,
527 1721 643 1760 risum
664 1732 876 1760 moverent.
908 1724 974 1760 Tu
994 1732 1137 1768 autem,
1165 1723 1191 1761 fi
1213 1723 1284 1761 tibi
1303 1723 1369 1760 illa
1387 1723 1658 1776 probabantur,
1680 1739 1748 1763 cur

353 1801 431 1825 non
462 1788 624 1840 propriis
658 1788 782 1826 verbis
815 1788 881 1825 illa
910 1788 1093 1826 tenebas?
1131 1789 1196 1826 Sin
1227 1797 1262 1826 te
1293 1789 1492 1826 auctoritas
1522 1802 1747 1828 commove-

355 1853 446 1897 bat,
479 1853 636 1890 nobisne
655 1853 853 1897 omnibus,
885 1863 922 1891 et
943 1853 1094 1892 Platoni
1128 1854 1210 1906 ipfi,
1242 1853 1367 1891 nescio
1387 1868 1503 1906 quem
1538 1855 1651 1892 illum
1677 1869 1746 1893 an-

355 1919 558 1971 teponebas
578 1919 590 1955 ?
621 1918 826 1971 praesertim
859 1932 952 1957 cum
973 1919 1012 1956 in
1042 1919 1239 1972 republica
1258 1920 1433 1972 princeps
1454 1919 1523 1957 ess’c
1543 1921 1670 1966 velles,
1701 1921 1747 1958 ad

354 1997 513 2036 eamque
534 1985 715 2022 tuendam
736 1998 825 2022 curn
849 1984 999 2022 summa
1025 1994 1089 2022 tua
1109 1985 1293 2037 dignitate
1314 1986 1482 2023 maxime
1503 1998 1522 2022 a
1543 1987 1653 2023 nobis
1684 2000 1747 2024 or-

354 2049 434 2087 nari
454 2058 567 2101 atque
587 2048 717 2087 instrui
738 2049 889 2102 poffes?
921 2049 1048 2088 Nobis
1074 2051 1179 2088 enim
1210 2050 1276 2088 ista
1296 2051 1459 2103 quaesita,
1491 2065 1511 2088 a
1542 2052 1652 2088 nobis
1679 2051 1746 2089 de-

355 2115 504 2167 scripta,
546 2124 686 2160 notata,
720 2126 905 2168 praecepta
935 2116 1049 2161 sunt;
1081 2117 1338 2168 omniumque
1374 2117 1745 2169 rerumpublicarum

355 2182 551 2225 rectiones,
581 2194 730 2233 genera,
771 2181 899 2226 status,
935 2182 1180 2227 mutationes,
1211 2183 1312 2235 leges
1345 2183 1460 2221 etiam
1495 2193 1532 2220 et
1562 2183 1744 2228 instituta,

356 2260 398 2284 ac
419 2259 542 2284 mores
562 2246 764 2283 civitatum
786 2246 1081 2299 perscripsimus.
1111 2248 1350 2300 Eloquentiae
1367 2261 1467 2293 vero,
1485 2262 1568 2300 qua·
1585 2258 1621 2285 et
1637 2250 1745 2301 prin-

355 2311 507 2363 cipibus
528 2311 695 2349 maxime
714 2321 938 2351 ornamento
957 2313 1022 2357 est,
1054 2322 1092 2350 et
1112 2327 1187 2365 qua
1207 2323 1243 2352 te
1269 2314 1485 2351 audivimus
1517 2313 1636 2350 valere
1657 2314 1747 2366 plu-

356 2377 517 2420 rimum,
539 2382 727 2428 quantum
748 2377 820 2415 tibi
838 2391 885 2415 ex
906 2379 1167 2416 monumentis
1189 2378 1322 2416 nostris
1343 2378 1538 2415 addidiffes
1558 2379 1570 2414 ?

413 2442 469 2479 Ea
487 2455 576 2479 cum
597 2441 785 2488 dixissent,
807 2443 902 2496 quid
922 2444 1074 2482 tandem
1097 2444 1236 2483 talibus
1257 2445 1344 2482 viris
1367 2444 1632 2496 responderes?
1663 2444 1746 2482 Ro-

356 2521 486 2560 garem
507 2518 557 2553 te,
579 2508 719 2560 inquit,
751 2518 794 2546 ut
813 2509 955 2547 diceres
975 2523 1043 2562 pro
1063 2524 1124 2547 me
1147 2520 1187 2547 tu
1209 2511 1326 2554 idem,
1353 2511 1418 2561 qui
1441 2510 1514 2547 illis
1536 2509 1746 2547 orationem

354 2572 562 2612 dictavisses
578 2591 591 2620 5
624 2573 682 2612 vel
711 2575 838 2628 potius
866 2574 1029 2629 paulum
1063 2574 1138 2613 loci
1169 2574 1282 2621 mihi,
1316 2584 1357 2613 ut
1386 2573 1446 2614 his
1468 2574 1745 2629 responderem,
