2330 2983
629 266 904 305 LIBER
962 265 1460 304 SECUNDUS.
1675 279 1745 316 ¹29

345 365 512 419 optabis.
572 365 690 416 Qod
722 365 856 403 si'non
888 365 1005 403 modo
1024 365 1232 403 utilitatem
1253 365 1325 403 tibi
1348 365 1494 403 nullam
1520 363 1662 409 afferet,
1685 365 1746 402 sed

341 433 498 483 jacturae
518 432 572 469 rei
592 430 790 470 familiaris
812 441 924 469 erunt
943 431 1138 475 faciendae,
1170 432 1315 469 labores
1337 431 1578 484 suscipiendi,
1601 432 1745 469 adeun-

345 497 440 534 dum
462 497 549 535 vitae
568 497 813 549 periculum,
846 510 893 534 ne
918 506 1001 535 tum
1024 496 1183 548 quidem
1214 506 1250 533 te
1281 496 1468 547 respicies,
1501 507 1538 534 et
1557 497 1745 549 cogitabis

349 562 417 601 fibi
431 576 628 615 quemque
650 572 784 601 natum
805 562 889 607 effe,
907 572 944 600 et
964 562 1038 600 suis
1059 562 1320 614 voluptatibus
1335 561 1347 597 ?
1362 562 1495 599 vadem
1518 572 1552 599 te
1573 563 1616 599 ad
1639 576 1747 600 mor-

345 637 425 666 tem
447 637 606 679 tyranno
625 628 733 666 dabis
762 642 831 681 pro
863 628 1002 672 amico,
1034 637 1077 665 ut
1105 626 1367 680 Pythagoreus
1396 627 1461 664 ille
1491 626 1585 665 fecit
1615 627 1744 665 Siculo

344 704 504 745 tyranno
522 695 534 731 ?
565 703 630 732 aut
650 694 808 745 Pylades
828 708 921 732 curn
942 694 1001 738 sis,
1029 693 1132 732 dices
1154 702 1191 731 te
1210 693 1281 731 effe
1301 693 1490 738 Orestem,
1522 702 1564 730 ut
1585 693 1745 730 moriare

344 774 414 814 pro
430 761 584 799 amico?
615 770 692 805 aut,
726 761 750 799 si
779 760 867 799 effes
890 760 1054 804 Orestes,
1087 759 1271 811 Pyladem
1292 758 1495 803 refelleres,
1529 769 1564 797 te
1596 759 1743 797 indica-

344 827 430 864 res?
451 836 502 871 et,
525 827 550 865 fi
571 827 611 864 id
631 840 707 864 non
728 827 918 879 probares,
936 840 1014 879 quo
1035 827 1165 864 minus
1185 825 1300 863 ambo
1320 839 1394 863 una
1414 825 1645 863 necaremini
1667 839 1743 863 non

343 905 535 944 precarere
554 892 566 929 ?

399 959 530 996 XXV.
563 959 719 996 Faceres
741 967 782 995 tu
800 957 975 1009 quidem,
996 958 1207 1009 Torquate,
1225 955 1306 994 haec
1323 956 1467 994 omnia.
1500 955 1616 994 Nihil
1637 956 1743 994 enim

343 1024 506 1061 arbitror
536 1036 675 1075 magna
705 1022 815 1060 lauda
835 1023 1014 1074 dignum,
1047 1022 1153 1074 quod
1174 1032 1210 1059 te
1230 1020 1570 1074 praetermissurum
1591 1021 1743 1059 credam

342 1098 407 1127 aut
423 1089 558 1127 mortis
585 1097 650 1126 aut
669 1088 811 1125 doloris
832 1097 954 1125 metu.
992 1088 1086 1126 Non
1107 1087 1290 1139 quaeritur
1305 1096 1449 1131 autern,
1480 1086 1576 1138 quid
1603 1097 1743 1124 naturae

343 1165 418 1193 tuae
437 1154 734 1193 consentaneum
755 1153 812 1198 sit,
844 1153 906 1191 sed
927 1153 1020 1205 quid
1037 1152 1260 1205 disciplinae.
1298 1153 1414 1190 Ratio
1435 1151 1513 1197 ista,
1535 1165 1654 1204 quam
1675 1152 1743 1190 de-

342 1220 495 1265 fendis;
526 1229 726 1273 praecepta‚
753 1234 837 1272 quae
867 1219 1047 1264 didicisti,
1068 1233 1153 1271 quae
1179 1218 1329 1272 probas,
1359 1217 1534 1256 funditus
1568 1228 1745 1257 evertunt

341 1287 580 1325 amicitiam:
612 1286 788 1338 quamvis
817 1299 900 1324 eam
927 1285 1133 1338 Epicurus,
1167 1294 1210 1322 ut
1239 1283 1346 1328 facit,
1378 1284 1418 1321 in
1448 1284 1587 1322 caelum
1614 1283 1744 1322 efferat

344 1353 534 1391 laudibus.
594 1354 648 1390 At
668 1352 790 1390 coluit
811 1352 888 1404 ipse
917 1351 1118 1389 amicitias.
1179 1350 1296 1402 Qafi
1317 1351 1403 1402 quis
1424 1350 1539 1388 illum
1563 1359 1675 1403 neget
1705 1360 1744 1388 et

343 1419 493 1457 bonum
514 1418 654 1462 virum,
687 1427 724 1455 et
743 1431 911 1462 comem,
941 1426 978 1455 et
998 1416 1215 1455 humanum
1236 1415 1358 1454 fuiffe.
1399 1417 1460 1454 De
1481 1416 1636 1468 ingenio
1662 1417 1742 1468 ejus

344 1485 385 1522 in
403 1483 466 1522 his
487 1484 821 1536 disputationibuS,
839 1497 915 1521 non
932 1483 978 1520 de
998 1483 1185 1526 moribus,
1201 1482 1397 1533 quaeritur.
1421 1482 1477 1519 Sit
1492 1481 1560 1519 ista
1576 1483 1614 1519 in
1630 1483 1741 1520 Grae-

343 1563 478 1588 corum
499 1549 648 1587 levitate
666 1548 898 1601 perversitas,
930 1548 997 1600 qui
1019 1547 1231 1585 maledictis
1258 1547 1488 1584 insectantur
1507 1560 1583 1591 eos,
1612 1561 1632 1584 a
1651 1548 1741 1600 qui-

343 1616 415 1654 bus
436 1615 483 1653 de
503 1615 657 1652 veritate
679 1614 916 1652 dissentiunt.
941 1613 1012 1650 Sed
1032 1613 1208 1665 quamvis
1229 1613 1352 1650 comis
1372 1613 1412 1650 in
1428 1612 1609 1651 amicitiis
1628 1622 1741 1651 tuen-

339 1681 400 1719 dis
419 1679 549 1724 fuerit,
571 1689 699 1718 tamen
719 1679 746 1717 fi
762 1678 843 1717 haec
863 1692 948 1717 vera
966 1678 1067 1723 sunt,
1101 1677 1217 1730 (nihil
1238 1678 1343 1716 enim
1363 1678 1531 1730 affirmo)
1558 1692 1635 1717 non
1656 1679 1741 1717 satis

338 1756 474 1785 acutus
493 1745 583 1784 fuit.

396 1814 450 1851 At
470 1812 604 1850 multis
625 1812 660 1850 se
680 1811 879 1864 probavit:
907 1821 943 1849 et
960 1811 1119 1864 quidem
1135 1812 1222 1863 jure
1238 1809 1411 1854 fortasse,
1435 1809 1496 1848 sed
1518 1818 1645 1848 tamen
1663 1821 1739 1850 non

340 1877 601 1931 graviffimum
623 1878 675 1915 est
695 1878 960 1916 testimonium
985 1877 1262 1915 multitudinis.
1310 1877 1353 1914 In
1374 1876 1483 1914 omni
1513 1876 1619 1914 enim
1649 1887 1739 1922 arte,

340 1944 400 1981 vel
434 1943 571 1988 studio,
602 1943 661 1981 vel
696 1944 827 1995 quavis
857 1942 1024 1987 scientia,
1066 1943 1125 1980 vel
1160 1942 1198 1979 in
1232 1941 1310 1994 ipsa
1344 1941 1498 1985 virtute,
1543 1943 1740 1994 optimum

339 2010 512 2062 quidque
532 2009 761 2047 rarissimum
781 2009 847 2047 est.
907 2011 966 2047 Ac
988 2008 1087 2047 mihi
1109 2008 1282 2061 quidem,
1315 2008 1419 2060 quod
1439 2017 1476 2045 et
1508 2007 1584 2060 ipse
1616 2009 1740 2047 bonus

339 2076 397 2113 vir
416 2074 506 2120 fuit,
527 2084 565 2113 et
586 2076 702 2113 multi
723 2076 905 2127 Epicurei
932 2074 1102 2120 fuerunt,
1124 2085 1162 2112 et
1180 2074 1296 2112 hodie
1317 2073 1416 2118 sunt,
1438 2083 1476 2110 et
1497 2074 1536 2110 in
1558 2074 1739 2112 amicitiis

340 2141 483 2186 fideles,
513 2151 551 2179 et
571 2142 610 2179 in
630 2142 736 2179 omni
769 2143 846 2179 vita
865 2141 1092 2185 constante8‚
1123 2150 1160 2178 et
1180 2153 1324 2193 graves,
1357 2153 1426 2178 nec
1446 2139 1657 2191 voluptate,
1680 2140 1739 2178 sed

338 2208 468 2246 officio
488 2208 643 2246 consilia
674 2208 926 2253 moderantes,
959 2207 1034 2246 hoc
1054 2208 1204 2245 videtur
1225 2207 1347 2259 major
1379 2207 1435 2243 vis
1466 2204 1669 2244 honestatis
1702 2216 1739 2244 et

339 2275 468 2312 minor
486 2274 707 2326 voluptatis.
750 2275 808 2312 Ita
826 2275 930 2312 enim
951 2275 1084 2313 vivunt
1104 2273 1278 2326 quidam,
1301 2282 1344 2310 ut
1363 2285 1497 2310 eorum
1525 2272 1602 2309 vita
1623 2270 1739 2309 refel:

340 2339 439 2376 latur
458 2340 578 2377 oratio
596 2354 605 2377 z
637 2349 750 2392 atque
784 2350 824 2379 ut
855 2341 980 2378 caeteri
1001 2340 1268 2378 existimantur
1288 2339 1413 2376 dicere
1434 2337 1588 2380 melius,
1620 2351 1736 2388 quam

339 2405 473 2449 facere,
492 2405 540 2443 sic
557 2405 599 2443 hi
620 2405 718 2443 mihi
740 2406 916 2445 videntur
932 2405 1054 2444 facere
1075 2407 1230 2450 melius,
1252 2418 1370 2457 quam
1391 2404 1527 2441 dicere.

395 2470 545 2509 XXVI.
579 2472 650 2509 Sed
670 2471 751 2509 haec
772 2471 870 2510 nihil
892 2472 975 2510 sane
995 2473 1040 2511 ad
1062 2486 1156 2510 rem.
1209 2472 1279 2510 Illa
1299 2470 1508 2512 videamus,
1540 2482 1624 2520 quae
1650 2482 1670 2505 a
1701 2478 1736 2506 te

342 2538 389 2576 de
406 2538 574 2575 amicitia
593 2537 694 2575 dicia
709 2538 808 2576 sunt.
832 2539 865 2576 E
887 2540 1029 2591 quibus
1050 2552 1173 2576 unum
1195 2536 1293 2575 mihi
1311 2535 1463 2573 videbar
1479 2534 1618 2587 abipso
1637 2535 1735 2587 Epi-

340 2618 434 2644 curo
455 2604 600 2642 dietum
623 2604 876 2656 cognoscere3
898 2606 1111 2644 amicitiam
1131 2618 1151 2642 a
1166 2604 1361 2656 voluptate
1382 2615 1457 2639 non
1474 2601 1574 2654 posse
1590 2601 1734 2645 divelli,

453 2671 596 2708 Tou.
632 2670 682 2709 11.
1407 2668 1443 2706 R
