2330 2983
521 260 593 299 128
932 260 1034 298 DE
1120 259 1503 299 FINIBUS

515 371 600 408 quae
622 355 877 409 Peripatetici,
909 369 994 408 quae
1014 357 1133 395 Stoici
1157 357 1306 403 dicunt,
1339 357 1484 411 semper
1516 357 1588 396 tibi
1607 357 1647 397 in
1668 371 1732 398 ore
1752 357 1852 405 sunt,
1873 361 1915 399 in

509 421 682 472 judiciis,
721 421 762 458 in
783 421 926 466 senatu,
956 421 1115 474 qfficium,
1146 424 1365 476 aequitatem,
1397 423 1621 476 dtgnitatem,
1641 424 1767 476 fidem,
1799 427 1913 471 rec‘la,

514 487 664 538 honesta,
696 485 805 539 digna
834 487 991 539 imperia,
1021 487 1129 541 digna
1156 490 1285 541 populo
1314 491 1484 534 Romano,
1515 491 1630 528 omnia
1655 491 1819 543 pericula
1844 500 1916 544 pro

515 552 708 604 republica,
740 553 832 591 mori
840 562 910 606 pro
923 554 1069 606 patria.
1130 556 1227 593 Haec
1246 569 1337 594 cum
1359 555 1540 608 loqueris,
1563 569 1631 594 nos
1655 557 1813 595 barones
1833 557 1915 596 stu-

513 631 674 670 pemus;
698 627 740 655 tu
760 618 937 656 videlicet
954 628 1084 658 tecum
1104 619 1180 672 ipse
1200 620 1312 658 rides.
1336 621 1441 659 Nam
1458 621 1558 659 inter
1578 621 1644 660 ista
1664 632 1743 660 tam
1760 623 1914 675 magni-

514 683 587 721 fica
616 683 729 721 verba
761 693 916 737 tamque
948 685 1137 738 praeclara,
1160 698 1236 724 non
1267 685 1383 724 habet
1412 687 1539 724 ullum
1570 687 1744 740 voluptas
1765 688 1913 733 locum,

514 762 592 786 non
612 749 730 787 modo
750 749 827 794 illa,
863 763 980 802 quam
1001 751 1041 788 in
1062 759 1174 788 motu
1204 750 1275 789 esse
1294 751 1437 796 dicitis,
1468 765 1586 803 quam
1605 765 1741 791 omnes
1762 754 1912 798 urbani,

515 815 658 859 rustici,
688 828 837 859 omnes,
868 816 1043 868 inquam,
1074 817 1142 868 qui
1163 817 1300 855 Latine
1320 816 1547 868 loquuntur,
1582 818 1823 870 voluptatem
1844 832 1914 857 vo-

515 890 603 917 cant
619 898 630 924 ;
663 879 724 918 sed
744 893 790 917 ne
811 879 892 918 haec
913 881 1074 933 quidem
1093 881 1250 926 stabilis,
1282 895 1413 934 quam,
1443 891 1579 935 praeter
1597 895 1679 928 vos,
1711 897 1828 923 nemo
1845 897 1915 937 ap-

512 947 631 999 pellat
646 947 899 999 voluptatem.

569 1013 721 1051 XXIV.
755 1013 868 1058 Vide,
890 1026 937 1051 ne
957 1027 1034 1052 non
1056 1014 1190 1053 debeas
1210 1015 1335 1053 verbis
1358 1015 1492 1054 nostris
1513 1017 1584 1060 uti,
1607 1016 1801 1055 sententiis
1822 1017 1912 1055 tuis.

515 1079 632 1130 Qod
659 1079 685 1117 s1
706 1079 858 1118 vultum
880 1079 966 1124 tibi,
999 1080 1025 1118 si
1056 1081 1240 1119 incessum
1260 1081 1437 1134 fingeres,
1465 1095 1544 1134 quo
1563 1083 1714 1136 gravior
1731 1083 1913 1128 viderere,

514 1158 592 1183 non
612 1145 701 1183 esses
718 1146 774 1183 tui
789 1145 923 1184 sunilis
941 1160 950 1184 ε
974 1146 1086 1184 verba
1101 1155 1143 1185 tu
1156 1146 1291 1200 fingas,
1305 1157 1343 1186 et
1362 1161 1404 1186 ea
1423 1148 1540 1193 dicas,
1557 1163 1641 1202 quae
1658 1162 1736 1188 non
1751 1149 1886 1188 sentias
1900 1168 1912 1194 3

512 1221 577 1249 aut
597 1212 726 1256 etiam,
749 1221 791 1250 ut
810 1211 1003 1257 vestitum,
1035 1212 1084 1251 s1c
1104 1212 1330 1252 sententiam
1357 1213 1495 1253 habeas
1515 1216 1629 1253 aliam
1649 1216 1913 1260 domesticam,

513 1277 628 1315 aliam
648 1277 850 1322 forensem,
881 1288 924 1316 ut
944 1279 983 1315 in
1006 1277 1131 1316 fronte
1149 1279 1350 1317 ostentatio
1370 1281 1428 1325 fit,
1459 1281 1564 1319 intus
1590 1283 1725 1320 veritas
1741 1281 1914 1320 occulte-

513 1344 604 1381 tur?
632 1343 732 1387 vide,
764 1343 902 1395 quaeso,
934 1345 1132 1382 rectumne
1152 1344 1209 1383 fit.
1241 1345 1348 1383 Mihi
1370 1346 1530 1398 quidem
1550 1360 1601 1385 eae
1620 1361 1715 1385 verae
1736 1347 1914 1386 videntur

512 1409 727 1461 opiniones,
759 1421 844 1461 quae
863 1407 1042 1454 honestae‚
1073 1423 1158 1461 quae
1178 1409 1401 1455 laudabiles,
1432 1424 1518 1463 quae
1540 1411 1725 1464 gloriosae,
1756 1425 1842 1465 quae
1873 1414 1913 1451 in

512 1474 655 1519 senatu,
678 1488 763 1526 quae
783 1474 883 1527 apud
904 1475 1108 1527 populum,
1131 1489 1215 1527 quae
1236 1476 1275 1514 in
1296 1477 1405 1515 omni
1432 1486 1537 1515 coetu
1557 1477 1803 1531 concilioque
1823 1491 1913 1532 pro-

512 1539 674 1578 ferendae
695 1539 766 1578 sint
778 1558 790 1584 ς
821 1553 868 1577 ne
885 1540 923 1578 id
943 1553 1019 1578 non
1042 1540 1180 1593 pudeat
1201 1540 1350 1586 sentire,
1373 1543 1478 1594 quod
1498 1543 1637 1595 pudeat
1657 1544 1796 1583 dicere.

568 1606 764 1644 Amicitia:
785 1619 871 1643 vero
892 1605 999 1644 locus
1020 1606 1087 1651 ubi
1107 1606 1179 1644 effe
1196 1607 1330 1660 potest,
1360 1617 1425 1646 aut
1455 1609 1542 1660 quis
1563 1609 1710 1648 amicus
1736 1609 1807 1648 esse
1826 1611 1912 1649 cui-

511 1685 642 1724 quam,
674 1685 792 1724 quem
813 1685 889 1710 non
918 1671 1046 1724 ipsum
1077 1681 1181 1711 amet
1209 1682 1366 1726 propter
1393 1673 1550 1727 ipsum?
1583 1675 1691 1727 Qid
1711 1684 1841 1714 autem
1861 1676 1914 1714 est

512 1752 650 1783 amare,
681 1752 702 1776 e
729 1752 807 1791 quo
836 1752 976 1777 nomen
1006 1739 1185 1777 amicitiae
1205 1740 1365 1778 duc‘tum
1385 1740 1452 1785 est,
1484 1741 1551 1779 nisi
1573 1741 1671 1779 velle
1702 1742 1814 1781 bonis
1842 1743 1912 1781 ali-

510 1817 627 1856 quem
648 1805 747 1842 affici
768 1817 886 1857 quam
906 1805 1101 1850 maximis,
1117 1806 1234 1843 etiam
1253 1806 1278 1844 fi
1299 1806 1344 1844 ad
1365 1806 1400 1844 se
1420 1820 1467 1846 ex
1488 1807 1532 1845 iis
1554 1806 1653 1846 nihil
1675 1809 1828 1847 redeat?
1861 1809 1913 1847 Et

510 1871 669 1922 quidem
691 1870 853 1923 prodest,
885 1871 1027 1924 inquit,
1056 1871 1154 1910 mihi
1175 1885 1220 1910 eo
1238 1871 1309 1910 esse
1329 1873 1474 1911 animo.
1527 1875 1658 1913 Immo
1679 1874 1799 1912 videri
1831 1873 1913 1913 for-

512 1936 612 1974 taffe.
673 1936 758 1975 Esse
777 1937 898 1982 enim,
932 1937 999 1975 nifi
1020 1938 1106 1982 eris,
1130 1951 1205 1976 non
1227 1948 1348 1991 potes.
1400 1940 1482 1991 Qi
1510 1949 1638 1978 autem
1658 1939 1729 1978 ess‘e
1755 1941 1913 1994 poteris,

509 2002 577 2041 nisi
595 2012 631 2040 te
646 2016 753 2041 amor
768 2002 845 2056 ipse
858 2003 1000 2056 ceperit
1016 2004 1028 2040 ?
1050 2004 1155 2055 quod
1169 2017 1260 2048 non,
1278 2004 1461 2042 subducta
1478 2006 1656 2043 utilitatis
1675 2006 1834 2051 ratione,
1851 2006 1912 2044 ef-

509 2069 572 2107 fici
595 2068 700 2112 solet,
723 2068 782 2106 sed
803 2069 926 2121 ipsum
954 2083 999 2107 ex
1019 2069 1052 2107 se
1068 2070 1202 2115 oritur,
1220 2079 1256 2108 et
1279 2070 1338 2108 sua
1358 2070 1490 2123 sponte
1513 2071 1690 2109 nascitur.
1725 2073 1778 2109 At
1805 2072 1912 2110 enim

510 2135 644 2187 sequor
665 2135 885 2173 utilitatem.
929 2135 1106 2174 Manebit
1127 2150 1217 2189 ergo
1237 2137 1408 2174 amicitia
1428 2146 1506 2176 tam
1527 2138 1607 2182 diu,
1631 2151 1748 2190 quam
1769 2138 1834 2176 diu
1857 2138 1912 2176 sc-

509 2211 650 2253 quetur
672 2201 841 2245 utilitas;
874 2211 925 2246 et,
949 2201 972 2239 si
996 2202 1139 2240 utilitas
1156 2203 1369 2241 amicitiam
1391 2203 1611 2249 constituet,
1636 2204 1745 2242 tollet
1765 2204 1911 2243 eadem.

511 2267 581 2305 Sed
603 2267 695 2319 quid
716 2280 800 2320 ages
823 2268 990 2311 tandem,
1014 2268 1038 2306 si
1060 2268 1206 2306 utilitas
1227 2269 1273 2307 ab
1295 2270 1478 2314 amicitia,
1502 2279 1543 2307 ut
1565 2269 1607 2307 fit
1630 2269 1737 2323 saepe,
1757 2269 1909 2308 defece-

511 2334 559 2371 rit
579 2334 591 2370 ?
626 2333 882 2386 Relinquesne
900 2334 913 2371 ?
933 2348 1017 2386 quae
1040 2335 1104 2372 ista
1125 2335 1295 2373 amicitia
1315 2335 1363 2373 cst
1381 2336 1393 2372 ?
1428 2336 1628 2374 Retinebis
1649 2336 1660 2372 ?
1682 2337 1749 2389 qui
1769 2350 1912 2375 conve-

512 2399 596 2436 nit?
619 2399 712 2451 quid
733 2400 839 2437 enim
855 2400 900 2438 de
918 2401 1088 2438 amicitia
1109 2401 1290 2445 statueris,
1306 2401 1423 2439 vides.
1455 2402 1516 2440 Ne
1535 2403 1572 2440 in
1592 2403 1728 2440 odium
1746 2403 1911 2447 veniam,

511 2464 535 2501 li
554 2465 722 2503 amicum
740 2465 916 2504 destitero
933 2466 1043 2504 tueri.
1073 2467 1250 2506 Primum
1272 2480 1340 2504 cur
1357 2466 1421 2505 ista
1440 2481 1494 2505 res
1512 2468 1626 2521 digna
1645 2468 1736 2507 odio
1755 2468 1821 2513 est,
1845 2468 1911 2506 nifi

511 2530 614 2582 quod
637 2532 686 2568 cst
710 2532 860 2584 turpis?
893 2533 1010 2584 Qod
1031 2533 1069 2577 fi,
1097 2547 1142 2571 ne
1168 2547 1247 2586 quo
1275 2533 1526 2573 incommodo
1543 2535 1718 2579 afficiare,
1752 2548 1827 2574 non
1852 2548 1910 2572 re-

509 2597 658 2650 linques
679 2598 846 2636 amit-mn
864 2614 871 2637 :
906 2608 1047 2644 tamen,
1068 2613 1112 2638 nc
1132 2599 1206 2639 sine
1222 2599 1349 2639 fructu
1371 2601 1545 2654 alligatus
1565 2601 1624 2647 ἧς,
1646 2611 1688 2640 ut
1709 2601 1908 2645 moriatur,
