2330 2983
943 295 1169 351 [435]

1009 580 1115 617 DE

417 790 991 853 NATURA
1114 787 1700 857 DEORUM,

503 1070 1623 1125 LIBER'SECUNDUS.

366 1339 401 1379 1,
557 1329 648 1369 UAE
668 1343 761 1368 cum
786 1330 902 1368 Cotta
921 1327 1085 1373 dixisset,
1107 1337 1193 1367 tum
1214 1326 1401 1370 Velleius,
1423 1324 1496 1364 Nae
1516 1337 1601 1376 ego,
1623 1322 1764 1375 inquit,

423 1333 556 1484 Q
585 1396 776 1440 incautus,
808 1395 878 1447 qui
897 1408 988 1432 cum
1009 1394 1258 1438 Academico,
1286 1401 1323 1430 et
1343 1391 1478 1429 eodem
1500 1389 1649 1428 rhetore
1669 1402 1765 1426 con-

584 1460 690 1513 gredi
710 1469 868 1498 conatus
889 1459 986 1498 sum.
1030 1459 1137 1498 Nam
1158 1471 1282 1510 neque
1310 1456 1535 1495 indisertum
1556 1453 1766 1493 Academi-

365 1540 462 1565 cum
483 1526 774 1579 pertimuiffem‚
809 1539 878 1564 nec
898 1526 974 1564 fine
1005 1525 1071 1563 ista
1090 1522 1334 1577 philosophia
1353 1521 1559 1565 rhetorem,
1591 1519 1767 1572 quamvis

369 1593 631 1643 eloquentem.
655 1591 795 1641 Neque
814 1591 925 1626 enim
941 1589 1102 1626 flumine
1120 1587 1332 1625 conturbor
1351 1586 1525 1624 inanium
1546 1585 1767 1628 verborum,

372 1670 443 1696 nec
463 1655 672 1694 subtilitate
692 1655 980 1699 sententiarum,
1009 1653 1036 1692 fi
1056 1653 1237 1692 orationis
1258 1652 1310 1691 est
1329 1652 1489 1690 ficcitas.
1535 1652 1605 1690 Tu
1622 1659 1766 1694 autem,

372 1723 501 1766 Cotta,
522 1730 682 1773 utraque
702 1733 740 1758 re
759 1720 922 1758 valuisti.
954 1721 1107 1758 Corona
1126 1719 1212 1764 tibi,
1234 1728 1271 1756 et
1285 1718 1436 1770 judices
1454 1715 1672 1754 defuerunt.
1697 1715 1769 1753 Sed

369 1787 418 1826 ad
436 1787 505 1825 ista
522 1787 626 1825 alias.
660 1787 781 1825 Nunc
802 1785 1019 1829 Lucilium,
1036 1785 1062 1823 fi
1084 1784 1152 1837 ipsl
1172 1782 1428 1822 commodum
1447 1782 1514 1827 est,
1535 1782 1751 1819 audiamus.

416 1853 527 1891 Tum
547 1852 709 1896 Balbus,
732 1851 914 1890 Eundem
934 1850 1115 1903 equidem
1135 1849 1292 1887 mallem
1313 1848 1441 1886 audire
1462 1849 1635 1892 Cottam,
1657 1847 1767 1891 dum,

371 1931 447 1972 qua
475 1917 695 1970 eloquentia
722 1916 835 1955 falsos
856 1918 962 1955 Deos
992 1916 1154 1960 sustulit,
1188 1915 1321 1953 eidem
1349 1927 1456 1952 veros
1487 1913 1656 1952 inducat.
1703 1912 1771 1950 Est

372 1984 479 2022 enim
498 1992 536 2021 et
553 1982 787 2037 philosophi,
808 1991 846 2020 et
863 1981 1077 2027 Pontificis,
1098 1990 1136 2019 et
1151 1982 1288 2025 Cottae‚
1307 1980 1354 2017 de
1374 1980 1462 2018 Diis
1483 1978 1768 2017 immortalibus

373 2047 512 2087 habere
546 2062 625 2087 non
655 2056 843 2086 errantem
875 2057 913 2086 et
942 2061 1094 2101 vagam,
1126 2057 1170 2085 ut
1191 2046 1431 2090 Academici,
1465 2045 1540 2090 sed,
1577 2055 1618 2083 ut
1640 2044 1768 2088 nostri,

374 2114 547 2153 stabilem
569 2123 790 2167 certamque
809 2113 1050 2152 sententiam.
1083 2114 1188 2152 Nam
1210 2121 1342 2150 contra
1362 2112 1580 2164 Epicurum
1602 2111 1686 2149 satis
1707 2110 1768 2148 su-

372 2194 514 2233 perque
533 2180 680 2218 dietum
701 2180 765 2218 est.
798 2180 869 2218 Sed
889 2194 980 2218 aveo
999 2179 1142 2223 audire,
1165 2189 1207 2216 tu
1229 2177 1318 2231 ipse,
1341 2178 1470 2222 Cotta,
1493 2178 1587 2230 quid
1610 2177 1758 2215 sentias.

429 2248 509 2290 An,
545 2246 687 2298 inquit,
708 2245 853 2283 oblitus
874 2259 926 2290 es,
954 2245 1058 2297 quod
1079 2245 1191 2283 initio
1212 2244 1390 2289 dixerim,
1413 2244 1562 2282 facilius
1583 2257 1659 2288 me,
1683 2243 1770 2279 tali-

378 2313 448 2350 bus
469 2312 675 2365 praesertim
696 2311 742 2349 de
762 2312 888 2356 rebus,
908 2311 1002 2364 quid
1023 2325 1098 2350 non
1121 2312 1313 2355 sentirem,
1332 2325 1448 2363 quam
1470 2311 1563 2362 quid
1578 2309 1769 2353 sentirem,

378 2376 478 2430 poffe
498 2377 623 2415 dicere
641 2377 653 2413 ?
685 2378 802 2428 Qod
824 2378 848 2415 s1
870 2376 1049 2415 haberem
1071 2377 1230 2430 aliquid,
1259 2377 1363 2429 quod
1385 2377 1562 2428 liqueret,
1587 2385 1713 2412 tamen
1736 2384 1772 2412 te

377 2441 539 2480 viciffim
562 2442 690 2480 audire
709 2443 861 2487 vellem,
883 2457 976 2480 cum
997 2442 1073 2495 ipse
1094 2452 1171 2480 tam
1196 2443 1318 2480 multa
1338 2440 1526 2478 dixii'i'em.

434 2509 543 2546 Tum
566 2508 734 2553 Balbus;
767 2510 909 2547 Geram
932 2509 1003 2547 tibi
1025 2523 1187 2552 morem,
1210 2518 1247 2546 et
1268 2521 1391 2559 agam,
1423 2520 1539 2558 quam
1562 2505 1776 2544 brevisiime

379 2582 524 2626 potero.
550 2574 722 2617 Etenim,
741 2575 924 2612 convictis
942 2574 1101 2626 Epicuri
1122 2574 1327 2617 erroribus,
1348 2572 1460 2623 longa
1480 2572 1524 2609 de
1543 2584 1626 2609 mea
1643 2571 1775 2624 dispu-

385 2637 527 2677 tatione
548 2638 711 2677 detracta
729 2639 849 2677 oratio
868 2639 934 2677 est.
979 2639 1155 2677 Omnino
1175 2637 1352 2675 dividunt
1385 2636 1498 2674 nostri
1529 2646 1647 2675 totam
1669 2637 1777 2675 istam

1339 2703 1355 2741 I
1377 2703 1388 2740 i
1409 2703 1421 2741 i
1454 2716 1474 2741 2
