2330 2983
686 283 957 322 LIBER
1020 283 1377 322 PRIMUS.
1643 297 1716 337 431

343 380 442 418 unde
462 379 596 419 habeat
616 381 682 418 ista
701 382 806 419 Deus
828 390 929 425 tuus,
960 381 1093 425 video,
1126 394 1195 419 nec
1214 394 1292 432 quo
1311 379 1427 418 modo
1452 388 1591 418 utatur.
1641 381 1722 419 Lo-

343 446 532 498 cupletior
551 446 668 498 igitur
686 445 893 484 hominum
924 455 1055 483 natura
1083 446 1128 483 ad
1148 446 1254 483 beate
1273 446 1478 484 vivendum
1503 445 1569 490 est,
1605 459 1722 498 quam

344 511 531 554 Deorum,
553 510 655 561 quod
676 510 849 561 pluribus
868 509 1069 561 generibus
1089 508 1230 546 fruitur
1247 510 1503 561 voluptatum.

397 577 451 612 At
470 574 536 612 has
557 574 712 612 leviores
743 575 850 612 ducis
871 574 1094 626 voluptates,
1125 574 1266 625 quibus
1287 574 1388 625 quasi
1410 574 1578 612 titillatio
1601 575 1721 627 (Epi-

342 639 424 676 curi
443 639 548 676 enim
566 637 642 676 hoc
662 639 820 676 verbum
841 638 915 690 est)
938 638 1102 676 senfibus
1121 636 1336 676 adhibetur.
1360 637 1570 690 Qousque
1590 639 1688 677 ludis
1709 640 1722 675 ?

342 704 448 742 Nam
479 703 592 742 Philo
625 704 740 741 etiam
771 703 892 741 noster
917 702 1014 740 ferre
1034 717 1111 741 non
1132 712 1291 756 poterat,
1312 703 1494 757 aspernari
1515 704 1723 755 Epicureos

342 769 476 806 molles
495 778 533 806 et
551 767 725 806 delicatas
746 768 973 820 voluptates.
1022 768 1182 807 Summa
1211 769 1317 807 enim
1347 768 1533 806 memoria
1550 782 1723 821 pronun-

342 833 459 870 tiabat
479 832 660 884 plurimas
682 832 841 884 Epicuri
860 832 1074 876 sententias,
1095 831 1155 870 his
1186 832 1271 885 ipfis
1291 833 1428 877 verbis,
1459 832 1600 884 quibus
1620 843 1725 872 erant

343 897 501 949 scriptae.
533 898 748 936 Metrodori
768 911 867 942 vero,
889 898 956 949 qui
970 897 1022 935 est
1041 898 1201 950 Epicuri
1216 899 1362 950 collega
1380 898 1580 951 sapientiae,
1602 899 1726 937 multa

342 963 624 1015 impudentiora
661 963 854 1001 recitabat.
918 961 1081 1000 Accusat
1110 963 1215 1001 enim
1246 965 1526 1007 Timocratem,
1569 962 1725 1003 fratrem

342 1027 468 1072 suum,
490 1027 750 1071 Metrodorus,
785 1027 889 1079 quod
919 1027 1068 1065 dubitet
1091 1029 1233 1072 omnia,
1262 1042 1346 1080 quae
1370 1029 1416 1066 ad
1436 1029 1584 1066 beatam
1604 1029 1725 1068 vitam

341 1093 540 1144 pertineat,
583 1101 712 1130 ventre
746 1093 873 1130 metiri
892 1107 900 1130 :
943 1106 1067 1144 neque
1099 1093 1138 1130 id
1182 1093 1296 1130 semel
1331 1093 1439 1138 dicit,
1481 1092 1542 1129 sed
1576 1091 1722 1145 saepius,

342 1159 523 1196 Annuere
543 1166 580 1196 te
598 1158 708 1196 video
722 1176 735 1202 5
767 1167 855 1195 nota
874 1157 978 1195 enim
995 1158 1067 1195 tibi
1091 1157 1188 1196 sunt.
1221 1157 1435 1196 Proferrem
1455 1156 1587 1201 libros,
1609 1157 1635 1195 fi
1655 1173 1724 1197 ne-

341 1235 458 1275 gares.
481 1223 620 1275 Neque
640 1236 743 1261 nunc
764 1221 1010 1275 reprehendo,
1035 1222 1139 1275 quod
1157 1223 1203 1261 ad
1222 1223 1459 1276 voluptatem
1478 1222 1608 1260 omnia
1626 1223 1723 1262 refe-

342 1297 484 1332 rantur,
517 1288 605 1338 (alia
624 1287 676 1325 est
695 1301 736 1324 ea
755 1287 933 1339 quaestio)
967 1287 1027 1325 sed
1046 1287 1181 1332 doceo,
1214 1288 1318 1326 Deos
1338 1288 1475 1326 vestros
1495 1284 1566 1324 efl‘e
1584 1289 1727 1342 volup·
1747 1330 1751 1334 ,

341 1353 428 1390 tatis
448 1361 617 1404 expertes
630 1369 643 1397 ;
673 1352 725 1389 ita
743 1351 861 1389 vestro
873 1351 1022 1403 judicio
1038 1366 1084 1390 ne
1104 1353 1230 1391 beatos
1249 1353 1420 1404 quidem.

384 1417 493 1455 XLI.
524 1418 579 1454 At
599 1416 727 1455 dolore
747 1426 892 1455 vacant.
925 1418 1038 1455 Satin'
1055 1416 1107 1455 est
1125 1418 1165 1455 id
1184 1418 1230 1456 ad
1250 1418 1357 1457 illam
1377 1420 1634 1459 abundantem
1651 1420 1722 1459 bo-

342 1482 401 1520 nis
431 1483 550 1521 vitam
580 1482 860 1520 beatiffimam?
892 1483 1059 1535 Cogitat,
1090 1483 1284 1535 inquiunt,
1315 1485 1465 1537 affidue
1478 1487 1632 1524 beatum
1653 1486 1724 1524 ess’e

343 1548 378 1586 se
393 1576 405 1593 ‚
428 1547 544 1586 habet
563 1549 668 1586 enim
687 1547 785 1586 nihil
805 1548 922 1591 aliud,
941 1549 1045 1598 quod
1064 1549 1179 1599 agitet
1199 1551 1237 1585 in
1257 1559 1398 1587 mente.
1431 1550 1724 1603 Comprehende

342 1613 462 1665 igitur
480 1612 622 1655 animo,
643 1620 681 1649 et
699 1623 867 1663 propone
886 1619 971 1648 ante
990 1611 1136 1656 oculos,
1166 1613 1296 1650 Deum
1316 1612 1414 1651 nihil
1434 1615 1536 1653 aliud
1556 1616 1597 1653 in
1614 1617 1722 1654 omni

342 1677 558 1722 aeternitate,
579 1676 661 1721 nisi,
690 1675 795 1714 Mihi
802 1675 954 1728 pulchre
971 1675 1027 1729 cst,
1059 1686 1109 1721 et,
1130 1678 1208 1730 Ego
1227 1678 1350 1717 beatus
1353 1680 1452 1732 sum,
1473 1681 1720 1732 cogitantem.

340 1742 426 1782 Nec
447 1751 575 1781 tamen
594 1741 718 1786 video,
753 1755 831 1793 quo
850 1741 967 1779 modo
987 1754 1063 1780 non
1085 1751 1254 1780 vereatur
1279 1743 1346 1781 iste
1366 1744 1472 1782 Deus
1499 1745 1643 1790 beatus,
1674 1759 1723 1783 ne

338 1808 511 1853 intereat,
531 1820 624 1845 cum
639 1806 716 1844 fine
735 1806 812 1844 ulla
830 1805 1100 1844 intermiffione
1118 1807 1300 1859 pulsetur,
1331 1808 1569 1861 agiteturque
1590 1810 1720 1848 incur-

339 1872 441 1911 sione
469 1882 685 1911 atomorum
715 1871 955 1924 sempiterna,
987 1885 1161 1924 cumque
1187 1886 1232 1910 ex
1263 1872 1343 1925 ipso
1371 1874 1556 1927 imagines
1578 1875 1725 1928 semper

339 1936 511 1975 affluant.
541 1938 600 1975 Ita
619 1949 688 1974 nec
708 1936 838 1975 beatus
856 1937 908 1974 est
926 1937 1042 1975 vester
1060 1938 1182 1982 Deus,
1203 1951 1273 1975 nec
1293 1947 1465 1977 aeternus.

394 2004 451 2040 At
469 2001 584 2039 etiam
602 2001 649 2039 de
668 2001 874 2047 sanctitate,
906 2001 952 2039 de
970 2002 1109 2054 pietate
1127 2002 1298 2041 adversus
1320 2004 1436 2048 Deos,
1459 2003 1574 2042 libros
1602 2004 1720 2057 scrip-

342 2066 386 2106 fit
404 2067 608 2120 Epicurus.
648 2067 705 2104 At
725 2080 802 2119 quo
820 2067 938 2105 modo
956 2067 997 2104 in
1016 2065 1077 2106 his
1097 2067 1268 2120 loquitur
1285 2069 1298 2104 ?
1341 2070 1397 2106 Ut
1418 2070 1719 2115 Coruncanium,

341 2141 407 2171 aut
426 2133 644 2177 Scaevolam,
673 2132 878 2171 Pontifices
909 2133 1113 2177 maximos,
1147 2142 1184 2170 te
1213 2133 1340 2171 audire
1359 2134 1486 2179 dicas;
1517 2149 1594 2174 non
1615 2149 1719 2180 eum,

341 2198 410 2249 qui
439 2197 628 2234 sustulerit
660 2209 817 2234 omnem
849 2196 1023 2235 funditus
1057 2197 1279 2250 religionem
1295 2216 1307 2243 ς
1352 2213 1421 2237 nec
1455 2201 1645 2244 manibus,
1678 2209 1720 2237 ut

342 2263 502 2306 Xerxes,
535 2262 599 2300 sed
628 2262 850 2307 rationibus,
885 2263 1060 2300 Deorum
1086 2263 1366 2302 immortalium
1402 2266 1542 2318 templa
1575 2274 1611 2302 et
1642 2278 1718 2302 aras

343 2327 527 2365 everterit.
559 2327 666 2378 Qid
683 2327 735 2364 est
753 2328 870 2372 enim,
888 2340 955 2365 cur
975 2328 1078 2366 Deos
1099 2328 1145 2366 ab
1161 2327 1385 2367 hominibus
1406 2331 1582 2367 colendos
1603 2330 1717 2373 dicas,

343 2406 435 2430 cum
456 2392 525 2430 Dii
544 2405 621 2430 non
649 2392 767 2431 modo
784 2392 960 2432 homines
980 2406 1057 2431 non
1086 2394 1227 2439 colant,
1259 2395 1319 2433 sed
1339 2395 1498 2433 omnino
1519 2393 1616 2431 nihil
1646 2408 1717 2432 cu-

343 2468 440 2503 rent,
461 2457 557 2495 nihil
578 2467 689 2510 agant
707 2458 720 2495 ?

399 2525 453 2560 At
483 2523 534 2561 est
562 2537 695 2561 eorum
725 2524 864 2562 eximia
883 2525 1055 2577 quaedam
1075 2525 1320 2578 praestansque
1342 2535 1484 2569 natura,
1512 2534 1554 2562 ut
1582 2537 1624 2561 ea
1648 2525 1716 2561 de·-

341 2587 429 2626 beat
448 2587 524 2640 ipsa
540 2601 608 2642 per
625 2587 662 2627 se
681 2588 725 2627 ad
745 2587 780 2627 se
799 2588 1000 2628 colendam
1020 2589 1153 2628 elicere
1171 2589 1390 2643 sapientem.
1420 2591 1485 2628 An
1507 2589 1717 2642 quidquam
