2330 2983
634 261 707 289 122
1054 251 1155 288 DE
1215 250 1597 289 FINIBUS

627 347 696 398 ipfi
716 359 796 391 vos,
827 346 895 398 qui
926 347 1055 384 omnia
1079 347 1124 385 ad
1156 347 1321 387 vestrum
1350 349 1620 394 commodum,
1642 357 1694 394 et,
1725 358 1768 388 ut
1788 349 1854 402 ipfi
1875 349 2020 396 dicitis,

627 413 673 450 ad
703 412 940 465 voluptatem
971 412 1153 458 referatis,
1187 423 1314 453 tamen
1347 428 1390 452 ea
1417 414 1578 460 faciatis,
1609 429 1629 453 e
1659 416 1800 468 quibus
1831 425 2026 470 appareat,

626 491 703 516 non
724 478 961 531 voluptatem
982 493 1060 523 vos,
1093 479 1155 517 sed
1175 480 1364 525 officium,
1399 480 1504 533 sequi
1523 483 1535 518 ?
1566 480 1728 534 plusque
1747 483 1888 520 rectam
1908 491 2020 521 natu-

627 557 722 588 ram,
743 557 862 596 quam
883 545 1068 583 rationem
1088 559 1256 598 pravam,
1279 547 1400 584 valere
1418 547 1431 584 ?

682 611 720 648 Si
750 609 890 655 scieris,
921 611 1049 662 inquit
1084 612 1313 657 Carneades,
1342 612 1511 665 aspidem
1543 613 1694 651 occulte
1724 613 1838 651 latere
1858 613 2028 667 uspiam,

627 684 664 713 et
697 675 793 713 velle
823 676 994 728 aliquem
1015 676 1299 729 imprudentem
1335 677 1445 730 super
1477 691 1562 716 eam
1580 678 1743 724 affidere,
1773 679 1884 730 cujus
1917 691 2021 718 mors

625 742 700 780 tibi
719 741 1029 780 emolumenturn
1059 741 1189 780 futura
1218 742 1262 780 fit
1277 761 1289 787 5
1321 743 1497 795 improbe
1530 742 1678 789 feceris,
1711 744 1780 782 nifi
1811 744 2025 789 monueris,

626 820 674 845 ne
703 806 881 845 affideat:
912 806 974 844 sed
1003 807 1165 859 impune
1198 816 1342 853 tamen,
1373 808 1475 846 sciffe
1504 809 1611 846 enim
1642 818 1680 846 te
1704 808 1791 861 quis
1819 821 2024 862 coarguere

625 871 736 925 possit
756 872 770 909 ?
801 871 873 910 Sed
892 872 1010 910 nimis
1031 873 1155 910 multa
1172 887 1182 911 ε
1213 873 1455 926 perspicuum
1476 874 1529 912 est
1548 875 1667 919 enim,
1685 875 1753 912 nifi
1774 874 1945 927 aequitas,
1973 874 2023 913 fi-

625 939 704 984 des,
720 938 867 991 justitia
885 937 1173 992 proficiscantur
1191 953 1211 977 a
1226 949 1372 986 natura,
1393 950 1430 979 et
1451 941 1476 979 si
1495 941 1627 979 omnia
1645 939 1728 979 haec
1748 940 1795 979 ad
1815 940 2024 979 utilitatem

626 1004 849 1051 referantur,
878 1005 1008 1044 virum
1033 1005 1180 1045 bonum
1214 1020 1292 1046 non
1322 1006 1424 1061 poss‘e
1455 1007 1635 1061 reperiri:
1667 1007 1792 1060 deque
1820 1005 1882 1045 his
1908 1007 2022 1046 rebus

626 1072 711 1112 satis
732 1073 856 1111 multa
874 1073 915 1111 in
936 1072 1069 1112 nostris
1081 1073 1128 1112 de
1147 1073 1342 1128 republica
1361 1074 1468 1113 libris
1490 1073 1577 1112 sunt
1596 1074 1695 1113 dicta
1714 1087 1735 1111 a
1747 1073 1883 1113 Laelio.

679 1138 792 1177 XIX.
815 1137 1001 1177 Transfer
1019 1139 1123 1177 idem
1143 1139 1189 1177 ad
1207 1139 1451 1184 modestiam,
1468 1140 1526 1178 vel
1549 1140 1854 1193 temperantiam,
1869 1153 1954 1191 quae
1970 1139 2025 1177 est

624 1205 835 1257 moderatio
864 1205 1138 1257 cupiditatum,
1173 1205 1310 1243 rationi
1342 1205 1540 1244 obediens.
1599 1205 1740 1244 Satisne
1767 1219 1859 1258 ergo
1883 1205 2024 1259 pudori

622 1270 807 1315 consulat,
839 1270 865 1308 fi
896 1271 983 1322 quis
1005 1271 1080 1309 fine
1101 1270 1189 1309 teste
1209 1271 1362 1309 libidini
1382 1272 1538 1324 pareat?
1569 1273 1636 1310 An
1654 1271 1707 1310 est
1731 1272 1879 1324 aliquid
1900 1285 1966 1324 per
1985 1270 2021 1308 se

625 1337 750 1389 ipsum
771 1337 1016 1390 flagitiosum,
1038 1337 1155 1375 etiarn
1175 1338 1201 1375 fi
1223 1337 1329 1375 nulla
1343 1339 1552 1376 comitetur
1568 1337 1753 1376 infamia?
1776 1338 1885 1389 Qid
1904 1337 2021 1375 fortes

623 1403 723 1441 viri?
756 1403 1049 1456 voluptatumne
1079 1402 1237 1441 calculis
1269 1403 1463 1442 subductis
1487 1404 1663 1456 praelium
1684 1404 1832 1448 ineunt,
1868 1403 2020 1456 sangui-

623 1483 712 1508 nem
733 1483 802 1523 pro
822 1469 943 1522 patria
961 1467 1202 1521 profundunt
1218 1487 1230 1513 ;
1262 1482 1308 1507 an
1329 1469 1497 1522 quodam
1517 1469 1637 1507 animi
1658 1469 1789 1507 ardore
1808 1478 1923 1522 atque
1942 1469 2020 1506 im-

622 1546 713 1591 petu
744 1536 956 1574 concitati?
988 1536 1135 1573 Utrum
1168 1536 1320 1574 tandem
1341 1535 1483 1580 censes,
1518 1537 1730 1588 Torquate,
1768 1535 2024 1589 Imperiosum

623 1604 750 1647 illum,
772 1602 798 1640 fi
816 1601 940 1640 nostra
958 1601 1071 1639 verba
1097 1601 1258 1647 audiret,
1289 1611 1445 1640 tuamne
1476 1602 1521 1639 de
1553 1602 1587 1640 se
1606 1602 1817 1640 orationem
1839 1602 2020 1640 libentius

623 1669 844 1708 auditurum
864 1666 986 1711 fuisse,
1008 1680 1054 1705 an
1075 1680 1201 1705 meam
1219 1686 1230 1711 ;
1261 1680 1354 1705 cum
1373 1681 1444 1720 ego
1464 1667 1646 1712 dicerem,
1670 1666 1767 1705 nihil
1789 1681 1879 1705 eum
1897 1666 2022 1705 fecisse

623 1735 686 1774 sua
716 1733 838 1779 causa,
869 1733 1075 1785 omniaque
1108 1733 1356 1786 reipublic-335
1389 1744 1430 1771 tu
1458 1733 1591 1771 contra
1611 1733 1724 1778 nihil,
1758 1734 1825 1771 nili
1857 1733 1951 1771 sua?
1984 1733 2022 1771 Si

621 1815 711 1840 vero
742 1801 780 1839 id
813 1800 929 1838 etiam
962 1799 1163 1852 explanare
1193 1799 1321 1844 velles,
1353 1799 1591 1852 apertiusque
1622 1800 1780 1844 diceres,
1813 1798 1911 1837 nihil
1931 1812 2022 1837 eum

622 1867 761 1912 secisse,
784 1867 852 1905 nisi
868 1866 1074 1919 voluptatis
1094 1865 1215 1910 causa,
1230 1879 1308 1918 quo
1329 1866 1446 1904 modo
1461 1879 1552 1904 eum
1570 1866 1724 1904 tandem
1741 1866 1909 1904 laturum
1925 1864 2021 1903 fuis·

625 1935 658 1972 se
678 1933 869 1972 existimes
889 1933 901 1969 ?

683 1998 775 2038 Esto
793 2013 801 2037 :
823 1997 970 2043 fecerit,
991 1997 1016 2036 si
1039 1998 1089 2035 ita
1109 1998 1179 2042 νίς,
1194 1999 1415 2050 Torquatus
1435 2007 1588 2051 propter
1608 1997 1688 2036 suas
1709 1998 1916 2036 utilitates:
1939 2011 2021 2035 ma-

624 2066 662 2104 lo
681 2065 786 2103 enim
808 2065 946 2108 dicere,
968 2077 1084 2116 quam
1106 2064 1333 2116 voluptates,
1371 2064 1408 2101 in
1437 2074 1542 2101 tanto
1564 2063 1768 2116 praesertim
1790 2065 1892 2102 viro:
1928 2078 2022 2102 num

622 2132 738 2170 etiam
758 2131 839 2183 ejus
860 2129 1006 2182 collega
1039 2131 1080 2168 P.
1106 2130 1265 2174 Decius,
1297 2130 1474 2182 princeps
1502 2130 1538 2167 in
1560 2143 1601 2167 ea
1621 2128 1768 2167 familia
1787 2129 2019 2174 consulatu&

622 2211 714 2236 cum
751 2197 785 2235 se
819 2197 1035 2240 devoveret,
1066 2206 1103 2234 et
1133 2210 1234 2248 equo
1265 2195 1421 2233 admiss‘o
1456 2196 1492 2233 in
1522 2196 1688 2233 mediam
1716 2197 1836 2234 aciem
1860 2196 2022 2234 Latino-

625 2277 712 2302 rum
743 2263 924 2306 irruebat,
956 2261 1101 2313 aliquid
1123 2262 1167 2299 dc
1189 2261 1451 2314 voluptatibus
1481 2261 1553 2299 suis
1575 2261 1797 2314 cogitabat?
1831 2262 1934 2300 Nam
1958 2262 2022 2299 ubi

623 2343 705 2367 cam
726 2338 889 2381 caperet,
916 2337 980 2365 aut
1001 2327 1168 2380 quando,
1191 2341 1282 2365 cum
1305 2327 1413 2364 sciret
1434 2325 1636 2365 confestim
1658 2326 1727 2365 cil'c
1749 2327 1991 2365 moriendum
2010 2345 2020 2371 ;

624 2409 784 2448 eamque
805 2404 970 2432 mortem
1002 2394 1213 2432 ardentiore
1246 2393 1368 2431 studio
1401 2404 1556 2446 peteret.
1589 2407 1705 2445 quam
1730 2394 1920 2447 Epicurus
1954 2407 2021 2432 vo-

626 2463 811 2513 luptatem
833 2461 1034 2514 petendam
1060 2469 1168 2513 putat
1189 2461 1200 2497 ?
1233 2460 1349 2511 Qud
1371 2460 1528 2512 quidem
1555 2461 1635 2512 ejus
1655 2459 1814 2505 iactum,
1838 2460 1903 2498 nili
1934 2458 2022 2497 cll'ct

618 2530 704 2580 jure
741 2528 951 2571 laud-itum,
982 2541 1056 2565 non
1084 2526 1171 2564 essct
1204 2527 1532 2578 imitatusqu.1rto
1563 2526 1761 2564 consulatu
1794 2525 1859 2564 suo
1891 2525 2019 2563 filius:

625 2607 747 2646 neque
779 2607 890 2646 porro
921 2607 966 2631 cx
998 2607 1043 2632 co
1078 2602 1202 2637 natuS,
1230 2606 1321 2630 cum
1352 2591 1497 2643 Pyrrho
1529 2592 1675 2630 bellum
1697 2605 1844 2644 gerens,
1877 2590 2020 2630 Consul
