2330 2983
646 238 920 277 LIBER
979 232 1409 291 QUARTUS.
1657 250 1729 291 ¹95

386 339 578 378 XXVIII.
611 340 762 392 Urgent
782 348 924 383 tamen,
946 348 983 376 et
1005 338 1102 377 nihil
1123 339 1339 377 remittunt.
1362 336 1574 390 Qoniam,
1597 337 1728 390 inqui-

330 414 416 450 unt,
438 418 552 442 omne
572 415 775 457 peccatum
807 404 1083 442 imbecillitatis
1113 413 1150 441 ct
1171 404 1430 442 inconstantiae
1450 404 1526 448 est;
1558 402 1638 441 haec
1660 416 1727 440 au-

330 479 409 508 tem
429 471 521 508 vitia
540 471 580 508 in
599 470 782 508 omnibus
802 469 924 507 stultis
957 482 1063 521 aeque
1084 482 1223 521 magna
1241 469 1328 508 sunt
1344 488 1355 513 ς
1388 469 1530 507 neceffe
1549 469 1600 506 est
1628 470 1729 522 paria

328 535 400 573 effe
420 546 585 589 peccata.
619 536 734 586 Qasi
755 548 844 573 vero
863 544 927 572 aut
947 535 1190 579 concedatur,
1212 535 1252 572 in
1271 535 1453 572 omnibus
1475 534 1596 572 stultis
1623 548 1729 586 aeque

329 615 467 654 mjigna
486 602 558 640 effe
576 601 683 646 vitia,
700 611 737 639 et
756 601 889 639 eadem
908 601 1175 639 imbecillitate
1195 610 1231 638 et
1252 600 1503 638 inconstantia
1519 601 1566 638 L.
1582 601 1727 638 Tubu-

328 667 413 706 lum
433 667 555 713 fuiss‘e,
590 681 667 721 qua
686 667 817 712 illum,
851 667 960 719 cujus
992 667 1022 704 is
1053 667 1329 705 condemnatus
1349 666 1402 704 est
1437 665 1645 719 rogatione,
1680 666 1725 703 P.

330 733 536 772 Scaevolam
553 753 564 778 3
596 743 635 772 et
654 733 755 787 quasi
777 733 877 771 nihil
895 733 996 771 inter
1014 747 1070 771 res
1090 746 1246 786 quoque
1278 733 1386 786 ipsas,
1414 733 1453 770 in
1474 732 1615 786 quibus
1636 744 1726 784 pec-

328 808 449 843 catur,
472 798 615 837 interfit
631 818 642 844 ;
675 808 732 844 ut,
753 813 831 851 quo
851 798 910 837 hae
931 799 1091 851 majores
1111 798 1322 837 minoresve
1342 799 1427 843 sint,
1449 812 1508 842 eo,
1529 811 1614 850 quae
1634 810 1726 850 pec-

328 875 464 903 centur
483 866 524 903 in
543 865 603 904 his
625 866 751 910 rebus,
772 875 837 903 aut
858 865 1000 917 majora
1018 865 1104 910 fint,
1125 874 1191 903 aut
1210 865 1373 903 minora.

382 932 517 983 Itaque
545 932 646 982 (jam
662 931 771 969 enim
790 930 1042 969 concludatur
1065 931 1204 983 oratio)
1231 929 1307 968 hoc
1335 944 1412 969 uno
1438 930 1532 967 vitio
1559 929 1729 967 maxime

327 995 428 1034 mihi
461 997 585 1048 premi
614 996 793 1034 videntur
819 997 876 1033 tui
897 996 1030 1041 Stoici,
1059 996 1166 1048 quod
1186 995 1221 1033 se
1240 995 1341 1048 poffe
1361 1004 1498 1048 putant
1516 995 1607 1032 duas
1628 1008 1725 1032 con-

325 1062 453 1099 trarias
475 1061 676 1099 sententias
706 1061 894 1099 obtinere.
926 1062 1035 1113 Qid
1060 1061 1165 1099 enim
1187 1061 1240 1099 est
1259 1071 1339 1099 tam
1357 1073 1586 1114 repugnans,
1607 1073 1726 1112 quam

324 1127 492 1165 eundem
511 1127 650 1172 dicere,
686 1127 791 1179 quod
810 1126 1015 1166 honestum
1035 1127 1095 1171 fit,
1130 1126 1254 1166 solum
1286 1126 1326 1164 id
1356 1127 1506 1165 bonum
1536 1125 1620 1170 effe,
1655 1127 1725 1178 qui

323 1192 440 1238 dicat,
461 1192 738 1245 appetitionem
762 1205 890 1231 rerum
909 1192 956 1231 ad
975 1191 1184 1230 vivendum
1204 1191 1584 1231 accommodatarum
1615 1205 1636 1228 a
1654 1204 1724 1228 na-

323 1268 409 1297 tura
427 1258 666 1312 profetaam?
698 1260 757 1298 Ita
788 1272 881 1298 cum
911 1271 954 1296 ea
973 1258 1108 1297 volunt
1127 1258 1301 1304 retinere,
1332 1272 1416 1311 quae
1436 1257 1619 1311 superiori
1639 1257 1724 1295 sen-

325 1325 454 1364 tentiae
474 1325 723 1369 conveniunt,
757 1325 799 1363 in
819 1324 1037 1363 Aristonem
1057 1324 1262 1362 incidunt:
1293 1337 1386 1363 cum
1414 1323 1456 1362 id
1482 1322 1653 1375 fugiunt,
1685 1337 1728 1361 re

322 1390 457 1429 eadem
477 1389 688 1428 defendunt
707 1404 792 1442 quae
813 1390 1057 1443 Peripatetici
1072 1409 1084 1435 ς
1109 1390 1223 1429 verba
1241 1399 1373 1429 tenent
1393 1389 1588 1428 mordicus
1604 1407 1616 1434 ;
1638 1403 1725 1441 quae

324 1456 448 1495 rursus
468 1457 564 1494 dum
584 1456 654 1494 fibi
683 1457 795 1497 evelli
815 1470 860 1494 ex
880 1469 944 1494 ore
970 1456 1122 1501 nolunt,
1153 1454 1381 1495 horridiores
1410 1455 1588 1500 evadunt,
1617 1455 1724 1508 aspe-

323 1523 454 1568 riores,
475 1522 644 1561 duriores
664 1531 703 1560 et
721 1523 905 1567 oratione,
926 1531 964 1560 et
984 1522 1172 1561 moribus.

378 1590 509 1642 Quam
539 1587 699 1626 illorum
719 1587 912 1626 tristitiam
931 1597 1046 1641 atque
1076 1587 1314 1641 asperitatem
1343 1586 1496 1641 fugiens
1517 1588 1722 1634 Panaetius,

322 1668 392 1694 nec
425 1655 673 1693 acerbitatem
705 1655 992 1700 sententiarum,
1026 1669 1097 1694 nec
1130 1654 1328 1693 differendi
1361 1654 1484 1708 spinas
1518 1655 1692 1708 probavit
1706 1673 1721 1700 ς

319 1719 473 1773 fuitque
493 1721 534 1759 in
565 1721 683 1759 altero
703 1735 839 1774 genere
870 1722 1018 1766 mitior,
1054 1721 1095 1759 in
1115 1721 1233 1759 altero
1252 1720 1435 1759 illustrior
1448 1739 1460 1766 3
1496 1721 1725 1774 semperque

318 1785 456 1825 habuit
484 1787 526 1825 in
556 1800 620 1825 ore
651 1787 868 1832 Platonem,
890 1786 1153 1832 Aristotelem,
1175 1787 1448 1832 Xenocratem,
1469 1785 1720 1840 Theophras-

318 1862 421 1898 tum,
439 1851 725 1899 Dicaearchum,
745 1863 790 1891 ut
808 1854 922 1907 ipsius
943 1853 1081 1907 scripta
1100 1853 1291 1892 declarant
1308 1868 1318 1891 :
1350 1866 1447 1906 quos
1468 1853 1629 1907 quidem
1646 1852 1721 1893 tibi

319 1919 479 1958 studiose
495 1929 535 1958 et
553 1919 757 1973 diligenter
772 1921 984 1959 tractandos
1004 1933 1236 1974 magnopere
1255 1920 1402 1959 censeo.

373 1986 444 2024 Sed
462 1986 648 2038 quoniam
667 1986 950 2040 advesperascit,
967 1996 1005 2026 et
1018 1985 1119 2025 mihi
1138 1986 1184 2025 ad
1200 1986 1332 2025 villam
1350 1986 1619 2025 revertendum
1639 1986 1716 2032 est;

317 2065 422 2091 nunc
451 2053 612 2105 quidem
630 2051 813 2091 hactenus
832 2068 840 2091 :
862 2067 998 2092 verum
1026 2052 1102 2092 hoc
1122 2053 1227 2091 idem
1248 2052 1343 2107 saepe
1373 2051 1572 2091 faciamus.
1633 2052 1722 2092 Nos

317 2131 419 2164 vero,
441 2118 569 2171 inquit
588 2118 669 2157 ille.
715 2120 821 2158 Nam
842 2120 938 2172 quid
958 2119 1158 2173 poffumus
1185 2118 1309 2158 facere
1339 2119 1506 2158 melius?
1538 2120 1591 2158 Et
1618 2117 1720 2157 hanc

318 2185 477 2237 quidem
507 2185 675 2237 primam
708 2186 862 2239 exigam
896 2199 917 2224 a
947 2196 983 2224 te
1002 2200 1173 2240 operam,
1208 2195 1252 2225 ut
1271 2185 1400 2225 audias
1427 2199 1503 2231 me,
1537 2199 1622 2238 quae
1642 2199 1661 2223 a
1682 2194 1719 2224 te

317 2250 415 2287 dicta
450 2250 550 2296 sunt,
588 2250 843 2290 refellentem.
889 2253 960 2290 Sed
981 2262 1192 2298 memento,
1224 2262 1275 2299 te,
1297 2267 1382 2306 quae
1403 2266 1471 2290 nos
1497 2252 1716 2296 sentiamus,

317 2315 449 2352 omnia
468 2315 641 2368 probare,
659 2317 699 2355 ni
716 2318 821 2370 quod
836 2319 960 2356 verbis
981 2319 1088 2357 aliter
1108 2328 1264 2358 utamur
1275 2337 1286 2364 ;
1308 2318 1412 2357 mihi
1429 2327 1557 2356 autem
1575 2316 1715 2355 vestro-

317 2394 405 2419 rum
426 2379 524 2419 nihil
541 2383 707 2434 probari.
739 2385 986 2438 Scrupulum,
1004 2386 1178 2439 inquam,
1196 2386 1379 2425 abeunti:
1399 2384 1461 2423 sed
1482 2383 1713 2422 videbimus.

316 2449 416 2501 Qae
435 2461 529 2488 curn
547 2448 664 2489 essent
680 2451 792 2498 dista,
811 2451 1059 2493 disceffimus.

1295 2644 1421 2683 Bb22
