2330 2983
566 230 644 259 212
989 215 1093 255 DE
1151 213 1537 255 FINIBUS

567 322 680 360 initio
699 320 794 365 dixi,
817 318 928 358 fimul
950 328 1065 371 atque
1083 327 1188 357 ortus
1208 316 1310 362 effet,
1340 316 1376 355 se
1395 315 1556 370 quisque
1575 314 1830 369 cognosceret,
1852 316 1964 369 judi-

567 399 727 438 careque
755 385 871 438 posset
893 398 977 438 quae
1007 384 1062 422 vis
1083 393 1121 422 et
1141 383 1258 422 totius
1281 382 1369 422 effet
1390 392 1531 421 naturae
1550 391 1588 420 et
1609 382 1776 435 partium
1795 381 1965 435 fingula-

569 466 670 496 rum,
704 451 892 489 continuo
922 450 1067 488 videret
1085 449 1180 503 quid
1205 449 1292 488 effet
1310 447 1386 487 hoc
1406 449 1510 501 quod
1531 448 1754 501 quaerimus,
1784 448 1966 487 omnium

568 531 711 562 rerum,
745 530 839 569 quas
858 516 1090 569 expetimus,
1122 514 1321 554 summum
1352 523 1390 552 et
1411 514 1595 552 ultimum
1613 532 1626 558 ς
1657 527 1726 552 nec
1757 513 1834 551 ulla
1854 514 1894 551 in
1927 526 1966 551 re

568 596 722 636 peccare
752 582 893 636 poffets
930 582 1050 622 Nunc
1073 594 1160 620 vero
1189 595 1210 619 a
1228 581 1356 634 primo
1375 580 1534 633 quidem
1562 580 1791 618 mirabiliter
1812 579 1967 618 occulta

569 659 703 688 natura
721 649 786 694 est,
805 662 874 687 nec
894 647 1073 701 perspici,
1089 661 1159 686 nec
1179 647 1355 700 cognosci
1375 646 1510 699 potest.
1542 645 1879 699 Progredientibus
1895 659 1964 683 au-

569 725 649 754 tem
668 715 858 759 aetatibus,
887 714 1024 752 sensim
1044 713 1192 751 tardeve
1212 713 1340 765 potius
1360 712 1463 764 quasl
1494 711 1745 764 nosmetipsos
1764 710 1969 764 cognosci-

569 794 672 819 mus.
715 781 849 832 Itaque
879 779 944 817 illa
963 778 1086 832 prima
1106 777 1408 821 commendatio,
1438 791 1523 829 quoe
1541 790 1562 814 a
1582 787 1715 814 natura
1734 775 1850 814 nostri
1869 775 1973 814 faeta.

567 846 635 892 est,
667 846 778 885 nobis
799 845 956 884 obscura
975 854 1013 882 et
1033 845 1177 882 incerta
1193 843 1247 882 est
1262 862 1274 889 ;
1306 843 1531 896 primusque
1550 843 1741 896 appetitus
1761 842 1828 880 ille
1846 841 1970 880 animi

569 922 722 951 tantum
752 912 845 964 agit,
878 920 922 949 ut
941 909 1031 949 salvi
1061 919 1175 963 atque
1203 909 1343 962 integri
1368 908 1439 948 effe
1464 907 1664 962 poflimus.
1713 909 1819 947 Cum
1839 916 1972 946 autem

568 979 754 1032 dispicere
773 978 1004 1031 coeperimus
1038 986 1076 1015 et
1095 976 1232 1015 sentire
1251 976 1346 1029 quid
1375 975 1507 1020 fimus,
1534 985 1575 1014 et
1592 975 1687 1028 quid
1706 974 1973 1013 animantibus

569 1045 713 1084 caeteris
733 1043 968 1088 differamus,
989 1053 1075 1082 tum
1095 1056 1137 1081 ea
1157 1042 1263 1096 sequi
1280 1042 1505 1096 incipimus,
1526 1043 1572 1081 ad
1593 1056 1677 1095 quae
1692 1042 1771 1080 nati
1792 1041 1939 1079 sumuS.

624 1112 758 1164 Qam
789 1109 1082 1148 similitudinem
1113 1109 1287 1147 videmus
1319 1109 1359 1147 in
1380 1108 1521 1153 bestiis,
1550 1122 1634 1161 quae
1654 1108 1797 1161 primo,
1828 1107 1867 1145 in
1888 1119 1974 1159 quo

569 1177 656 1217 loco
676 1186 770 1216 natae
789 1177 891 1221 sunt,
920 1189 967 1215 ex
1001 1189 1046 1214 eo
1077 1174 1113 1213 se
1144 1189 1223 1214 non
1256 1184 1506 1214 commovent
1522 1194 1534 1220 ;
1565 1174 1702 1213 deinde
1723 1174 1789 1212 suo
1807 1186 1974 1226 quaeque

568 1244 740 1297 appetitu
771 1251 961 1280 movetur.
1012 1244 1164 1294 Serpere
1191 1241 1431 1294 anguiculos,
1463 1254 1550 1279 nare
1583 1241 1804 1284 anaticulas,
1838 1240 1971 1278 evola·

570 1323 608 1348 re
640 1309 820 1353 merulas,
851 1308 1033 1346 cornibus
1066 1308 1125 1345 uti
1151 1307 1325 1346 videmus
1357 1308 1486 1352 boves,
1518 1319 1633 1360 nepas
1663 1306 1833 1350 aculeis;
1863 1305 1972 1343 suam

567 1376 735 1429 denique
753 1375 894 1428 cuique
913 1384 1092 1412 naturam
1107 1373 1178 1412 effe
1197 1374 1244 1412 ad
1263 1373 1470 1412 vivendum
1492 1373 1651 1412 ducem.
1707 1373 1806 1425 Qae
1831 1371 1975 1410 simili·

567 1444 664 1482 tudo
696 1443 736 1482 in
766 1455 903 1496 genere
931 1442 1048 1480 etiam
1077 1439 1251 1480 humano
1269 1449 1437 1494 apparet.
1480 1441 1590 1479 Parvi
1609 1439 1714 1479 enim
1735 1440 1863 1493 primo
1881 1447 1976 1477 ortu·

568 1511 620 1549 fic
635 1511 780 1563 jacent,
813 1519 996 1562 tanquam
1025 1509 1187 1547 omnino
1206 1508 1282 1546 fine
1302 1508 1434 1546 animo
1452 1507 1539 1547 fint.
1598 1509 1702 1546 Cum
1723 1516 1852 1545 autem
1874 1519 1976 1560 pau-

569 1578 653 1616 lum
685 1576 877 1615 firmitatis
909 1574 1113 1620 accesserit,
1143 1583 1181 1612 et
1201 1575 1331 1613 animo
1351 1583 1526 1619 utuntur,
1558 1583 1597 1612 et
1618 1573 1798 1619 sensibus,
1830 1573 1975 1612 conni-

567 1652 792 1696 tunturque‚
814 1652 857 1680 ut
878 1641 950 1680 sese
971 1641 1131 1694 erigant,
1152 1649 1190 1678 et
1206 1641 1385 1680 manibus
1406 1649 1589 1679 utantur:
1621 1649 1659 1678 et
1677 1653 1741 1678 eos
1761 1639 1972 1693 agnoscunt

568 1724 588 1748 a
619 1709 760 1762 quibus
785 1709 1022 1746 educantur:
1055 1706 1191 1745 deinde
1218 1706 1427 1760 aequalibus
1448 1705 1697 1751 dele&antur,
1730 1706 1972 1758 libenterque

568 1776 603 1814 se
623 1789 714 1814 cum
741 1773 800 1812 his
821 1782 1070 1827 congregant,
1103 1773 1271 1826 dantque
1292 1772 1327 1810 se
1359 1772 1406 1810 ad
1440 1772 1654 1810 ludendum
1677 1787 1685 1810 :
1718 1770 1972 1810 fabellarum-

568 1855 644 1895 que
663 1841 859 1880 auditione
879 1840 1100 1878 ducuntur:
1132 1838 1256 1891 deque
1275 1853 1335 1883 eo,
1357 1838 1461 1891 quod
1481 1838 1566 1891 ipfis
1597 1838 1758 1891 superat,
1780 1837 1863 1875 aliis
1883 1850 1972 1890 gra-

570 1907 707 1946 tificari
733 1907 892 1945 volunt:
929 1905 1313 1957 animadvertuntque
1342 1918 1398 1950 ea,
1433 1918 1519 1957 qum
1549 1904 1657 1943 domi
1692 1903 1805 1948 fiunt,
1840 1904 1972 1942 curio-

570 1974 656 2017 fius,
679 1973 948 2025 incipiuntque
967 1971 1221 2009 commentari
1242 1970 1390 2023 aliquid
1410 1980 1449 2008 et
1468 1969 1632 2008 discere:
1655 1978 1693 2007 et
1712 1980 1862 2015 eorum,
1875 1982 1972 2022 quos

569 2039 715 2082 vident,
749 2037 885 2076 volunt
925 2051 1001 2075 non
1040 2037 1211 2090 ignorare
1245 2037 1404 2074 nomina
1426 2051 1434 2074 ;
1481 2034 1698 2087 quibusque
1733 2035 1844 2072 rebus
1878 2047 1973 2072 cum

571 2105 780 2158 :equalibus
800 2104 1008 2149 decertant,
1038 2103 1063 2141 si
1095 2103 1271 2148 vincunt,
1306 2101 1471 2140 efferunt
1505 2101 1539 2140 sc
1561 2101 1717 2145 laetitia;
1749 2101 1839 2138 vic'ti
1860 2100 1972 2138 debi-

570 2172 742 2216 litantur,
761 2170 984 2223 animosque
1000 2170 1227 2208 demittunt.
1250 2171 1432 2222 Qorum
1452 2168 1528 2206 fine
1548 2168 1655 2206 causa
1676 2167 1756 2205 ficri
1778 2166 1875 2206 nihil
1896 2181 1973 2221 pu-

571 2237 731 2276 tandum
753 2237 818 2276 cst.

628 2304 693 2342 Est
713 2305 818 2342 enim
847 2303 979 2342 naturfi
1012 2303 1060 2341 sic
1080 2312 1255 2355 generata
1285 2302 1341 2340 vis
1362 2299 1547 2345 hominis,
1584 2310 1626 2339 ut
1646 2300 1691 2339 ad
1712 2313 1872 2339 omnem
1892 2299 1973 2337 vir-

570 2380 696 2410 tutem
727 2369 1013 2423 percipiendam
1046 2368 1141 2407 facta
1174 2369 1371 2412 videatur;
1416 2368 1467 2406 ob
1496 2381 1658 2420 eamque
1691 2366 1841 2406 causam
1869 2365 1973 2419 parvi

573 2436 761 2474 virtutum
784 2435 1005 2480 fimulacris,
1036 2448 1200 2487 quarum
1234 2435 1272 2472 in
1294 2434 1327 2472 sc
1349 2432 1489 2471 habent
1512 2433 1667 2478 semina,
1702 2433 1775 2471 sine
1802 2431 1978 2470 doctrina

573 2511 790 2543 moventur.
850 2505 947 2543 Sunt
976 2501 1081 2542 enim
1113 2502 1238 2555 prima
1255 2501 1445 2540 clementa
1474 2510 1616 2539 natura:
1631 2518 1644 2547 ς
1676 2499 1818 2554 quibus
1839 2497 1972 2543 aucus,
