2330 2983
663 239 939 279 LIBER
997 238 1420 278 TERTIUS.
1668 253 1742 294 501

349 340 411 378 sed
434 341 565 379 tertius
581 341 733 394 Jupiter
746 359 759 386 ς
785 339 983 392 quoniam,
1001 348 1044 378 ut
1058 340 1141 393 jam
1162 339 1324 386 docebo,
1345 341 1472 394 plures
1495 341 1607 393 Joves
1627 342 1747 381 etiam

348 408 582 460 accepimus.

403 473 535 510 XVII.
559 471 726 524 Qando
744 471 850 510 enim
869 483 933 509 me
953 471 994 508 in
1013 470 1120 509 hunc
1139 471 1273 510 locum
1293 472 1454 511 deduxit
1472 473 1606 518 oratio,
1628 474 1748 513 doce-

348 538 412 582 bo,
430 537 587 575 meliora
607 550 670 575 me
690 536 859 575 didicisse
879 536 924 574 de
944 537 1114 574 colendis
1132 537 1220 575 Diis
1236 537 1523 575 immortalibus
1535 540 1622 590 jure
1642 554 1742 593 pon-

346 602 481 647 tificio,
512 611 551 640 et
579 603 770 654 majorum
806 615 927 646 more,
958 601 1232 654 capedunculis
1262 602 1325 646 iis,
1357 616 1450 654 quas
1471 603 1607 641 Numa
1631 606 1742 644 nobis

346 667 515 720 reliquit,
533 667 580 705 de
600 667 742 720 quibus
762 667 803 705 in
823 667 890 705 illa
909 666 1058 705 aureola
1075 667 1314 705 oratiuncula
1333 668 1428 706 dicit
1448 668 1604 713 Laelius,
1627 683 1744 722 quam

345 733 555 771 rationibus
577 732 809 771 Stoicorum.
842 733 880 771 Si
900 733 1005 770 enim
1036 746 1101 771 vos
1122 732 1268 785 sequar,
1303 733 1380 778 dic,
1416 734 1512 786 quid
1531 734 1566 771 ei
1586 734 1742 788 respon-

344 798 468 843 deam,
499 799 567 851 qui
598 812 662 836 me
694 799 744 836 fic
775 808 883 851 roget
894 817 906 844 3
939 799 977 837 Si
1009 799 1078 836 Dii
1098 798 1198 844 sunt,
1230 798 1366 837 suntne
1395 800 1511 838 etiam
1543 800 1742 854 Nymphae

345 864 436 902 Deae
453 865 465 901 ?
489 865 526 903 Si
542 863 754 917 Nymphae,
776 864 923 903 Panisci
942 865 1060 903 etiarn
1080 874 1119 903 et
1139 865 1273 916 Satyri.
1305 865 1364 903 Hi
1383 874 1513 904 autem
1535 879 1612 905 non
1632 866 1740 906 sunt:

344 943 392 967 ne
413 929 611 983 Nymphae
630 930 790 982 quidem
811 931 903 968 Deae
923 930 1054 983 igitur.
1087 932 1142 968 At
1161 943 1292 969 earum
1312 931 1457 984 templa
1479 931 1565 969 sunt
1584 933 1742 985 publice

342 1004 442 1039 vota,
464 1004 502 1033 et
522 995 707 1033 dedicata.
740 995 848 1046 Qid
867 996 1013 1048 igitur?
1036 1008 1084 1033 ne
1100 996 1225 1034 caeteri
1246 996 1404 1048 quidem
1425 1009 1515 1048 ergo
1533 997 1617 1041 Dii,
1639 1011 1740 1049 quo-

342 1075 429 1100 rum
461 1062 604 1115 templa
634 1061 721 1100 sunt
752 1062 937 1100 dedicata.
986 1063 1072 1115 Age
1104 1075 1232 1114 porro,
1263 1063 1401 1113 Jovem
1433 1071 1471 1100 et
1505 1063 1741 1115 Neptunum

342 1128 474 1166 Deum
495 1141 683 1166 numeras.
729 1128 835 1180 Ergo
854 1129 972 1165 etiam
994 1129 1135 1171 Orcus,
1157 1127 1272 1164 frater
1290 1141 1439 1172 eorum,
1463 1129 1585 1173 Deus,
1607 1138 1645 1166 et
1665 1129 1740 1175 illi,

341 1195 408 1247 qui
439 1194 554 1233 fluere
587 1194 688 1248 apud
722 1192 862 1231 inferos
897 1193 1098 1238 dicuntur,
1144 1191 1347 1238 Acheron,
1391 1195 1578 1246 Cocytus,
1624 1197 1737 1246 Styx,

341 1259 610 1312 Phlegethon:
644 1268 729 1297 tum
751 1258 920 1303 Charon,
952 1268 1039 1295 tum
1060 1258 1263 1302 Cerberus,
1296 1258 1366 1295 Dii
1395 1259 1570 1310 putandi.
1617 1261 1671 1297 At
1697 1260 1739 1297 id

341 1326 499 1378 quidem
532 1325 812 1378 repudiandum
830 1339 838 1362 :
872 1337 918 1362 ne
951 1325 1077 1362 Orcus
1101 1324 1261 1377 quidem
1291 1324 1423 1376 igitur.
1475 1324 1583 1376 Qid
1608 1325 1751 1364 dicitis*

341 1405 434 1444 crgo
451 1392 496 1429 de
513 1390 694 1429 fratribus
711 1391 723 1427 ?

395 1458 492 1495 Haec
514 1457 725 1495 Carneades
746 1457 879 1510 agebat
890 1476 902 1503 3
926 1471 1003 1496 non
1024 1467 1067 1496 ut
1084 1458 1188 1496 Deos
1210 1457 1358 1496 tolleret
1373 1458 1499 1510 :quid
1519 1458 1623 1496 enim
1643 1456 1736 1511 phi-

338 1521 499 1575 losopho
519 1523 647 1561 minus
679 1523 940 1561 conveniens?
971 1522 1032 1561 sed
1064 1532 1107 1561 ut
1128 1523 1274 1561 Stoicos
1294 1522 1394 1561 nihil
1425 1523 1472 1560 de
1500 1523 1588 1560 Diis
1608 1524 1735 1576 expli-

338 1602 421 1626 care
441 1589 696 1627 convinceret.
728 1589 863 1639 Itaque
885 1588 1167 1638 insequebatur.
1209 1588 1317 1636 Qid
1336 1587 1471 1625 enim?
1503 1588 1639 1633 aiebat,
1661 1588 1687 1626 fi
1706 1588 1735 1626 ii

337 1652 467 1691 fratres
487 1653 573 1690 sunt
593 1653 633 1689 in
653 1664 816 1689 numero
832 1651 1020 1695 Deorum,
1038 1664 1135 1689 num
1156 1650 1202 1688 de
1218 1660 1323 1703 patre
1338 1665 1471 1690 eorum
1489 1653 1650 1691 Saturno
1666 1667 1734 1692 ne-

335 1719 414 1771 gari
434 1718 582 1771 potest?
613 1730 731 1770 quem
750 1716 868 1769 vulgo
898 1717 1069 1754 maxime
1099 1716 1145 1753 ad
1168 1717 1424 1754 Occidentem
1455 1717 1604 1755 colunt.
1652 1720 1734 1770 Qi

335 1784 360 1821 fi
379 1783 431 1821 est
447 1784 568 1828 Deus,
590 1791 738 1835 patrem
759 1794 913 1834 quoque
933 1781 1027 1832 ejus,
1051 1780 1203 1818 Caelum
1223 1779 1292 1817 effe
1313 1782 1444 1819 Deum
1465 1781 1733 1822 confitendum

334 1849 399 1887 est.
446 1848 563 1899 Qod
595 1848 622 1885 fi
652 1848 705 1885 ita
734 1847 800 1891 est,
833 1847 929 1885 Cazli
962 1859 1117 1898 quoque
1146 1854 1319 1898 parentes
1339 1846 1408 1883 Dii
1433 1845 1599 1885 habendi
1630 1848 1731 1894 sunt,

335 1913 472 1952 AEther
502 1922 540 1950 et
560 1913 682 1956 Dies,
704 1925 914 1964 eorumque
945 1910 1077 1949 fratres
1108 1919 1147 1948 et
1166 1910 1306 1949 sorores
1322 1929 1334 1955 3
1366 1912 1434 1963 qui
1465 1925 1485 1949 a
1514 1913 1731 1966 genealogis

334 1978 501 2031 antiquis
539 1978 589 2016 fic
628 1978 890 2022 nominantur,
922 1979 1060 2022 Amor,
1094 1976 1233 2021 Dolus,
1264 1977 1412 2021 Metus,
1449 1977 1590 2023 Labor,
1622 1980 1731 2017 Invi-

332 2045 472 2089 dentia,
518 2045 673 2088 Fatum,
716 2044 909 2088 Senectus,
941 2043 1067 2087 Mors,
1106 2042 1308 2087 Tenebrae,
1341 2042 1511 2088 Miseria,
1549 2044 1728 2096 Qerela,

330 2111 477 2155 Gratia,
508 2111 641 2154 Fraus,
684 2110 909 2154 Pertinacia,
941 2110 1080 2153 Parcae,
1122 2108 1366 2160 Hesperides,
1401 2109 1557 2147 Somnia
1571 2129 1584 2155 ς
1630 2125 1727 2163 quos

333 2190 467 2215 omnes
481 2177 608 2214 Erebo
626 2185 663 2214 et
680 2177 806 2214 Nocte
825 2184 933 2214 natos
953 2174 1096 2213 ferunt.
1119 2176 1202 2213 Aut
1220 2175 1338 2227 igitur
1357 2174 1438 2213 haec
1452 2176 1618 2214 monstra
1636 2191 1727 2230 pro-

332 2241 456 2280 banda
474 2241 574 2286 sunt,
595 2250 662 2278 aut.
676 2241 801 2292 prima
819 2240 885 2278 illa
904 2240 1085 2278 tollenda.

387 2307 540 2345 XVIII.
569 2306 704 2357 Qid?
735 2306 974 2359 Apollinem,
996 2307 1233 2352 Vulcanum,
1261 2307 1520 2351 Mercurium,
1555 2316 1722 2352 caeteros,

331 2374 437 2411 Deos
456 2371 525 2410 effe
543 2372 643 2410 dices
660 2390 672 2417 ς
704 2372 750 2410 de
762 2372 947 2417 Hercule,
969 2372 1202 2425 AEsculapio,
1224 2372 1380 2417 Libero,
1404 2372 1569 2416 Castore,
1588 2372 1723 2410 Pollu-

332 2451 375 2476 ce
396 2437 611 2475 dubitabis?
632 2439 687 2475 At
706 2436 749 2475 hi
769 2438 927 2490 quidem
948 2437 1128 2476 coluntur
1144 2451 1249 2490 aeque
1266 2447 1379 2489 atque
1392 2437 1472 2481 illi,
1495 2437 1594 2489 apud
1608 2437 1723 2489 quos-

331 2504 420 2543 dam
440 2503 558 2543 etiam
577 2503 707 2543 multo
723 2505 860 2558 magis.
899 2505 1004 2558 Ergo
1023 2503 1066 2543 hi
1086 2504 1155 2543 Dii
1181 2503 1267 2543 sunt
1286 2502 1464 2549 habendi,
1496 2503 1727 2542 mortalibus
