2330 2983
619 247 697 287 ²30
1044 229 1147 268 DE
1204 225 1588 268 FINIBUS

617 330 822 371 commoda
840 337 942 368 certe
959 327 1094 366 dicunt
1108 327 1195 372 effe,
1214 336 1254 366 et
1273 327 1468 372 sumenda,
1484 335 1523 366 et
1541 325 1727 380 eligenda,
1743 333 1781 365 et
1798 327 2009 380 praepofita,

618 410 702 448 quae
716 397 769 433 ita
787 394 991 438 definiunt,
1007 401 1052 431 ut
1070 392 1155 431 satis
1172 406 1314 446 magno
1334 391 1551 431 aestimanda
1570 391 1642 431 fint
1656 410 1668 437 ς
1690 390 1772 430 haec
1788 391 1906 444 igitur
1917 405 2010 432 cum

617 474 690 513 ego
710 469 767 499 tot
798 459 1019 498 nominibus
1039 472 1060 496 a
1078 459 1215 497 Stoicis
1234 458 1434 512 appellata,
1455 459 1594 512 partim
1616 458 1723 497 novis
1743 466 1781 496 et
1806 471 2009 496 commen·

619 527 730 571 titiis,
757 535 802 564 ut
829 526 896 564 ista
915 524 1093 578 producfi‘a
1121 533 1160 563 et
1190 524 1350 570 reducffa,
1380 525 1520 578 partim
1547 524 1651 563 idem
1677 523 1978 577 fignificantibus
1996 541 2010 569 ς

621 592 736 644 (quid
754 593 859 630 enim
879 591 1044 636 interest,
1062 600 1214 644 expetas
1245 603 1291 629 an
1311 590 1428 643 eligas
1446 590 1459 627 ?
1490 589 1590 628 mihi
1609 590 1769 643 quidem
1788 590 1907 629 etiam
1924 590 2010 628 lau-

620 658 696 696 tius
716 657 880 702 videtur,
914 656 1019 710 quod
1037 656 1206 709 eligitur,
1240 666 1279 694 et
1298 656 1343 694 ad
1363 656 1467 708 quod
1500 655 1665 694 delectus
1685 655 1904 707 adhibetur)
1936 655 2012 699 sed,

620 735 713 760 curn
743 736 816 774 ego
848 721 914 759 ista
947 721 1047 759 bona
1065 721 1196 759 omnia
1225 720 1371 765 dixero,
1403 718 1554 758 tantum
1585 719 1700 758 refert
1730 733 1848 772 quam
1874 733 2013 772 magna

620 773 746 825 dicam
762 805 774 831 ;
805 800 896 824 cum
925 786 1147 838 expetenda,
1168 798 1287 837 quarn
1305 785 1427 823 valde.
1469 785 1536 823 Sin
1555 793 1685 822 autem
1714 797 1784 822 nec
1804 785 2014 837 expetenda

619 866 692 905 ego
710 853 847 904 magis,
867 865 983 904 quarn
1004 860 1046 889 tu
1065 850 1263 903 eligenda;
1295 863 1364 888 nec
1385 849 1452 889 illa
1470 849 1590 903 pluris
1609 849 1825 889 aestimanda
1838 863 1924 903 ego,
1946 851 2015 902 qui

621 918 735 963 bona,
755 931 872 970 quam
893 926 949 962 tu,
971 917 1039 969 qui
1058 916 1243 970 producta
1261 916 1425 970 appellas
1441 935 1454 961 ς
1474 917 1607 955 omnia
1624 915 1691 954 ista
1709 915 1853 954 necesse
1871 915 1924 954 est
1941 916 2014 954 ob·

622 984 774 1029 scurari,
805 996 875 1022 nee
894 995 1082 1036 apparere,
1103 991 1141 1022 et
1160 983 1202 1021 in
1221 983 1394 1028 virtutes,
1414 991 1597 1035 tanquam
1617 982 1658 1021 in
1678 981 1764 1022 solis
1784 981 1920 1027 radios,
1951 982 2014 1020 in-

621 1062 784 1088 currere.

677 1116 733 1153 At
751 1114 871 1160 enim,
889 1127 964 1166 qua
982 1114 1023 1152 in
1042 1113 1120 1151 vita
1137 1112 1191 1151 est
1209 1113 1354 1166 aliquid
1374 1113 1482 1159 mali,
1503 1126 1546 1151 ea
1564 1112 1635 1152 effe
1654 1113 1763 1152 beata
1782 1126 1859 1152 non
1878 1113 2014 1166 potest.

623 1179 689 1219 Ne
714 1179 814 1233 seges
844 1179 1004 1232 quidem
1024 1179 1142 1231 igitur
1161 1178 1273 1232 spicis
1292 1179 1475 1217 uberibus
1495 1188 1533 1218 et
1555 1179 1712 1224 crebris,
1733 1178 1758 1217 fi
1778 1191 1934 1216 avenam
1952 1177 2016 1216 us-

622 1246 728 1299 piam
748 1246 910 1283 videris:
940 1258 1010 1283 nec
1029 1254 1240 1283 mercatura
1260 1245 1479 1297 quaestuosa,
1500 1245 1526 1284 fi
1546 1245 1587 1283 in
1607 1245 1787 1284 maximis
1815 1245 1930 1283 lucris
1948 1258 2015 1297 pa-

624 1325 713 1349 rum
732 1310 878 1364 aliquid
897 1310 1028 1348 damni
1048 1311 1292 1349 contraxerit.
1334 1311 1399 1348 An
1429 1309 1504 1349 hoc
1531 1310 1817 1363 usquequaque,
1843 1310 1952 1348 aliter
1977 1311 2018 1348 in

623 1377 728 1415 vita?
749 1386 788 1415 et
806 1390 883 1415 non
903 1389 950 1415 ex
969 1376 1139 1414 maxima
1157 1385 1261 1429 parte
1280 1377 1327 1414 de
1347 1385 1427 1414 tota
1439 1375 1659 1428 judicabis?
1681 1376 1745 1414 An
1765 1375 1931 1413 dubium
1949 1375 2016 1421 est,

624 1443 721 1494 quin
740 1443 860 1481 virtus
880 1442 933 1480 ita
953 1441 1164 1480 maximam
1184 1450 1331 1494 partem
1351 1442 1523 1480 obtineat
1543 1441 1582 1479 in
1617 1441 1730 1480 rebus
1749 1439 1946 1486 humanis,
1974 1449 2019 1479 ut

625 1507 788 1560 reliquas
808 1507 944 1545 obruat
961 1507 974 1543 ?
1005 1506 1170 1545 Audebo
1190 1507 1308 1559 igitur
1326 1515 1471 1551 caetera,
1503 1520 1588 1558 quae
1614 1505 1823 1544 secundum
1844 1515 2018 1544 naturam

626 1572 726 1618 sunt,
743 1573 842 1611 bona
855 1572 1056 1625 appellare,
1070 1585 1138 1610 nec
1159 1570 1330 1610 fraudare
1350 1571 1416 1610 suo
1435 1571 1552 1609 veteri
1569 1572 1740 1617 nomine,
1758 1572 1884 1624 potius
1902 1585 2019 1624 quam

625 1637 772 1690 aliquid
791 1651 935 1676 novum
955 1637 1152 1689 exquirere
1168 1655 1181 1682 ς
1211 1638 1362 1675 virtutis
1382 1646 1512 1675 autem
1540 1637 1837 1689 amplitudinem
1856 1637 1958 1689 quafi
1978 1637 2021 1675 in

626 1703 742 1741 altera
760 1703 867 1742 librae
886 1703 992 1741 lance
1012 1716 1165 1755 ponere.
1208 1704 1384 1748 Terram,
1416 1701 1517 1741 mihi
1535 1702 1658 1748 crede,
1679 1715 1721 1740 m
1739 1702 1828 1741 lanx
1846 1712 1884 1740 et
1903 1703 2021 1741 maria

626 1769 830 1822 deprimet.
876 1771 1031 1821 Semper
1061 1768 1167 1806 enim
1186 1779 1233 1807 ex
1253 1781 1312 1814 eo,
1345 1768 1450 1822 quod
1470 1769 1657 1807 maximas
1688 1777 1810 1821 partes
1830 1769 2019 1813 continet,

628 1834 882 1887 latiffimeque
902 1833 1093 1878 funditur,
1115 1842 1194 1872 tota
1215 1846 1271 1872 res
1291 1834 1517 1887 appellatur.
1563 1833 1746 1873 Dicimus
1766 1834 1934 1886 aliquem
1955 1833 2020 1872 hi·-

628 1900 703 1938 lare
723 1900 860 1938 vivere.
892 1899 1029 1952 Igitur,
1060 1899 1086 1937 fi
1106 1899 1220 1937 semel
1240 1898 1380 1938 tristior
1397 1899 1554 1938 effeetus
1573 1899 1639 1944 est,
1660 1898 1780 1937 hilara
1799 1899 1876 1937 vita
1894 1899 2023 1938 amifl'a

629 1965 708 2002 est?
729 1966 784 2003 At
803 1963 878 2002 hoc
898 1964 937 2001 in
958 1977 1003 2002 eo
1024 1964 1086 2002 M.
1107 1963 1248 2009 Crafl‘o,
1270 1977 1388 2017 quern
1409 1965 1523 2003 semel
1545 1965 1597 2003 ait
1618 1965 1657 2003 in
1676 1965 1753 2003 vita
1772 1963 1883 2003 rififl‘e
1898 1965 2021 2003 Luci·

630 2030 718 2075 lius,
742 2043 818 2068 non
836 2030 1013 2082 contigit,
1035 2039 1077 2067 ut
1097 2043 1138 2067 ea
1157 2042 1195 2068 re
1215 2030 1343 2068 minus
1362 2028 1573 2077 ἀγέλαςΘ,
1596 2040 1638 2068 ut
1657 2030 1709 2068 ait
1730 2030 1847 2075 idem,
1868 2043 2022 2068 vocare·

630 2104 706 2134 tur.
746 2096 984 2147 Polycratem
1006 2095 1176 2134 Samium
1196 2094 1350 2134 felicem
1371 2095 1575 2148 appellant.
1618 2095 1733 2134 Nihil
1760 2096 1946 2134 acciderat
1971 2096 2022 2141 ei,

629 2162 734 2214 quod
756 2162 888 2207 nollet,
920 2161 987 2200 nisi
1006 2161 1109 2214 quod
1130 2162 1332 2206 annulum,
1352 2175 1430 2214 quo
1449 2162 1716 2207 delectabatur,
1738 2163 1777 2201 in
1799 2175 1901 2200 mare
1916 2162 2021 2215 abje-

630 2238 744 2266 cerat.
778 2229 881 2281 Ergo
901 2227 1037 2266 infelix
1058 2229 1132 2266 unfi
1153 2228 1350 2266 molesti-51?
1372 2227 1464 2267 felix
1487 2228 1624 2273 rursuS,
1640 2242 1732 2267 cum
1754 2229 1784 2267 is
1804 2228 1881 2281 ipse
1897 2242 2022 2266 annu·

632 2293 691 2332 lus
711 2293 748 2332 in
770 2293 985 2347 praecordiis
1006 2293 1116 2346 piscis
1136 2294 1311 2332 inventus
1331 2293 1383 2332 est
1400 2294 1413 2330 ?
1437 2293 1506 2332 Ille
1525 2307 1627 2338 vero,
1646 2294 1671 2332 fi
1688 2294 1880 2347 insapiens,
1901 2294 2023 2346 (quod

631 2369 746 2405 certe,
768 2360 951 2413 quoniam
973 2361 1170 2410 tyrannus)
1202 2373 1399 2412 nunquam
1421 2359 1564 2398 beatus.
1596 2360 1633 2398 Si
1655 2360 1826 2413 sapiens,
1858 2373 1904 2398 ne
1937 2369 2022 2397 turn

632 2425 790 2477 quidem
812 2425 938 2469 miser,
958 2437 1050 2463 cum
1070 2425 1116 2462 ab
1137 2427 1276 2463 Oroete
1295 2426 1455 2464 l'raetore
1468 2426 1581 2463 Darei
1604 2425 1641 2463 in
1662 2438 1817 2464 crucem
1837 2427 1939 2463 actus
1953 2424 2019 2463 est.

635 2491 688 2528 At
709 2491 842 2529 multis
861 2491 971 2529 malis
991 2489 1161 2531 affectus.
1193 2492 1293 2543 Qis
1315 2491 1454 2545 negat?
1484 2490 1545 2530 sed
1563 2505 1606 2530 ea
1624 2492 1725 2531 mala
1742 2491 1892 2532 virtutis
1911 2503 2021 2543 mag·

635 2556 809 2596 nitudine
828 2557 1099 2597 obruebantur.
