2330 2983
520 291 594 346 318
828 285 1599 328 TUSCULANARUM

515 393 712 431 summurn
735 390 772 428 in
793 389 923 428 animo
943 388 1091 426 bonum
1112 387 1274 434 videtur,
1305 387 1363 426 illi
1383 396 1511 426 autem
1529 388 1569 426 in
1589 400 1746 441 corpore
1760 406 1773 433 3
1804 388 1904 428 mihi

515 460 554 497 in
576 459 728 501 virtute,
759 455 817 494 illi
837 456 877 494 in
898 455 1105 507 voluptate.
1138 454 1190 492 Et
1209 453 1267 492 illi
1288 464 1460 507 pugnant
1472 473 1485 499 3
1512 463 1553 492 et
1581 455 1740 507 quidem
1755 454 1905 494 vicino-

515 538 602 563 rum
625 523 740 562 fidem
760 521 994 574 implorant:
1025 520 1143 559 multi
1162 529 1290 559 autem
1309 521 1409 565 sunt,
1443 521 1511 572 qui
1529 521 1655 560 statim
1683 522 1902 560 convolent.

515 593 601 644 Ego
631 589 715 628 sum
750 589 796 634 is,
827 588 895 640 qui
925 588 1052 626 dicam
1086 600 1150 626 me
1183 600 1260 625 non
1293 587 1487 632 laborare3
1525 589 1652 626 actum
1678 586 1903 626 habiturum

514 656 619 709 quod
638 655 797 709 egerint.
831 654 939 705 Qid
957 653 1091 692 enim?
1122 652 1169 691 de
1189 653 1293 692 bello
1314 653 1461 692 Punico
1480 654 1605 706 agitur
1622 653 1635 690 ?
1665 653 1711 692 de
1727 668 1805 705 quo
1825 653 1905 706 ipso

514 735 606 760 cum
635 721 739 759 aliud
773 720 836 758 M.
860 720 1013 763 Catoni,
1043 718 1147 756 aliud
1166 719 1215 757 L.
1241 718 1409 756 Lentulo
1439 718 1640 764 videretur,
1671 719 1776 758 nulla
1803 720 1904 757 inter

513 801 576 825 eos
597 786 826 824 concertatio
846 797 1017 836 unquam
1037 783 1126 822 fuit.
1168 784 1227 821 Hi
1247 783 1363 821 nimis
1395 782 1573 821 iracunde
1593 792 1724 835 agunt,
1751 784 1903 835 praeser-

514 854 586 891 tim
607 865 699 890 cum
719 851 766 888 ab
787 850 847 888 his
879 863 956 888 non
976 850 1060 888 sane
1079 847 1245 887 animosa
1260 847 1485 886 defendatur
1501 847 1683 886 sententia
1697 866 1709 892 3
1741 862 1810 901 pro
1830 862 1905 901 qua

513 932 590 957 non
612 918 652 955 in
673 917 812 960 senatu,
844 929 921 954 non
941 915 981 953 in
1001 915 1200 959 concione,
1231 927 1307 952 non
1328 913 1428 966 apud
1457 913 1682 958 exercitum,
1714 927 1839 966 neque
1858 914 1904 952 ad

514 983 695 1022 Censores
725 983 848 1020 dicere
880 981 1054 1020 audeant.
1114 980 1184 1019 Sed
1217 993 1309 1018 cum
1343 979 1421 1019 istis
1453 977 1558 1024 alias,
1592 989 1630 1018 et
1665 993 1711 1017 eo
1743 980 1903 1031 quidem

514 1051 656 1094 animo,
687 1049 842 1087 nullum
861 1057 904 1086 ut
933 1057 1126 1086 certamen
1145 1046 1341 1086 instituam
1357 1065 1369 1091 3
1400 1060 1535 1085 verum
1555 1046 1771 1085 dicentibus
1791 1044 1903 1084 facile

514 1116 662 1154 cedam.
705 1112 878 1152 Tantum
911 1112 1155 1157 admoneboss3
1186 1113 1212 1150 fi
1242 1112 1412 1150 maxime
1443 1125 1578 1150 verum
1599 1111 1657 1156 fit,
1687 1111 1734 1149 ad
1763 1125 1902 1164 eorpus

513 1181 645 1220 omnia
676 1179 812 1218 referre
832 1179 1051 1232 sapientem,
1082 1176 1169 1222 five,
1199 1186 1242 1215 ut
1271 1176 1465 1216 honestius
1485 1177 1625 1222 dicam,
1656 1175 1755 1215 nihil
1781 1176 1903 1215 faeere

514 1247 581 1285 nisi
601 1245 705 1298 quod
724 1244 913 1297 expediat,
944 1243 1016 1282 five
1035 1243 1166 1280 omnia
1184 1241 1320 1280 referre
1345 1244 1391 1280 ad
1412 1243 1619 1283 utilitatem
1638 1242 1743 1280 suam
1758 1260 1771 1286 3
1802 1257 1902 1296 quo-

512 1312 616 1349 niam
635 1309 718 1349 haec
737 1308 948 1362 plausibilia
976 1320 1054 1350 non
1084 1306 1184 1352 sunt,
1216 1316 1258 1346 ut
1278 1308 1319 1346 in
1335 1307 1417 1345 finu
1437 1306 1638 1359 gaudeant,
1663 1306 1824 1359 gloriose
1843 1308 1902 1347 lo-

512 1379 580 1430 qui
599 1376 780 1415 definant.

567 1442 701 1482 XXII.
734 1440 1035 1492 Cyrenaicorum
1067 1439 1175 1478 restat
1195 1439 1376 1478 sententia
1391 1457 1403 1484 3
1435 1439 1502 1492 qui
1522 1448 1608 1478 turn
1636 1438 1904 1491 aegritudinem

512 1507 663 1547 censent
675 1507 842 1550 existere,
857 1505 882 1544 si
904 1505 1154 1558 nec-opinato
1168 1505 1262 1557 quid
1277 1505 1457 1543 evenerit.
1479 1504 1546 1544 Est
1559 1505 1600 1544 id
1617 1503 1776 1557 quidem
1792 1517 1903 1558 mag-

513 1587 625 1618 num,
646 1582 690 1611 ut
708 1571 818 1625 supra
835 1571 929 1610 dixi.
949 1571 1081 1609 Etiam
1100 1569 1315 1623 Chrysippo
1333 1571 1386 1608 ita
1405 1570 1523 1608 videri
1543 1569 1632 1614 scio,
1654 1569 1758 1621 quod
1773 1571 1902 1622 provi-

513 1639 596 1678 sum
617 1648 703 1677 ante
733 1651 810 1676 non
830 1637 888 1682 fit,
909 1636 950 1675 id
979 1635 1091 1674 ferire
1110 1634 1390 1674 vehementius.
1419 1635 1505 1674 ·Sed
1536 1649 1613 1674 non
1645 1635 1731 1674 sunt
1760 1636 1800 1674 in
1826 1634 1902 1674 hoc

511 1705 670 1749 omnia3
713 1715 934 1756 quanquam
966 1701 1135 1741 hostium
1171 1714 1303 1755 repens
1337 1701 1519 1740 adventus
1553 1701 1674 1753 magis
1708 1700 1904 1753 aliquanto

511 1770 729 1815 conturbat,
759 1782 877 1822 quam
907 1769 1125 1821 expeditatus
1141 1785 1153 1812 3
1184 1776 1222 1805 et
1248 1767 1362 1806 maris
1388 1767 1511 1806 subita
1540 1766 1754 1819 tempestaS,
1785 1781 1902 1819 quarn

511 1846 599 1876 ante
631 1835 790 1890 provisa,
821 1843 934 1873 terret
967 1833 1185 1886 navigantes
1211 1831 1500 1877 vehementius3
1531 1843 1569 1871 et
1601 1832 1787 1885 ejusmodi
1817 1833 1903 1871 sunt

511 1903 702 1955 pleraque.
718 1901 802 1946 Sed,
817 1914 909 1939 cum
923 1899 1126 1951 diligenter
1141 1899 1476 1952 nec-opinatorum
1491 1907 1663 1936 naturam
1680 1897 1902 1942 confideres,

512 1967 611 2007 nihil
631 1966 735 2005 aliud
754 1967 929 2019 reperias,
955 1964 1023 2003 nisi
1042 1965 1173 2002 omnia
1202 1965 1318 2003 videri
1339 1964 1461 2002 subita
1481 1965 1622 2015 majora
1638 1982 1648 2007 3
1679 1972 1718 2001 et
1744 1963 1902 2015 quidem

512 2034 563 2072 ob
584 2033 676 2071 duas
696 2031 842 2070 causas:
876 2030 1061 2083 primum,
1083 2029 1202 2082 quod,
1235 2038 1375 2081 quanta
1395 2029 1465 2067 fint
1486 2043 1571 2081 quae
1590 2029 1784 2071 accidunt,
1806 2041 1901 2067 con—

513 2098 696 2137 siderandi
730 2097 893 2150 spatium
930 2109 1004 2134 non
1040 2095 1177 2139 datur3
1215 2094 1366 2140 deinde,
1400 2107 1491 2133 cum
1522 2093 1673 2132 videtur
1707 2095 1902 2146 praecaveri

512 2164 687 2218 potuisse,
721 2164 745 2202 si
767 2161 957 2216 provisum
977 2161 1078 2206 effet,
1100 2161 1202 2214 quasi
1222 2161 1335 2214 culpa
1364 2161 1603 2199 contraitum
1625 2160 1771 2198 malum
1792 2161 1900 2213 aegri-

513 2230 688 2269 tudinem
709 2229 890 2267 acriorem
911 2226 1016 2266 facit.

565 2295 684 2347 Qod
705 2295 756 2332 ita
787 2292 858 2331 effe
888 2293 966 2331 dies
997 2293 1185 2336 declarat3
1217 2306 1301 2345 quae
1335 2291 1541 2345 procedens
1574 2292 1624 2329 ita
1644 2290 1809 2344 mitigat,
1842 2299 1899 2335 ut.

514 2361 645 2400 iisdem
674 2360 783 2399 malis
818 2359 1060 2397 manentibus
1093 2372 1169 2397 non
1204 2359 1320 2397 modo
1350 2358 1511 2396 leniatur
1543 2357 1741 2410 aegritudo,
1771 2357 1833 2395 sed
1863 2357 1903 2394 in

515 2427 700 2480 plerisque
722 2426 890 2464 tollatur.
924 2424 1235 2477 Carthaginenses
1257 2424 1371 2463 multi
1393 2425 1529 2462 Roma·
1551 2424 1778 2467 servierunt3
1811 2423 1901 2461 Ma·

513 2492 687 2533 cedones.
729 2505 814 2544 rege
847 2490 954 2530 Perse
984 2500 1108 2543 capto,
1157 2490 1247 2527 Vidi
1282 2491 1396 2528 etiam
1431 2489 1468 2527 in
1507 2488 1777 2542 Peloponneso,
1808 2501 1899 2526 cum

514 2556 627 2596 essem
667 2557 892 2602 adolescens,
937 2556 1118 2609 quosdam
1160 2555 1398 2594 Corinthios.
1458 2555 1514 2594 Hi
1552 2564 1723 2608 poterant
1768 2566 1901 2592 omnes

514 2622 646 2662 eadem
677 2623 742 2662 illa
773 2623 818 2662 de
849 2621 1119 2662 Andromacha
1151 2621 1376 2675 deplorarc3
1408 2623 1502 2661 Haec
1529 2621 1644 2661 omnia
1672 2619 1751 2659 vids·
1753 2649 1901 2658 .....
