2330 2983
608 243 660 275 22
926 232 989 270 M.
1049 228 1683 270 T.C1·'CERONIS

604 323 838 366 -Adversatur
857 324 974 362 'enim
1005 323 1192 376 primum,
1217 321 1334 374 ¹quocl
1353 335 1490 376 parum
1520 321 1695 375 defigunt
1713 320 1863 361 animos
1881 330 1920 361 et
1938 322 2002 361 in-

608 391 772 430 tendunt
791 391 830 428 in
851 403 905 433 ea,
938 388 1240 441 quaeperspicua
1258 387 1358 432 sunt,
1390 397 1447 432 ut,
1478 387 1622 439 quanta
1650 387 1739 426 luce
1770 401 1813 425 m
1830 388 2002 426 circum-

607 456 690 495 fusa
730 455 830 500 sunt,
867 454 1006 508 poffint
1039 453 1239 507 agnoscere
1257 468 1266 491 ε
1302 453 1466 491 alterum
1500 453 1566 498 est,
1597 452 1702 506 quod
1734 451 1937 492 fallacibus
1965 462 2003 491 et

607 520 780 575 captiosis
811 518 1171 572 interrogationibus
1204 518 1487 570 circumscripti
1515 526 1630 571 atque
1658 518 1810 571 decepti
1829 518 2002 571 quidam,

607 601 701 626 cum
719 600 779 625 eas
809 585 1004 624 diffolvere
1024 597 1101 623 non
1121 584 1287 638 possunt,
1324 583 1536 622 desciscunt
1563 597 1585 621 a
1606 584 1776 623 veritate.
1836 584 2005 636 Oportet

608 654 728 706 igitur
747 661 785 690 et
803 665 859 696 ea,
876 664 962 703 quae
977 664 1046 704 pro
1066 649 1329 703 perspicuitate
1349 649 1563 702 responderi
1578 649 1745 703 poffunt,
1766 649 1806 687 in
1820 657 2004 702 promptu

606 718 759 764 habere,
794 718 840 756 de
870 717 1012 769 quibus
1026 717 1108 769 jam
1127 716 1323 760 diximus;
1354 725 1392 753 et
1424 714 1496 753 effe
1525 724 1702 760 armatos,
1733 723 1777 754 ut
1806 727 2004 754 occurrere

607 785 789 838 poffimus
810 782 1171 834 interrogationibus
1192 795 1340 826 eorum,
1362 780 1630 834 captionesque
1649 781 1849 820 discutere.
1886 780 2004 833 Qod

604 851 784 902 deinceps
804 847 926 886 facere
945 847 1139 885 constitui.

661 917 866 968 Exponam
901 914 1020 966 igitur
1050 913 1263 966 generatim
1294 922 1520 966 argumenta
1547 926 1697 958 eorum,
1732 912 1918 965 quoniam
1938 911 2005 965 ipsi

605 982 724 1021 etiam
745 981 810 1019 illa
829 979 948 1018 solent
969 993 1046 1017 non
1067 978 1223 1017 confuse
1242 979 1365 1031 loqui.
1425 979 1605 1018 Primum
1621 987 1810 1017 conantur
1829 966 2004 1016 ostende-

608 1062 661 1093 re,
697 1047 820 1085 multa
841 1045 940 1098 posse
959 1045 1079 1083 videri
1108 1044 1193 1089 effe,
1229 1058 1314 1097 quae
1333 1044 1496 1083 omnino
1514 1044 1620 1082 nulla
1639 1044 1741 1088 sunt,
1767 1057 1860 1082 cum
1885 1043 2005 1085 animi

606 1114 770 1153 inaniter
790 1120 1014 1150 moveantur
1029 1111 1164 1149 eodem
1182 1111 1300 1149 modo
1319 1111 1431 1149 rebus
1452 1111 1513 1156 iis,
1530 1124 1616 1163 quae
1636 1109 1752 1148 nullae
1771 1109 1858 1154 fint,
1879 1118 1923 1148 ut
1942 1109 2004 1154 iis,

605 1194 692 1234 quae
712 1179 797 1218 sint.
829 1178 936 1217 Nam
956 1190 1047 1215 cum
1067 1177 1216 1222 dicatis,
1236 1177 1434 1229 inquiunt,
1452 1177 1528 1215 visa
1545 1177 1721 1230 quaedam
1742 1176 1848 1214 mitti
1867 1189 1889 1214 a
1903 1177 2004 1220 Deo,

605 1245 713 1284 velut
733 1257 788 1289 ea,
824 1257 908 1296 quae
938 1243 979 1281 in
1008 1243 1166 1281 somniis
1186 1243 1399 1288 videantur,
1432 1256 1595 1296 quaeque
1614 1243 1791 1287 oraculis,
1813 1241 2004 1294 auspiciis,

607 1312 705 1349 extis
725 1310 963 1348 declarentur
978 1328 989 1354 ;
1024 1308 1122 1360 (haec
1142 1310 1247 1346 enim
1267 1310 1375 1347 aiunt
1394 1310 1546 1361 probari
1565 1323 1587 1347 a
1606 1309 1757 1354 Stoicis,
1784 1321 1882 1360 quos
1908 1321 2005 1346 con-

606 1386 664 1415 tra
693 1376 904 1429 disputant)
935 1372 1125 1427 quaerunt‚
1156 1387 1326 1426 quonam
1356 1374 1488 1419 modo,
1517 1373 1609 1412 falsa
1627 1373 1704 1411 visa
1734 1387 1819 1426 quae
1847 1373 1935 1417 sint,
1964 1386 2006 1411 ea

608 1443 715 1481 Deus
734 1442 883 1480 efficere
903 1441 1013 1493 poffit
1032 1440 1246 1493 probabilia
1261 1459 1272 1485 ³
1296 1453 1381 1492 quae
1399 1450 1529 1478 autem
1545 1440 1656 1493 plane
1676 1440 1853 1492 proxime
1873 1439 1919 1477 ad
1939 1453 2006 1477 ve-

608 1522 696 1547 rum
717 1507 912 1551 accedant,
938 1506 1088 1544 efficere
1109 1519 1185 1544 non
1206 1505 1316 1558 poffit
1335 1507 1347 1543 ?
1378 1515 1457 1550 aut,
1488 1506 1513 1544 si
1534 1519 1577 1543 ea
1606 1519 1761 1558 quoque
1781 1505 1907 1557 poffit,
1938 1518 2007 1543 cur

608 1575 675 1613 illa
694 1587 770 1612 non
791 1572 916 1626 possit,
948 1584 1034 1624 quae
1060 1571 1349 1624 perdifficiliter,
1385 1571 1687 1610 internoscantur
1707 1571 1866 1609 tamen?
1897 1579 1950 1615 et,
1979 1571 2006 1611 sl

606 1640 703 1685 haec,
724 1653 794 1678 cur
812 1652 889 1677 non
911 1638 1009 1676 inter
1028 1651 1114 1690 qua:
1135 1637 1230 1675 nihil
1254 1637 1296 1675 sit
1312 1638 1474 1675 omnino
1492 1639 1505 1675 ?

663 1706 828 1750 Deinde,
859 1719 950 1743 cum
985 1718 1092 1743 mens
1121 1715 1318 1743 moveatur
1349 1704 1426 1757 ipsa
1456 1718 1521 1757 per
1549 1703 1634 1749 sese,
1667 1712 1709 1742 ut
1739 1713 1777 1741 et
1805 1716 1848 1741 ea
1877 1703 2004 1742 decla-

609 1781 704 1817 rant,
732 1785 818 1825 quae
836 1771 1068 1823 cogitatione
1088 1770 1350 1823 depingimus,
1380 1779 1419 1808 et
1447 1783 1502 1815 ea,
1538 1784 1622 1822 quae
1656 1770 1715 1807 vel
1746 1768 1910 1814 furiofis,
1945 1769 2005 1807 vel

607 1838 888 1878 dormientibus
908 1836 1086 1874 videntur
1101 1855 1113 1881 3
1147 1849 1286 1881 nonne,
1305 1837 1501 1889 inquiunt,
1521 1835 1722 1874 verisimile
1740 1835 1797 1880 fit,
1819 1835 1869 1873 fic
1888 1835 2006 1874 etiam

608 1913 781 1943 mentem
803 1902 962 1947 moveri,
985 1912 1028 1940 ut
1052 1914 1126 1940 non
1145 1902 1262 1940 modo
1278 1915 1353 1940 non
1372 1901 1614 1946 internoscat,
1634 1915 1719 1939 vera
1739 1901 1804 1939 illa
1823 1900 1901 1939 visa
1917 1901 2005 1946 sint,

607 1984 704 2008 anne
724 1968 826 2014 falsa,
858 1968 918 2006 sed
940 1978 981 2006 ut
1002 1968 1040 2006 in
1062 1966 1122 2006 his
1143 1967 1239 2005 nihil
1263 1969 1404 2007 intersit
1423 1968 1585 2006 omnino
1604 1968 1616 2005 ?
1648 1976 1704 2012 ut,
1729 1967 1753 2005 si
1774 1967 1842 2019 qui
1862 1977 2004 2005 treme-

609 2046 692 2075 rent
721 2045 760 2074 et
793 2035 1086 2080 exalbescerent,
1120 2035 1177 2072 vel
1206 2035 1273 2087 ipsi
1305 2049 1370 2087 per
1400 2035 1434 2073 se
1466 2044 1575 2073 motu
1604 2035 1745 2072 mentis
1773 2034 1916 2086 aliquo,
1946 2035 2005 2072 vel

607 2103 756 2155 objecta
790 2101 950 2140 terribili
982 2115 1020 2139 re
1039 2101 1285 2146 extrinsecus,
1318 2100 1415 2139 nihil
1447 2111 1489 2139 ut
1507 2100 1596 2139 effet
1617 2101 1685 2153 qui
1713 2100 2007 2153 distingueretur

608 2178 752 2207 tremor
772 2168 838 2207 ille
856 2177 893 2206 et
915 2167 1048 2221 pallor,
1080 2180 1203 2221 neque
1223 2177 1266 2206 ut
1289 2168 1503 2221 quidquam
1536 2167 1720 2205 intereffct
1740 2167 1838 2205 inter
1858 2166 2005 2204 intesti-

603 2247 704 2273 num
724 2243 761 2272 et
781 2233 971 2272 oblatum.

663 2300 872 2344 Postremo,
895 2299 918 2338 sl
942 2299 1046 2338 nulla
1064 2299 1139 2337 visa
1160 2299 1244 2338 sunt
1275 2300 1500 2353 probabilia,
1521 2313 1606 2352 qum
1637 2298 1726 2337 falsa
1746 2298 1832 2342 tint,
1853 2298 1925 2336 alia
1945 2312 2006 2339 ra-

609 2368 664 2405 tio
682 2366 747 2405 est.
794 2366 856 2404 Sin
878 2375 1005 2404 autem
1027 2365 1112 2404 sunt
1130 2384 1140 2410 ς
1170 2379 1241 2404 cur
1261 2379 1336 2404 non
1357 2366 1473 2404 ctiam
1493 2379 1578 2418 qua:
1596 2379 1671 2404 non
1691 2364 1802 2403 facilc
1820 2365 2005 2403 internos·

603 2433 768 2472 cantur?
798 2446 867 2471 cur
888 2445 962 2471 non
986 2441 1027 2470 ut
1047 2430 1156 2485 pl'ane
1178 2430 1274 2471 nihil
1295 2433 1438 2471 intersit
1457 2433 1470 2470 ?
1499 2432 1704 2485 praescrtim
1724 2445 1816 2470 cum
1848 2431 1914 2484 ipsi
1942 2430 2003 2468 di-

605 2500 715 2543 catis,
739 2499 945 2552 sapientem
968 2499 1006 2537 in
1027 2497 1152 2537 furore
1170 2498 1346 2539 sustinere
1367 2498 1401 2538 se
1419 2499 1467 2538 ab
1482 2500 1591 2539 omni
1611 2497 1766 2544 assensu,
1789 2498 1880 2551 quia
1900 2496 2006 2535 nulla

606 2564 646 2604 in
667 2564 752 2606 vifis
771 2564 963 2604 distinctio
978 2573 1164 2619 appareat.
