2330 2983
421 193 495 247 378
732 191 1514 233 TUSCULANARUM

416 291 695 346 conjunxifl‘et;
725 304 817 331 eum
835 290 977 345 ipsum,
1008 305 1102 332 cum
1120 290 1245 333 forem
1275 294 1448 333 cubiculi
1467 293 1662 341 clauserat,
1683 296 1816 337 detor-

417 359 573 411 quebat.
604 357 806 410 Idemque,
838 370 932 397 cum
951 358 993 398 in
1012 360 1289 399 communibus
1309 359 1491 415 suggestis
1511 361 1708 401 confistere
1736 376 1819 402 non

417 422 584 468 auderet,
614 421 835 462 concionari
853 436 901 463 ex
920 423 1016 462 turri
1035 424 1112 463 alta
1130 425 1286 465 solebat.
1318 428 1449 479 Atque
1464 426 1510 473 is,
1541 425 1633 466 cum
1652 426 1733 481 pila
1751 428 1816 466 lu-

415 487 504 525 dere
534 487 662 533 vellet,
695 487 876 540 (studiose
908 489 1016 528 enim
1043 489 1084 529 id
1113 489 1328 545 factitabat)
1360 493 1611 546 tunicamque
1639 502 1814 547 poneret,

415 553 711 599 adolescentulo,
741 567 862 607 quern
895 556 1060 602 amabat,
1091 557 1280 596 tradidiffe
1312 558 1487 611 gladium
1518 559 1674 598 dicitur.
1734 560 1816 598 Hic

417 631 511 657 cum
531 619 691 672 quidam
720 617 921 660 familiaris
946 622 1080 674 jocans
1111 622 1274 669 dixisset,
1304 625 1406 664 Huic
1431 625 1566 678 quidem
1584 634 1680 665 certe
1698 625 1817 664 vitam

415 693 518 723 tuam
536 685 737 730 committis,
768 685 1017 738 arrififfetque
1046 687 1260 727 adolescens
1275 707 1288 734 ς
1320 699 1531 743 utrumque
1555 691 1663 743 juflit
1693 691 1816 730 inter-

416 750 508 788 fici:
539 750 716 796 alterum,
747 751 838 803 quia
857 752 960 790 viam
980 752 1302 793 demonstravisset
1320 756 1569 795 interimendi
1602 757 1686 801 sui;
1718 757 1816 795 alte-

416 829 517 860 rum,
539 815 630 867 quia
647 815 688 853 id
704 815 853 854 dictum
873 817 948 855 risu
966 818 1253 870 approbavisset.
1275 821 1408 872 Atque
1426 833 1472 859 eo
1491 820 1592 860 facto
1611 820 1661 859 fic
1677 820 1817 865 doluit,

416 889 460 918 ut
481 879 578 918 nihil
597 881 748 933 gravius
768 881 900 921 tulerit
919 883 960 921 in
990 884 1091 922 vita:
1125 898 1244 938 quern
1263 885 1370 924 enim
1388 885 1636 926 vehementer
1660 895 1818 933 amarat,

414 946 619 986 occiderat.
657 947 719 985 Sic
738 946 1000 988 distrahuntur
1019 950 1059 988 in
1079 951 1284 993 contrarias
1304 961 1426 1005 partes
1446 953 1725 1006 impotentium
1744 966 1817 991 cu·-

415 1012 594 1064 piditates
616 1027 626 1051 :
657 1026 750 1052 eum
770 1012 864 1053 huic
879 1015 1083 1055 obsecutus
1103 1017 1162 1063 fis,
1184 1017 1244 1056 illi
1264 1018 1317 1057 est
1337 1019 1645 1072 repugnandum.
1677 1020 1816 1071 Qan-

416 1091 535 1130 quam
556 1077 622 1116 hic
643 1079 804 1130 quidem
824 1088 1006 1132 tyrannus
1027 1082 1106 1134 ipse
1125 1083 1324 1129 indicavit,
1345 1098 1464 1136 quam
1483 1085 1570 1123 effet
1586 1085 1732 1123 beatus.

471 1143 585 1182 XXI.
632 1144 738 1183 Nam
769 1158 863 1183 cum
898 1146 1057 1198 quidam
1091 1161 1138 1187 ex
1171 1149 1252 1201 ejus
1284 1149 1571 1190 affentatoribus
1607 1149 1816 1190 Damocles

415 1218 739 1247 commemoraret
768 1210 810 1247 in
829 1210 1001 1249 sermone
1020 1213 1149 1266 copias
1170 1215 1266 1266 ejus,
1296 1229 1401 1268 opes,
1428 1217 1665 1268 majestatem
1684 1217 1816 1256 domi-

416 1272 541 1318 natfis,
578 1287 706 1312 rerum
736 1273 1026 1322 abundantiam,
1062 1278 1393 1331 magnificentiam
1425 1281 1565 1320 aedium
1595 1282 1816 1334 regiarum;

416 1349 648 1392 negaretque
668 1353 840 1392 unquam
867 1341 1076 1382 beatiorem
1103 1357 1343 1397 quemquam
1368 1345 1502 1392 fuifl‘e;
1534 1347 1652 1385 Visne
1682 1348 1817 1400 igitur,

417 1406 558 1458 inquit,
579 1406 603 1444 ὂ
623 1406 827 1452 Damocle,
858 1408 1045 1460 quoniam
1077 1409 1159 1448 haec
1180 1420 1218 1449 te
1249 1412 1327 1450 vita
1346 1412 1521 1458 delectat,
1551 1413 1629 1467 ipse
1656 1413 1818 1452 eandem

416 1471 623 1523 degustare,
642 1481 680 1509 et
699 1471 896 1511 fortunam
915 1475 1080 1527 experiri
1097 1478 1251 1515 meam?
1276 1479 1382 1516 Cum
1402 1479 1437 1516 se
1456 1479 1522 1517 ille
1542 1493 1680 1532 cupere
1697 1479 1818 1518 dixis-

418 1536 484 1581 set,
516 1536 695 1575 collocari
710 1537 817 1588 juffit
836 1537 1039 1578 hominem
1071 1540 1111 1578 in
1132 1554 1243 1580 aureo
1262 1543 1374 1587 lecto,
1402 1543 1515 1582 strato
1536 1544 1817 1596 pulcherrimo,

417 1601 545 1640 textili
565 1602 742 1654 stragulo,
773 1604 990 1656 magnificis
1008 1607 1188 1658 operibus
1209 1608 1312 1660 pie'to
1328 1627 1340 1653 5
1371 1609 1580 1662 abacosque
1598 1610 1818 1663 complures

416 1667 564 1705 ornavit
584 1675 741 1718 argento
759 1681 927 1720 auroque
946 1670 1092 1709 caelato.
1135 1673 1245 1710 Tum
1265 1673 1311 1711 ad
1330 1674 1502 1712 mensam
1528 1675 1671 1713 eximia
1691 1674 1819 1713 forma

418 1745 555 1785 pueros
581 1731 746 1771 delectos
770 1732 879 1784 juffit
912 1734 1123 1781 consistere,
1153 1737 1291 1790 eosque
1323 1748 1467 1778 nutum
1487 1740 1591 1779 illius
1624 1742 1816 1780 intuentes

417 1797 620 1849 diligenter
640 1797 867 1837 ministrare,
917 1799 1087 1839 Aderant
1107 1813 1317 1856 unguenta,
1347 1818 1523 1850 coronae;
1556 1806 1816 1845 incendeban-

418 1872 479 1900 tur
499 1863 632 1901 odores
649 1882 660 1909 3
693 1864 830 1902 mensae
849 1866 1176 1918 conquisitissimis
1197 1870 1318 1922 epulis
1339 1871 1626 1910 extruebantur.
1672 1873 1704 1910 F
1706 1881 1816 1911 ortu-

419 1938 573 1967 tunatus
607 1929 677 1967 fibi
704 1930 912 1969 Damocles
943 1932 1154 1972 videbatur.
1201 1937 1246 1973 In
1272 1935 1346 1974 hoc
1378 1938 1508 1976 medio
1534 1948 1714 1991 apparatu
1735 1937 1817 1977 ful-

419 2005 576 2048 gentem
596 1995 769 2047 gladium
798 2010 818 2033 e
852 1996 1034 2043 lacunari,
1067 1999 1142 2037 seta
1170 2002 1311 2053 equina
1343 2013 1491 2055 aptum,
1524 2004 1815 2055 demittijuslit,

418 2070 460 2098 ut
491 2061 731 2113 impenderet
751 2061 855 2099 illius
877 2062 975 2101 beati
995 2065 1222 2104 cervicibus.
1274 2068 1407 2120 Itaque
1431 2082 1498 2106 nec
1525 2067 1707 2121 pulchros
1729 2070 1816 2108 illos

418 2127 690 2165 ministratores
710 2127 928 2180 aspiciebat,
948 2144 1017 2169 nec
1033 2131 1193 2184 plenum
1209 2134 1296 2172 artis
1314 2145 1540 2187 argentum;
1564 2149 1633 2174 nec
1654 2150 1815 2175 manum

419 2193 636 2246 porrigebat
667 2194 706 2231 in
735 2195 930 2234 mensam:
958 2197 1040 2248 jam
1073 2198 1158 2251 ipsa:
1192 2199 1408 2238 defluebant
1439 2215 1611 2240 coronae:
1649 2203 1816 2255 denique

417 2258 586 2296 exoravit
608 2268 828 2310 tyrannum,
852 2270 894 2298 ut
914 2262 1016 2299 abire
1036 2263 1179 2309 liceret,
1213 2266 1315 2317 quod
1331 2268 1413 2319 jam
1436 2267 1567 2305 beatus
1588 2268 1709 2311 nollet
1729 2267 1812 2307 cll'e.

418 2324 561 2362 Satisne
591 2325 742 2364 videtur
772 2326 966 2365 declarasse
1003 2330 1223 2381 Dionysius,
1256 2332 1352 2370 nihil
1383 2333 1452 2371 esse
1485 2335 1519 2372 ei
1552 2335 1721 2379 beatum,
1752 2335 1815 2373 cui

421 2391 565 2443 semper
585 2392 730 2444 aliquid
763 2395 913 2432 terroris
941 2395 1187 2448 impendeat?
1219 2400 1349 2451 Atque
1369 2399 1401 2436 ci
1432 2414 1476 2437 ne
1507 2401 1702 2454 integrum
1724 2402 1814 2454 qui-

418 2456 507 2495 dem
527 2468 619 2502 crat,
651 2468 693 2497 ut
722 2460 767 2497 ad
791 2459 979 2512 justitiam
1006 2463 1238 2515 remigraret,
1269 2465 1494 2518 civibusque
1530 2467 1746 2506 libertatem
1776 2477 1814 2505 et

414 2523 498 2572 jura
519 2524 687 2563 redderet
703 2540 711 2563 ε
745 2526 790 2564 iis
810 2527 916 2566 enim
932 2527 967 2566 sc
983 2528 1195 2569 adolescens
1213 2531 1252 2569 in
1271 2532 1484 2585 improvida
1506 2542 1613 2572 :etate
1630 2534 1811 2572 irretierit
