2330 2983
677 276 951 317 LIBER
1008 262 1439 329 QUARTUS.
1680 290 1754 329 339

423 374 518 414 XII.
549 376 682 426 Atque
707 383 750 412 ut
776 374 822 412 ad
850 374 1077 413 valetudinis
1111 374 1404 419 similitudinem
1436 375 1601 419 veniam,
1637 388 1756 427 eaque

365 439 568 479 collatione
588 449 741 478 utamur
758 439 978 491 aliquando,
1008 439 1072 477 sed
1086 440 1236 492 parcius
1256 454 1373 492 quam
1393 440 1512 479 solent
1534 441 1650 480 Stoici
1667 459 1678 485 ;
1713 451 1755 478 ut

364 504 450 545 sunt
469 505 533 543 alii
553 504 599 543 ad
629 504 721 543 alios
741 505 898 549 morbos
928 505 1187 557 procliviores,
1218 505 1367 557 (itaque
1397 506 1562 545 dicimus
1581 507 1754 558 gravedi-

363 569 472 607 nosos
493 569 690 622 quosdam,
709 569 893 622 quosdam
913 569 1156 614 torminosos,
1177 582 1255 608 non
1276 570 1366 622 quia
1380 571 1461 622 jam
1481 570 1565 615 fint,
1584 572 1645 608 sed
1667 574 1756 623 quia

363 634 457 688 saepe
476 632 566 687 fin't)
587 635 652 673 alii
671 634 718 673 ad
737 644 903 681 metum,
934 635 999 678 alii
1019 634 1065 679 ad
1090 635 1204 674 aliam
1225 635 1550 688 perturbationem
1570 651 1578 674 ε
1611 651 1657 675 ex
1678 651 1755 689 quo

362 700 403 738 in
423 701 506 740 aliis
526 701 708 747 anxietas,
729 702 831 740 unde
851 701 982 747 anxii,
1012 701 1054 740 in
1084 701 1167 740 aliis
1196 701 1392 740 iracundia
1411 702 1565 748 dicitur,
1598 716 1683 754 quae
1709 703 1756 741 ab

363 766 418 805 ira
437 765 578 812 differt,
600 766 730 820 estque
750 767 853 806 aliud
872 767 1101 809 iracundum
1121 767 1207 812 effe,
1239 767 1344 811 aliud
1362 767 1504 811 iratum
1522 782 1531 806 ε
1566 777 1608 806 ut
1628 768 1756 806 differt

363 832 529 871 anxietas
550 833 597 874 ab
615 846 756 886 angore
772 851 784 878 ς
815 847 941 886 neque
959 834 1066 872 enim
1085 846 1222 872 omnes
1241 834 1360 878 anxii,
1383 834 1453 886 qui
1472 843 1665 887 anguntur
1684 834 1755 872 ali-

364 897 530 948 quando,
552 911 623 936 nec
640 898 711 950 qui
731 898 849 944 anxii,
868 898 1017 951 semper
1036 907 1230 951 anguntur
1248 913 1256 936 :
1288 907 1332 936 ut
1351 899 1452 937 inter
1477 899 1699 943 ebrietatem
1719 908 1757 937 et

363 961 616 1001 ebriositatem
646 963 821 1008 interest,
852 963 1033 1015 aliudque
1062 964 1116 1001 est
1138 973 1345 1003 amatorem
1375 963 1460 1009 effe,
1491 963 1594 1002 aliud
1623 977 1756 1002 aman-

362 1036 458 1065 tem.
494 1029 629 1080 Atque
646 1026 729 1066 haec
748 1028 914 1067 aliorum
933 1029 979 1068 ad
998 1029 1091 1068 alios
1112 1030 1269 1073 morbos
1289 1030 1507 1082 proclivitas
1527 1029 1601 1072 late
1624 1039 1727 1082 patet
1743 1049 1754 1073 ;

362 1105 453 1130 nam
470 1094 636 1146 pertinet
655 1093 702 1132 ad
720 1107 854 1132 omnes
873 1095 1191 1147 perturbationes.
1214 1096 1260 1133 In
1281 1095 1415 1134 multis
1431 1095 1546 1133 etiam
1566 1095 1668 1133 vitiis
1689 1109 1756 1148 ap-

362 1168 468 1211 paret
479 1177 491 1204 5
522 1159 586 1197 ted
602 1172 745 1198 nomen
765 1173 822 1198 res
842 1173 920 1198 non
940 1158 1069 1199 habet.
1114 1160 1220 1213 Ergo
1238 1169 1275 1198 et
1293 1160 1429 1206 invidi,
1451 1169 1489 1199 et
1508 1161 1699 1205 malevoli,
1720 1171 1758 1199 et

362 1225 487 1270 lividi,
508 1235 546 1265 et
567 1226 709 1272 timidi,
730 1235 768 1265 et
787 1226 1064 1272 misericordes,
1095 1228 1186 1279 quia
1203 1227 1392 1280 proclives
1411 1227 1458 1266 ad
1472 1241 1535 1266 eas
1558 1228 1756 1280 perturba-

363 1292 500 1337 tiones,
518 1307 597 1331 non
613 1293 704 1345 quia
718 1292 879 1345 semper,
891 1292 1080 1331 feruntur.
1103 1294 1201 1332 Haec
1217 1293 1336 1346 igitur
1350 1293 1568 1346 proclivitas
1585 1294 1629 1332 ad
1646 1294 1758 1333 suum

363 1358 545 1411 quodque
564 1372 697 1410 genus,
729 1372 749 1396 a
768 1359 1020 1398 similitudine
1039 1359 1224 1411 corporis,
1258 1360 1453 1412 aegrotatio
1473 1359 1629 1404 dicitur,
1661 1360 1756 1399 dum

362 1437 405 1461 ea
423 1424 661 1477 intelligatur
691 1425 737 1464 ad
757 1425 1018 1477 aegrotandum
1038 1425 1271 1478 proclivitas,
1314 1425 1385 1464 Sed
1403 1424 1485 1464 haec
1504 1426 1544 1464 in
1566 1426 1674 1464 bonis
1696 1440 1755 1463 re-

364 1489 450 1535 bus,
480 1490 585 1543 quod
619 1490 682 1528 alii
713 1490 759 1528 ad
792 1490 864 1527 alia
898 1491 997 1528 bona
1025 1491 1111 1528 sunt
1130 1490 1308 1542 aptiores,
1323 1491 1496 1543 jc'zcilitas
1522 1492 1754 1534 nominetur,

363 1555 404 1594 in
433 1556 544 1594 malis
567 1555 798 1608 proclivitas,
829 1564 871 1592 ut
906 1555 1090 1608 significet
1123 1555 1358 1608 lapfionem:
1390 1556 1430 1594 in
1451 1557 1595 1594 neutris
1621 1555 1757 1595 habeat

363 1619 532 1674 superius
553 1633 709 1658 nomen.

417 1687 533 1725 X111.
564 1687 657 1738 Qo
676 1685 794 1724 modo
812 1694 940 1724 autem
960 1686 999 1724 in
1019 1699 1176 1740 corpore
1195 1686 1247 1725 est
1275 1687 1449 1732 morbus,
1480 1697 1518 1725 et
1547 1689 1755 1740 aegrotatiO,

361 1761 400 1792 et
419 1753 588 1798 vitium3
619 1751 669 1790 sic
688 1752 730 1791 in
750 1753 894 1790 animo.
933 1751 1105 1791 Morbum
1125 1751 1317 1804 appel-lant
1337 1753 1454 1794 totius
1475 1753 1644 1805 corporis
1663 1768 1754 1793 cor-

358 1819 606 1872 ruptionem:
637 1819 917 1870 aegrotationem,
947 1817 1130 1856 morbum
1163 1831 1256 1857 cum
1283 1817 1578 1861 imbecillitate:
1609 1819 1755 1866 vitium,

362 1897 454 1922 cum
475 1894 596 1936 partes
616 1885 785 1936 corporis
806 1884 904 1921 inter
924 1883 958 1921 se
978 1882 1153 1921 diffident
1166 1902 1179 1928 5
1212 1897 1260 1922 ex
1278 1897 1358 1935 quo
1376 1884 1536 1936 pravitas
1557 1886 1756 1924 membro-

360 1963 465 1995 rum,
487 1949 672 1994 distortio,
693 1948 929 1988 deformitas.
962 1950 1096 2001 Itaque
1115 1950 1181 1988 illa
1200 1949 1290 1994 duo,
1311 1949 1469 1988 morbus
1489 1959 1528 1988 et
1542 1953 1755 2003 ‚aegrotatiQ

363 2028 410 2053 ex
445 2015 562 2053 totius
597 2014 822 2053 valetudinis
853 2015 1022 2068 corporis
1067 2015 1374 2068 conquassatione
1408 2026 1446 2054 et
1475 2017 1758 2069 perturbatione

360 2082 602 2134 gignuntur:
634 2081 773 2119 vitium
793 2090 937 2126 autem,
958 2081 1105 2134 integra
1124 2082 1351 2127 valetudine,
1382 2082 1508 2134 ipsum
1539 2096 1586 2122 ex
1607 2083 1642 2121 se
1673 2098 1755 2122 cer-

361 2148 481 2186 nitur.
514 2147 585 2186 Sed
605 2147 643 2185 in
663 2147 794 2185 animo
815 2148 1086 2186 tantummodo
1104 2148 1337 2200 cogitatione
1358 2148 1552 2201 possumus
1574 2150 1755 2188 morbum

363 2214 410 2251 ab
441 2214 683 2266 aegrotatione
702 2213 908 2265 sejungere.
954 2214 1135 2265 Vitiqsitas
1153 2223 1281 2253 autem
1302 2214 1354 2253 est
1379 2214 1533 2254 habitus
1555 2226 1618 2254 aut
1638 2216 1753 2254 affcc-

365 2280 420 2317 tio
438 2280 477 2317 in
500 2290 578 2318 tota
597 2279 674 2318 vita
693 2279 920 2324 inconstans,
949 2289 989 2318 et
1008 2294 1027 2317 a
1049 2280 1081 2318 se
1107 2280 1184 2333 ipsa
1203 2280 1434 2320 diffentiens.
1485 2283 1542 2320 lta
1560 2281 1618 2325 fit,
1642 2292 1684 2319 ut
1714 2282 1753 2320 in

364 2345 491 2390 altera,
512 2346 754 2398 corruptione
774 2346 1002 2399 opinionum
1025 2348 1182 2385 morbus
1202 2347 1390 2386 efficiatur
1409 2357 1445 2385 et
1465 2348 1659 2400 aegrotatio
1671 2365 1683 2392 ς
1714 2348 1754 2386 in

363 2411 492 2456 altera,
534 2411 784 2450 inconstantia
815 2421 854 2450 et
885 2414 1149 2466 repugnantia.
1195 2413 1290 2452 Non
1323 2414 1428 2451 enim
1461 2426 1577 2451 omne
1614 2413 1754 2452 vitium

363 2487 487 2530 partes
505 2476 621 2516 habet
639 2477 894 2517 diffentientes
910 2498 922 2525 ς
955 2490 997 2519 ut
1022 2493 1171 2524 eorum,
1203 2479 1271 2531 qui
1298 2492 1374 2516 non
1394 2479 1509 2531 longe
1528 2492 1549 2516 a
1574 2478 1756 2532 sapientia

365 2543 512 2588 absunt,
534 2541 683 2582 affectio
702 2544 754 2582 est
774 2545 838 2583 illa
858 2545 1017 2597 quidem
1039 2545 1250 2597 discrepans
1270 2544 1340 2582 fibi
1356 2543 1447 2597 ipsa,
1478 2544 1573 2583 dum
1592 2545 1643 2583 est
1661 2545 1753 2583 infi-

365 2609 486 2661 piens,
513 2608 578 2648 sed
597 2623 675 2649 non
695 2609 862 2655 distorta,
882 2623 953 2650 nec
974 2623 1097 2663 prava.
1136 2609 1270 2649 Morbi
1289 2619 1418 2648 autem
1437 2619 1476 2648 et
1495 2611 1762 2662 aegrotationes,

1330 2676 1364 2713 V
1387 2689 1408 2713 v
1437 2689 1457 2714 2
