2330 2983
554 231 629 271 288
861 227 1632 267 TUSCULANARUM

548 331 756 384 patientia;
788 329 813 366 fi
833 328 939 366 nulla
957 327 1021 372 est,
1052 328 1147 380 quid
1169 339 1396 366 exornamus
1417 326 1698 381 philosophiam
1718 330 1731 366 ?
1762 339 1825 368 aut
1844 332 1937 383 quid

550 397 630 448 ejus
652 395 809 433 nomine
829 392 978 446 gloriosi
999 392 1129 430 sumus
1147 392 1160 428 ?
1192 393 1336 446 Pungit
1355 393 1476 432 dolor.
1519 393 1592 431 Vel
1618 392 1738 432 fodiat
1757 394 1853 433 sane.
1899 396 1937 433 Si

549 461 675 499 nudus
696 473 747 505 es,
778 459 824 497 da
837 458 1048 511 juguhun,
1079 457 1133 496 sm
1154 459 1274 497 tectus
1295 458 1493 497 Vulcaniis
1514 459 1642 505 armis,
1672 460 1712 498 id
1730 460 1797 505 est,
1824 459 1934 499 forti-

550 526 698 571 tudine,
729 524 860 564 refiste.
927 525 1023 562 Haec
1056 523 1161 561 enim
1182 532 1232 569 te,
1263 523 1331 562 nifi
1365 524 1418 562 ita
1435 523 1563 570 facies,
1595 524 1719 564 custos
1739 526 1936 579 dignitatis

548 593 741 645 relinquet
759 600 797 629 et
817 590 970 629 deseret.

611 660 772 697 Cretum
792 657 950 709 quidem
984 656 1086 708 leges
1109 656 1218 708 (quas
1248 655 1321 693 sive
1352 656 1516 709 Jupiter,
1552 657 1624 695 five
1644 658 1777 696 Minos
1799 657 1934 703 sanxit,

549 725 595 762 de
614 725 720 775 Jovis
750 723 907 775 quidem
928 721 1123 765 sententia,
1157 730 1199 758 ut
1230 730 1350 773 poetae
1383 720 1528 773 ferunt)
1561 722 1732 774 itemque
1751 724 1935 776 Lycurgi,

547 788 742 827 laboribus
776 787 956 824 erudiunt
982 787 1244 837 juventutem,
1274 785 1458 830 venando,
1494 786 1695 830 currendo,
1724 786 1935 832 esuriendo,

548 854 719 898 sitiendo,
740 851 915 905 algendo,
937 851 1138 889 aestuando.
1198 852 1335 902 Spartae
1355 863 1444 889 vero
1463 851 1570 903 pueri
1590 851 1635 889 ad
1655 863 1756 890 aram
1782 851 1833 890 fic
1851 865 1935 890 ver-

548 921 701 959 beribus
721 918 975 971 accipiuntur,
1006 925 1049 954 ut
1068 915 1216 954 multus
1238 928 1258 953 e
1277 915 1482 954 visceribus
1503 916 1652 969 sanguis
1671 926 1779 955 exeat
1791 936 1803 962 ς
1835 931 1935 956 non-

547 999 746 1039 nunquam
765 985 896 1029 etiam,
927 992 982 1027 ut,
1003 995 1095 1021 cum
1115 982 1170 1020 ibi
1191 980 1318 1027 essem,
1339 982 1555 1028 audiebam,
1576 983 1622 1020 ad
1641 995 1776 1022 necem
1791 1002 1804 1028 3
1835 997 1936 1036 quo-

548 1065 634 1091 rum
655 1065 731 1090 non
753 1050 869 1089 modo
889 1062 1006 1087 nemo
1024 1048 1251 1087 exclamavit
1270 1061 1456 1100 unquam,
1487 1049 1547 1087 sed
1567 1061 1615 1086 ne
1634 1049 1827 1102 ingemuit
1846 1051 1936 1101 qui-

545 1118 649 1157 dem.
681 1117 789 1169 Qid
808 1114 925 1169 ergo?
954 1113 1030 1152 hoc
1050 1114 1157 1167 pueri
1177 1112 1344 1166 possunt,
1374 1114 1444 1152 viri
1464 1127 1541 1153 non
1560 1116 1766 1167 poterunt?
1797 1124 1835 1153 et
1852 1128 1936 1153 mos

503 1227 510 1235 .
545 1183 658 1228 valet,
679 1183 775 1221 ratio
793 1195 870 1220 non
890 1179 1032 1218 valebit
1049 1180 1063 1216 ?

599 1249 691 1287 XV.
723 1247 879 1287 Interest
898 1245 1044 1297 aliquid
1063 1245 1161 1283 inter
1179 1243 1348 1283 laborem
1368 1253 1407 1283 et
1426 1245 1611 1284 dolorem.
1649 1247 1745 1284 Sunt
1771 1245 1936 1285 finitima

543 1313 720 1358 omnino,
742 1312 804 1351 sed
824 1321 951 1350 tamen
971 1309 1100 1348 differt
1119 1310 1278 1362 aliquid.
1309 1309 1437 1349 Labor
1451 1310 1502 1348 est
1521 1309 1670 1349 fundtio
1684 1312 1857 1363 quaedam
1876 1312 1937 1350 vel

545 1380 678 1423 animi,
708 1377 768 1416 vel
798 1376 982 1429 corporis,
1011 1376 1192 1428 gravioris
1221 1376 1346 1428 operis
1380 1385 1418 1414 et
1448 1376 1643 1421 muneris3
1675 1376 1783 1415 dolor
1807 1386 1936 1415 autem

544 1454 672 1483 motus
692 1444 795 1497 asper
815 1443 853 1481 in
881 1454 1051 1495 corpore,
1072 1440 1215 1479 alienus
1234 1454 1255 1478 a
1274 1440 1452 1480 senfibus.
1484 1441 1581 1479 Haec
1601 1441 1678 1480 duo
1705 1442 1832 1480 Graeci
1860 1442 1932 1488 illi,

545 1525 711 1564 quorum
745 1508 931 1562 copiosior
963 1508 1015 1545 est
1047 1507 1179 1559 lingua
1209 1520 1326 1559 quam
1356 1507 1492 1552 nostra,
1528 1520 1605 1545 uno
1625 1509 1779 1547 nomine
1802 1509 1934 1562 appel-

543 1578 625 1616 lant
655 1574 754 1614 πόνον.
800 1575 934 1627 Itaque
958 1572 1160 1611 industrios
1186 1571 1377 1617 homines,
1407 1572 1466 1610 illi
1492 1573 1688 1618 studiosos,
1718 1575 1776 1611 vel
1807 1575 1935 1627 potius

545 1651 712 1681 amantes
741 1640 882 1679 doloris
912 1638 1129 1691 appellant3
1170 1651 1237 1676 nos
1267 1637 1511 1676 commodius
1538 1638 1753 1676 laboriosos.
1814 1639 1935 1677 Aliud

543 1709 597 1747 est
615 1708 721 1746 enim
742 1707 907 1744 laborare
923 1723 935 1749 ς
967 1704 1069 1742 aliud
1089 1703 1227 1741 dolere.
1289 1705 1325 1741 O
1347 1704 1548 1741 verborum
1575 1703 1692 1756 ,inops
1725 1704 1931 1748 interdum,

545 1775 685 1827 quibus
706 1771 894 1810 abundare
918 1779 955 1807 te
989 1769 1134 1822 semper
1155 1778 1280 1821 putaS,
1313 1770 1461 1807 Graecia
1481 1769 1488 1806 !
1521 1769 1655 1814 Aliud,
1687 1770 1860 1822 inquam,
1882 1771 1934 1809 est

545 1840 683 1884 dolere,
713 1837 816 1876 aliud
846 1836 1025 1874 laborare.
1076 1836 1180 1873 Cum
1206 1835 1346 1873 varices
1379 1835 1598 1873 secabantur
1618 1836 1666 1874 C.
1690 1835 1831 1880 Mario,
1862 1835 1932 1874 do-

545 1906 670 1949 lebat;
702 1917 793 1942 cum
825 1902 912 1940 aestu
944 1914 1084 1953 magno
1114 1900 1275 1938 ducebat
1300 1913 1450 1953 agmen,
1482 1901 1685 1939 laborabat.
1745 1899 1811 1939 Est
1836 1901 1936 1940 inter

545 1971 625 2009 haec
646 1981 771 2008 tamen
793 1967 966 2020 quaedam
987 1965 1209 2003 fimilitudo.
1244 1965 1490 2003 Consuetudo
1509 1967 1615 2004 enim
1635 1966 1823 2010 laborum,
1845 1980 1933 2019 per-

545 2037 751 2090 peffionem
772 2033 949 2072 dolorum
970 2031 1108 2069 efficiet
1136 2030 1361 2068 faciliorem.
1423 2031 1554 2082 Itaque
1574 2031 1646 2075 illi,
1677 2032 1743 2083 qui
1775 2031 1933 2070 Graeciae

544 2104 711 2143 formam
732 2099 1100 2152 rerumpublicarum
1121 2096 1318 2141 dederunt,
1335 2109 1492 2149 corpora
1505 2098 1692 2149 juvenum
1714 2097 1853 2135 firmari
1876 2099 1931 2136 la—

546 2170 635 2208 bore
655 2168 857 2205 voluerunt
876 2180 884 2202 :
907 2164 1010 2216 quod
1033 2163 1224 2216 Spartiatae
1243 2163 1358 2200 etiam
1380 2163 1417 2200 in
1439 2161 1617 2201 foeminas
1638 2162 1928 2207 transtulerunt;

544 2249 630 2287 qua:
650 2234 791 2272 caeteris
812 2233 850 2270 in
871 2231 1044 2274 urbibus,
1077 2229 1299 2268 mollissimo
1330 2228 1453 2273 cultu,
1486 2229 1673 2281 parietum
1695 2229 1841 2268 umbris
1861 2244 1929 2269 oc-

543 2301 740 2339 culuntur.
775 2298 834 2337 Illi
855 2307 981 2335 autem
998 2296 1198 2334 volucrunt

683 2365 792 2404 Nihil
805 2363 1047 2415 horumsimilc
1066 2361 1123 2415 effi·
1141 2361 1239 2414 apud
1254 2362 1433 2400 Lacrcnas
1451 2361 1609 2413 ‘vrbgincs
1629 2379 1637 2403 ς

688 2430 815 2482 Qa'lm'
836 2429 941 2481 magi'
954 2428 1136 2480 palcrstra‚
1168 2428 1339 2470 Eurotas,
1356 2426 1426 2479 fil,
1451 2427 1587 2478 pulvis,
1609 2426 1714 2470 labos,

681 2495 945 2547 stls'litiustudio
964 2494 1019 2547 ast,
1041 2493 1336 2547 q1a1mshrtilitas
1353 2492 1524 2531 barbara.
