<?xml version="1.0" encoding="UTF-8"?>
<!DOCTYPE html PUBLIC "-//W3C//DTD XHTML 1.0 Transitional//EN"
    "http://www.w3.org/TR/xhtml1/DTD/xhtml1-transitional.dtd">
<html xmlns="http://www.w3.org/1999/xhtml" xml:lang="en" lang="en">
 <head>
  <title>
</title>
<meta http-equiv="Content-Type" content="text/html;charset=utf-8" />
  <meta name='ocr-system' content='tesseract 3.04.00' />
  <meta name='ocr-capabilities' content='ocr_page ocr_carea ocr_par ocr_line ocrx_word'/>
</head>
<body>
  <div class='ocr_page' id='page_1' title='image "./operacumindicibu02ciceuoft_0089.png"; bbox 0 0 2330 2983; ppageno 0'>
   <div class='ocr_carea' id='block_1_1' title="bbox 712 207 1756 250">
    <p class='ocr_par' dir='ltr' id='par_1_1' title="bbox 712 207 1756 250">
     <span class='ocr_line' id='line_1_1' title="bbox 712 207 1756 250; baseline 0.004 -4"><span class='ocrx_word' id='word_1_1' title='bbox 712 207 987 247; x_wconf 87' lang='lat' dir='ltr'>LIBER</span> <span class='ocrx_word' id='word_1_2' title='bbox 1049 207 1411 246; x_wconf 90' lang='lat' dir='ltr'>PRIMUS.</span> <span class='ocrx_word' id='word_1_3' title='bbox 1711 212 1756 250; x_wconf 88' lang='lat'>81</span> 
     </span>
    </p>
   </div>
   <div class='ocr_carea' id='block_1_2' title="bbox 364 303 1777 2454">
    <p class='ocr_par' dir='ltr' id='par_1_2' title="bbox 364 303 1764 750">
     <span class='ocr_line' id='line_1_2' title="bbox 364 303 1761 357; baseline 0 -14"><span class='ocrx_word' id='word_1_4' title='bbox 364 303 425 343; x_wconf 83' lang='lat' dir='ltr'>his</span> <span class='ocrx_word' id='word_1_5' title='bbox 445 304 552 343; x_wconf 91' lang='lat' dir='ltr'>libris</span> <span class='ocrx_word' id='word_1_6' title='bbox 574 304 770 357; x_wconf 77' lang='lat' dir='ltr'>quaeritur,</span> <span class='ocrx_word' id='word_1_7' title='bbox 787 304 882 357; x_wconf 90' lang='lat' dir='ltr'>quid</span> <span class='ocrx_word' id='word_1_8' title='bbox 901 304 946 343; x_wconf 92' lang='lat' dir='ltr'>s1t</span> <span class='ocrx_word' id='word_1_9' title='bbox 958 304 1059 349; x_wconf 91' lang='lat' dir='ltr'>finis,</span> <span class='ocrx_word' id='word_1_10' title='bbox 1077 304 1172 357; x_wconf 88' lang='lat' dir='ltr'>quid</span> <span class='ocrx_word' id='word_1_11' title='bbox 1191 313 1424 350; x_wconf 88' lang='lat' dir='ltr'>extremum,</span> <span class='ocrx_word' id='word_1_12' title='bbox 1443 304 1538 357; x_wconf 91' lang='lat' dir='ltr'>quid</span> <span class='ocrx_word' id='word_1_13' title='bbox 1558 305 1761 351; x_wconf 86' lang='lat' dir='ltr'>ultimum,</span> 
     </span>
     <span class='ocr_line' id='line_1_3' title="bbox 365 369 1760 422; baseline 0 -14"><span class='ocrx_word' id='word_1_14' title='bbox 365 384 444 422; x_wconf 90' lang='lat' dir='ltr'>quo</span> <span class='ocrx_word' id='word_1_15' title='bbox 463 371 535 409; x_wconf 81' lang='lat' dir='ltr'>sint</span> <span class='ocrx_word' id='word_1_16' title='bbox 554 371 686 409; x_wconf 86' lang='lat' dir='ltr'>omnia</span> <span class='ocrx_word' id='word_1_17' title='bbox 704 371 802 408; x_wconf 90' lang='lat' dir='ltr'>bene</span> <span class='ocrx_word' id='word_1_18' title='bbox 822 371 974 409; x_wconf 89' lang='lat' dir='ltr'>vivendi</span> <span class='ocrx_word' id='word_1_19' title='bbox 994 372 1166 422; x_wconf 65' lang='lat' dir='ltr'>reeteque</span> <span class='ocrx_word' id='word_1_20' title='bbox 1185 369 1352 408; x_wconf 89' lang='lat' dir='ltr'>faciendi</span> <span class='ocrx_word' id='word_1_21' title='bbox 1371 371 1525 410; x_wconf 87' lang='lat' dir='ltr'>confilia</span> <span class='ocrx_word' id='word_1_22' title='bbox 1544 371 1760 409; x_wconf 88' lang='lat' dir='ltr'>referenda?</span> 
     </span>
     <span class='ocr_line' id='line_1_4' title="bbox 366 436 1763 490; baseline 0.001 -17"><span class='ocrx_word' id='word_1_23' title='bbox 366 436 461 487; x_wconf 87' lang='lat' dir='ltr'>quid</span> <span class='ocrx_word' id='word_1_24' title='bbox 480 436 656 488; x_wconf 90' lang='lat' dir='ltr'>sequatur</span> <span class='ocrx_word' id='word_1_25' title='bbox 675 445 821 481; x_wconf 90' lang='lat' dir='ltr'>natura,</span> <span class='ocrx_word' id='word_1_26' title='bbox 839 445 882 473; x_wconf 90' lang='lat' dir='ltr'>ut</span> <span class='ocrx_word' id='word_1_27' title='bbox 897 436 1097 474; x_wconf 89' lang='lat' dir='ltr'>summum</span> <span class='ocrx_word' id='word_1_28' title='bbox 1116 448 1164 473; x_wconf 88' lang='lat' dir='ltr'>ex</span> <span class='ocrx_word' id='word_1_29' title='bbox 1179 436 1290 473; x_wconf 89' lang='lat' dir='ltr'>rebus</span> <span class='ocrx_word' id='word_1_30' title='bbox 1310 437 1562 489; x_wconf 82' lang='lat' dir='ltr'>expetendis?</span> <span class='ocrx_word' id='word_1_31' title='bbox 1583 437 1678 490; x_wconf 91' lang='lat' dir='ltr'>quid</span> <span class='ocrx_word' id='word_1_32' title='bbox 1697 436 1763 474; x_wconf 91' lang='lat' dir='ltr'>fu-</span> 
     </span>
     <span class='ocr_line' id='line_1_5' title="bbox 365 500 1763 553; baseline 0.001 -15"><span class='ocrx_word' id='word_1_33' title='bbox 365 500 459 553; x_wconf 86' lang='lat' dir='ltr'>giat,</span> <span class='ocrx_word' id='word_1_34' title='bbox 474 510 516 538; x_wconf 91' lang='lat' dir='ltr'>ut</span> <span class='ocrx_word' id='word_1_35' title='bbox 538 510 757 539; x_wconf 84' lang='lat' dir='ltr'>extremum</span> <span class='ocrx_word' id='word_1_36' title='bbox 779 501 968 539; x_wconf 88' lang='lat' dir='ltr'>malorum</span> <span class='ocrx_word' id='word_1_37' title='bbox 985 502 998 538; x_wconf 89' lang='lat'>?</span> <span class='ocrx_word' id='word_1_38' title='bbox 1020 514 1096 553; x_wconf 90' lang='lat' dir='ltr'>qua</span> <span class='ocrx_word' id='word_1_39' title='bbox 1115 500 1161 538; x_wconf 89' lang='lat' dir='ltr'>de</span> <span class='ocrx_word' id='word_1_40' title='bbox 1178 514 1217 538; x_wconf 92' lang='lat' dir='ltr'>re</span> <span class='ocrx_word' id='word_1_41' title='bbox 1237 513 1329 538; x_wconf 88' lang='lat' dir='ltr'>cum</span> <span class='ocrx_word' id='word_1_42' title='bbox 1350 501 1395 539; x_wconf 91' lang='lat' dir='ltr'>fit</span> <span class='ocrx_word' id='word_1_43' title='bbox 1414 502 1512 540; x_wconf 88' lang='lat' dir='ltr'>inter</span> <span class='ocrx_word' id='word_1_44' title='bbox 1530 502 1763 540; x_wconf 71' lang='lat' dir='ltr'>doffiffimos</span> 
     </span>
     <span class='ocr_line' id='line_1_6' title="bbox 367 565 1764 619; baseline 0.001 -17"><span class='ocrx_word' id='word_1_45' title='bbox 367 578 506 618; x_wconf 87' lang='lat' dir='ltr'>magna</span> <span class='ocrx_word' id='word_1_46' title='bbox 526 565 710 610; x_wconf 82' lang='lat' dir='ltr'>diffenfio‚</span> <span class='ocrx_word' id='word_1_47' title='bbox 743 566 828 618; x_wconf 90' lang='lat' dir='ltr'>quis</span> <span class='ocrx_word' id='word_1_48' title='bbox 849 566 1018 604; x_wconf 90' lang='lat' dir='ltr'>alienum</span> <span class='ocrx_word' id='word_1_49' title='bbox 1049 575 1159 618; x_wconf 90' lang='lat' dir='ltr'>putet</span> <span class='ocrx_word' id='word_1_50' title='bbox 1188 566 1268 616; x_wconf 87' lang='lat' dir='ltr'>ejus</span> <span class='ocrx_word' id='word_1_51' title='bbox 1299 565 1369 603; x_wconf 79' lang='lat' dir='ltr'>effe</span> <span class='ocrx_word' id='word_1_52' title='bbox 1398 566 1609 619; x_wconf 87' lang='lat' dir='ltr'>dignitatis,</span> <span class='ocrx_word' id='word_1_53' title='bbox 1645 579 1764 619; x_wconf 88' lang='lat' dir='ltr'>quam</span> 
     </span>
     <span class='ocr_line' id='line_1_7' title="bbox 366 630 1762 686; baseline 0.001 -18"><span class='ocrx_word' id='word_1_54' title='bbox 366 630 468 668; x_wconf 86' lang='lat' dir='ltr'>mihi</span> <span class='ocrx_word' id='word_1_55' title='bbox 487 631 648 684; x_wconf 89' lang='lat' dir='ltr'>quisque</span> <span class='ocrx_word' id='word_1_56' title='bbox 669 632 819 676; x_wconf 89' lang='lat' dir='ltr'>tribuit,</span> <span class='ocrx_word' id='word_1_57' title='bbox 841 632 935 684; x_wconf 90' lang='lat' dir='ltr'>quid</span> <span class='ocrx_word' id='word_1_58' title='bbox 955 632 995 670; x_wconf 92' lang='lat' dir='ltr'>in</span> <span class='ocrx_word' id='word_1_59' title='bbox 1011 632 1120 670; x_wconf 90' lang='lat' dir='ltr'>omni</span> <span class='ocrx_word' id='word_1_60' title='bbox 1140 644 1298 669; x_wconf 89' lang='lat' dir='ltr'>munere</span> <span class='ocrx_word' id='word_1_61' title='bbox 1317 632 1403 670; x_wconf 87' lang='lat' dir='ltr'>vitae</span> <span class='ocrx_word' id='word_1_62' title='bbox 1423 633 1621 686; x_wconf 89' lang='lat' dir='ltr'>optimum</span> <span class='ocrx_word' id='word_1_63' title='bbox 1639 642 1677 670; x_wconf 93' lang='lat' dir='ltr'>et</span> <span class='ocrx_word' id='word_1_64' title='bbox 1696 645 1762 670; x_wconf 89' lang='lat' dir='ltr'>ve-</span> 
     </span>
     <span class='ocr_line' id='line_1_8' title="bbox 368 697 870 750; baseline 0 -16"><span class='ocrx_word' id='word_1_65' title='bbox 368 697 557 736; x_wconf 88' lang='lat' dir='ltr'>riffimum</span> <span class='ocrx_word' id='word_1_66' title='bbox 577 698 622 736; x_wconf 88' lang='lat' dir='ltr'>fit</span> <span class='ocrx_word' id='word_1_67' title='bbox 641 698 840 750; x_wconf 85' lang='lat' dir='ltr'>exquirere</span> <span class='ocrx_word' id='word_1_68' title='bbox 858 698 870 734; x_wconf 89' lang='lat'>?</span> 
     </span>
    </p>

    <p class='ocr_par' dir='ltr' id='par_1_3' title="bbox 368 762 1770 1210">
     <span class='ocr_line' id='line_1_9' title="bbox 422 762 1766 816; baseline 0 -15"><span class='ocrx_word' id='word_1_69' title='bbox 422 765 502 808; x_wconf 91' lang='lat' dir='ltr'>An,</span> <span class='ocrx_word' id='word_1_70' title='bbox 534 764 678 802; x_wconf 81' lang='lat' dir='ltr'>Partus</span> <span class='ocrx_word' id='word_1_71' title='bbox 706 764 845 802; x_wconf 82' lang='lat' dir='ltr'>ancillae</span> <span class='ocrx_word' id='word_1_72' title='bbox 858 764 958 815; x_wconf 81' lang='lat' dir='ltr'>fitne</span> <span class='ocrx_word' id='word_1_73' title='bbox 986 765 1022 802; x_wconf 86' lang='lat' dir='ltr'>in</span> <span class='ocrx_word' id='word_1_74' title='bbox 1032 764 1171 816; x_wconf 65' lang='lat' dir='ltr'>fruc‘Ju</span> <span class='ocrx_word' id='word_1_75' title='bbox 1204 763 1398 808; x_wconf 77' lang='lat' dir='ltr'>habendus,</span> <span class='ocrx_word' id='word_1_76' title='bbox 1443 762 1639 802; x_wconf 84' lang='lat' dir='ltr'>differetur</span> <span class='ocrx_word' id='word_1_77' title='bbox 1667 765 1766 801; x_wconf 82' lang='lat' dir='ltr'>inter</span> 
     </span>
     <span class='ocr_line' id='line_1_10' title="bbox 369 829 1762 882; baseline 0.001 -16"><span class='ocrx_word' id='word_1_78' title='bbox 369 829 558 881; x_wconf 80' lang='lat' dir='ltr'>principes</span> <span class='ocrx_word' id='word_1_79' title='bbox 580 830 759 874; x_wconf 86' lang='lat' dir='ltr'>civitatis,</span> <span class='ocrx_word' id='word_1_80' title='bbox 792 831 835 868; x_wconf 92' lang='lat' dir='ltr'>P.</span> <span class='ocrx_word' id='word_1_81' title='bbox 859 830 1080 874; x_wconf 86' lang='lat' dir='ltr'>Scaevolam,</span> <span class='ocrx_word' id='word_1_82' title='bbox 1112 830 1188 867; x_wconf 85' lang='grc' dir='ltr'>Μ’.</span> <span class='ocrx_word' id='word_1_83' title='bbox 1211 829 1439 874; x_wconf 85' lang='lat' dir='ltr'>Manilium,</span> <span class='ocrx_word' id='word_1_84' title='bbox 1471 830 1518 867; x_wconf 94' lang='lat' dir='ltr'>ab</span> <span class='ocrx_word' id='word_1_85' title='bbox 1543 829 1678 882; x_wconf 87' lang='lat' dir='ltr'>hisque</span> <span class='ocrx_word' id='word_1_86' title='bbox 1699 831 1762 868; x_wconf 92' lang='lat' dir='ltr'>M.</span> 
     </span>
     <span class='ocr_line' id='line_1_11' title="bbox 370 893 1768 946; baseline 0.001 -15"><span class='ocrx_word' id='word_1_87' title='bbox 370 894 511 932; x_wconf 88' lang='lat' dir='ltr'>Brutus</span> <span class='ocrx_word' id='word_1_88' title='bbox 532 893 748 938; x_wconf 84' lang='lat' dir='ltr'>diffentiet;</span> <span class='ocrx_word' id='word_1_89' title='bbox 780 895 884 946; x_wconf 88' lang='lat' dir='ltr'>quod</span> <span class='ocrx_word' id='word_1_90' title='bbox 904 904 942 932; x_wconf 92' lang='lat' dir='ltr'>et</span> <span class='ocrx_word' id='word_1_91' title='bbox 961 904 1119 932; x_wconf 85' lang='lat' dir='ltr'>acutum</span> <span class='ocrx_word' id='word_1_92' title='bbox 1150 907 1269 946; x_wconf 84' lang='lat' dir='ltr'>genus</span> <span class='ocrx_word' id='word_1_93' title='bbox 1289 894 1354 939; x_wconf 90' lang='lat' dir='ltr'>est,</span> <span class='ocrx_word' id='word_1_94' title='bbox 1387 903 1424 932; x_wconf 91' lang='lat' dir='ltr'>et</span> <span class='ocrx_word' id='word_1_95' title='bbox 1445 895 1490 932; x_wconf 92' lang='lat' dir='ltr'>ad</span> <span class='ocrx_word' id='word_1_96' title='bbox 1516 895 1601 933; x_wconf 88' lang='lat' dir='ltr'>usus</span> <span class='ocrx_word' id='word_1_97' title='bbox 1621 895 1768 933; x_wconf 88' lang='lat' dir='ltr'>civium</span> 
     </span>
     <span class='ocr_line' id='line_1_12' title="bbox 370 960 1766 1013; baseline 0.001 -16"><span class='ocrx_word' id='word_1_98' title='bbox 370 972 447 997; x_wconf 85' lang='lat' dir='ltr'>non</span> <span class='ocrx_word' id='word_1_99' title='bbox 468 960 606 997; x_wconf 86' lang='lat' dir='ltr'>inutile</span> <span class='ocrx_word' id='word_1_100' title='bbox 623 975 630 997; x_wconf 92' lang='lat'><strong>:</strong></span> <span class='ocrx_word' id='word_1_101' title='bbox 669 960 811 1012; x_wconf 87' lang='lat' dir='ltr'>nosque</span> <span class='ocrx_word' id='word_1_102' title='bbox 831 974 873 998; x_wconf 87' lang='lat' dir='ltr'>ea</span> <span class='ocrx_word' id='word_1_103' title='bbox 892 961 1028 1012; x_wconf 86' lang='lat' dir='ltr'>scripta</span> <span class='ocrx_word' id='word_1_104' title='bbox 1054 960 1277 1012; x_wconf 89' lang='lat' dir='ltr'>reliquaque</span> <span class='ocrx_word' id='word_1_105' title='bbox 1297 960 1465 1011; x_wconf 88' lang='lat' dir='ltr'>ejusdem</span> <span class='ocrx_word' id='word_1_106' title='bbox 1486 962 1631 1013; x_wconf 85' lang='lat' dir='ltr'>generis</span> <span class='ocrx_word' id='word_1_107' title='bbox 1651 971 1689 998; x_wconf 89' lang='lat' dir='ltr'>et</span> <span class='ocrx_word' id='word_1_108' title='bbox 1710 961 1766 998; x_wconf 91' lang='lat' dir='ltr'>le-</span> 
     </span>
     <span class='ocr_line' id='line_1_13' title="bbox 368 1024 1767 1077; baseline 0.002 -16"><span class='ocrx_word' id='word_1_109' title='bbox 368 1025 498 1076; x_wconf 90' lang='lat' dir='ltr'>gimus</span> <span class='ocrx_word' id='word_1_110' title='bbox 518 1024 694 1069; x_wconf 86' lang='lat' dir='ltr'>libenter,</span> <span class='ocrx_word' id='word_1_111' title='bbox 716 1034 754 1062; x_wconf 89' lang='lat' dir='ltr'>et</span> <span class='ocrx_word' id='word_1_112' title='bbox 773 1025 973 1077; x_wconf 83' lang='lat' dir='ltr'>legemus;</span> <span class='ocrx_word' id='word_1_113' title='bbox 1005 1024 1101 1069; x_wconf 84' lang='lat' dir='ltr'>haec,</span> <span class='ocrx_word' id='word_1_114' title='bbox 1123 1038 1208 1076; x_wconf 86' lang='lat' dir='ltr'>quae</span> <span class='ocrx_word' id='word_1_115' title='bbox 1227 1025 1346 1062; x_wconf 88' lang='lat' dir='ltr'>vitam</span> <span class='ocrx_word' id='word_1_116' title='bbox 1367 1026 1566 1063; x_wconf 86' lang='lat' dir='ltr'>continent</span> <span class='ocrx_word' id='word_1_117' title='bbox 1592 1039 1767 1071; x_wconf 87' lang='lat' dir='ltr'>ornnem,</span> 
     </span>
     <span class='ocr_line' id='line_1_14' title="bbox 370 1089 1770 1142; baseline 0.001 -14"><span class='ocrx_word' id='word_1_118' title='bbox 370 1089 642 1142; x_wconf 86' lang='lat' dir='ltr'>negligentur?</span> <span class='ocrx_word' id='word_1_119' title='bbox 675 1090 796 1134; x_wconf 91' lang='lat' dir='ltr'>Nam,</span> <span class='ocrx_word' id='word_1_120' title='bbox 829 1100 872 1128; x_wconf 91' lang='lat' dir='ltr'>ut</span> <span class='ocrx_word' id='word_1_121' title='bbox 901 1091 973 1128; x_wconf 81' lang='lat' dir='ltr'>sint</span> <span class='ocrx_word' id='word_1_122' title='bbox 993 1091 1059 1128; x_wconf 88' lang='lat' dir='ltr'>illa</span> <span class='ocrx_word' id='word_1_123' title='bbox 1077 1090 1341 1134; x_wconf 87' lang='lat' dir='ltr'>vendibiliora‚</span> <span class='ocrx_word' id='word_1_124' title='bbox 1364 1089 1446 1128; x_wconf 87' lang='lat' dir='ltr'>haec</span> <span class='ocrx_word' id='word_1_125' title='bbox 1467 1091 1639 1129; x_wconf 88' lang='lat' dir='ltr'>uberiora</span> <span class='ocrx_word' id='word_1_126' title='bbox 1668 1100 1770 1130; x_wconf 87' lang='lat' dir='ltr'>certe</span> 
     </span>
     <span class='ocr_line' id='line_1_15' title="bbox 370 1153 1729 1210; baseline 0.001 -17"><span class='ocrx_word' id='word_1_127' title='bbox 370 1153 470 1194; x_wconf 90' lang='lat' dir='ltr'>sunt.</span> <span class='ocrx_word' id='word_1_128' title='bbox 503 1155 739 1207; x_wconf 84' lang='lat' dir='ltr'>Qanquam</span> <span class='ocrx_word' id='word_1_129' title='bbox 759 1155 799 1193; x_wconf 88' lang='lat' dir='ltr'>id</span> <span class='ocrx_word' id='word_1_130' title='bbox 819 1155 977 1208; x_wconf 89' lang='lat' dir='ltr'>quidem</span> <span class='ocrx_word' id='word_1_131' title='bbox 997 1155 1132 1194; x_wconf 89' lang='lat' dir='ltr'>licebit</span> <span class='ocrx_word' id='word_1_132' title='bbox 1150 1156 1197 1193; x_wconf 85' lang='lat' dir='ltr'>iis</span> <span class='ocrx_word' id='word_1_133' title='bbox 1217 1155 1443 1201; x_wconf 87' lang='lat' dir='ltr'>existimare,</span> <span class='ocrx_word' id='word_1_134' title='bbox 1465 1156 1533 1209; x_wconf 90' lang='lat' dir='ltr'>qui</span> <span class='ocrx_word' id='word_1_135' title='bbox 1554 1157 1729 1210; x_wconf 88' lang='lat' dir='ltr'>legerint.</span> 
     </span>
    </p>

    <p class='ocr_par' dir='ltr' id='par_1_4' title="bbox 371 1219 1771 1471">
     <span class='ocr_line' id='line_1_16' title="bbox 397 1219 1769 1273; baseline 0.001 -15"><span class='ocrx_word' id='word_1_136' title='bbox 397 1219 484 1258; x_wconf 86' lang='lat' dir='ltr'>Nos</span> <span class='ocrx_word' id='word_1_137' title='bbox 497 1228 626 1258; x_wconf 89' lang='lat' dir='ltr'>autem</span> <span class='ocrx_word' id='word_1_138' title='bbox 641 1219 740 1259; x_wconf 89' lang='lat' dir='ltr'>hanc</span> <span class='ocrx_word' id='word_1_139' title='bbox 756 1234 916 1259; x_wconf 89' lang='lat' dir='ltr'>omnem</span> <span class='ocrx_word' id='word_1_140' title='bbox 931 1221 1179 1273; x_wconf 85' lang='lat' dir='ltr'>quaestionem</span> <span class='ocrx_word' id='word_1_141' title='bbox 1193 1220 1242 1258; x_wconf 90' lang='lat' dir='ltr'>de</span> <span class='ocrx_word' id='word_1_142' title='bbox 1261 1220 1403 1259; x_wconf 86' lang='lat' dir='ltr'>finibus</span> <span class='ocrx_word' id='word_1_143' title='bbox 1419 1221 1610 1259; x_wconf 90' lang='lat' dir='ltr'>bonorum</span> <span class='ocrx_word' id='word_1_144' title='bbox 1627 1231 1665 1260; x_wconf 90' lang='lat' dir='ltr'>et</span> <span class='ocrx_word' id='word_1_145' title='bbox 1685 1235 1769 1261; x_wconf 90' lang='lat' dir='ltr'>ma-</span> 
     </span>
     <span class='ocr_line' id='line_1_17' title="bbox 371 1285 1770 1340; baseline 0.002 -17"><span class='ocrx_word' id='word_1_146' title='bbox 371 1285 499 1324; x_wconf 87' lang='lat' dir='ltr'>lorum</span> <span class='ocrx_word' id='word_1_147' title='bbox 513 1286 591 1325; x_wconf 90' lang='lat' dir='ltr'>fere</span> <span class='ocrx_word' id='word_1_148' title='bbox 607 1300 627 1324; x_wconf 92' lang='lat' dir='ltr'>a</span> <span class='ocrx_word' id='word_1_149' title='bbox 640 1287 749 1326; x_wconf 87' lang='lat' dir='ltr'>nobis</span> <span class='ocrx_word' id='word_1_150' title='bbox 771 1288 1001 1339; x_wconf 83' lang='lat' dir='ltr'>explicatam</span> <span class='ocrx_word' id='word_1_151' title='bbox 1015 1287 1085 1326; x_wconf 87' lang='lat' dir='ltr'>effe</span> <span class='ocrx_word' id='word_1_152' title='bbox 1101 1287 1147 1325; x_wconf 92' lang='lat' dir='ltr'>iis</span> <span class='ocrx_word' id='word_1_153' title='bbox 1163 1287 1282 1325; x_wconf 84' lang='lat' dir='ltr'>literis</span> <span class='ocrx_word' id='word_1_154' title='bbox 1298 1287 1539 1332; x_wconf 86' lang='lat' dir='ltr'>arbitramur,</span> <span class='ocrx_word' id='word_1_155' title='bbox 1557 1288 1596 1326; x_wconf 94' lang='lat' dir='ltr'>in</span> <span class='ocrx_word' id='word_1_156' title='bbox 1612 1289 1770 1340; x_wconf 87' lang='lat' dir='ltr'>quibus,</span> 
     </span>
     <span class='ocr_line' id='line_1_18' title="bbox 372 1352 1771 1405; baseline 0.003 -17"><span class='ocrx_word' id='word_1_157' title='bbox 372 1361 560 1403; x_wconf 87' lang='lat' dir='ltr'>quantum</span> <span class='ocrx_word' id='word_1_158' title='bbox 582 1353 795 1405; x_wconf 89' lang='lat' dir='ltr'>potuimus,</span> <span class='ocrx_word' id='word_1_159' title='bbox 817 1366 894 1390; x_wconf 93' lang='lat' dir='ltr'>non</span> <span class='ocrx_word' id='word_1_160' title='bbox 916 1353 1032 1391; x_wconf 91' lang='lat' dir='ltr'>modo</span> <span class='ocrx_word' id='word_1_161' title='bbox 1058 1352 1151 1404; x_wconf 91' lang='lat' dir='ltr'>quid</span> <span class='ocrx_word' id='word_1_162' title='bbox 1179 1353 1290 1390; x_wconf 88' lang='lat' dir='ltr'>nobis</span> <span class='ocrx_word' id='word_1_163' title='bbox 1312 1353 1545 1404; x_wconf 87' lang='lat' dir='ltr'>probaretur,</span> <span class='ocrx_word' id='word_1_164' title='bbox 1572 1354 1634 1392; x_wconf 93' lang='lat' dir='ltr'>sed</span> <span class='ocrx_word' id='word_1_165' title='bbox 1653 1355 1771 1393; x_wconf 83' lang='lat' dir='ltr'>etiam</span> 
     </span>
     <span class='ocr_line' id='line_1_19' title="bbox 375 1416 1771 1471; baseline 0.003 -17"><span class='ocrx_word' id='word_1_166' title='bbox 375 1417 470 1468; x_wconf 91' lang='lat' dir='ltr'>quid</span> <span class='ocrx_word' id='word_1_167' title='bbox 490 1430 510 1454; x_wconf 92' lang='lat' dir='ltr'>a</span> <span class='ocrx_word' id='word_1_168' title='bbox 523 1417 680 1469; x_wconf 84' lang='lat' dir='ltr'>singulis</span> <span class='ocrx_word' id='word_1_169' title='bbox 700 1416 950 1470; x_wconf 73' lang='lat' dir='ltr'>philosophiae</span> <span class='ocrx_word' id='word_1_170' title='bbox 969 1417 1179 1470; x_wconf 83' lang='lat' dir='ltr'>disciplinis</span> <span class='ocrx_word' id='word_1_171' title='bbox 1200 1417 1402 1462; x_wconf 89' lang='lat' dir='ltr'>diceretur,</span> <span class='ocrx_word' id='word_1_172' title='bbox 1423 1418 1608 1471; x_wconf 87' lang='lat' dir='ltr'>persecuti</span> <span class='ocrx_word' id='word_1_173' title='bbox 1623 1419 1771 1459; x_wconf 75' lang='lat' dir='ltr'>sumus,</span> 
     </span>
    </p>

    <p class='ocr_par' dir='ltr' id='par_1_5' title="bbox 375 1481 1777 2454">
     <span class='ocr_line' id='line_1_20' title="bbox 430 1481 1773 1535; baseline 0.002 -15"><span class='ocrx_word' id='word_1_174' title='bbox 430 1482 481 1519; x_wconf 90' lang='lat' dir='ltr'>V.</span> <span class='ocrx_word' id='word_1_175' title='bbox 504 1483 560 1520; x_wconf 94' lang='lat' dir='ltr'>Ut</span> <span class='ocrx_word' id='word_1_176' title='bbox 578 1492 706 1520; x_wconf 88' lang='lat' dir='ltr'>autern</span> <span class='ocrx_word' id='word_1_177' title='bbox 725 1495 746 1519; x_wconf 88' lang='lat' dir='ltr'>a</span> <span class='ocrx_word' id='word_1_178' title='bbox 766 1481 962 1520; x_wconf 83' lang='lat' dir='ltr'>facillimis</span> <span class='ocrx_word' id='word_1_179' title='bbox 983 1482 1190 1526; x_wconf 84' lang='lat' dir='ltr'>ordiamur,</span> <span class='ocrx_word' id='word_1_180' title='bbox 1220 1482 1346 1535; x_wconf 90' lang='lat' dir='ltr'>prima</span> <span class='ocrx_word' id='word_1_181' title='bbox 1374 1483 1500 1521; x_wconf 86' lang='lat' dir='ltr'>veniat</span> <span class='ocrx_word' id='word_1_182' title='bbox 1529 1484 1570 1521; x_wconf 89' lang='lat' dir='ltr'>in</span> <span class='ocrx_word' id='word_1_183' title='bbox 1597 1484 1773 1523; x_wconf 90' lang='lat' dir='ltr'>medium</span> 
     </span>
     <span class='ocr_line' id='line_1_21' title="bbox 377 1546 1772 1599; baseline 0.003 -15"><span class='ocrx_word' id='word_1_184' title='bbox 377 1547 538 1599; x_wconf 88' lang='lat' dir='ltr'>Epicuri</span> <span class='ocrx_word' id='word_1_185' title='bbox 556 1547 662 1591; x_wconf 89' lang='lat' dir='ltr'>ratio,</span> <span class='ocrx_word' id='word_1_186' title='bbox 685 1560 770 1598; x_wconf 88' lang='lat' dir='ltr'>quae</span> <span class='ocrx_word' id='word_1_187' title='bbox 789 1546 976 1599; x_wconf 91' lang='lat' dir='ltr'>plerisque</span> <span class='ocrx_word' id='word_1_188' title='bbox 996 1546 1188 1585; x_wconf 87' lang='lat' dir='ltr'>notiffima</span> <span class='ocrx_word' id='word_1_189' title='bbox 1205 1547 1285 1592; x_wconf 82' lang='lat' dir='ltr'>est;</span> <span class='ocrx_word' id='word_1_190' title='bbox 1317 1560 1435 1599; x_wconf 90' lang='lat' dir='ltr'>quam</span> <span class='ocrx_word' id='word_1_191' title='bbox 1456 1561 1476 1585; x_wconf 87' lang='lat' dir='ltr'>a</span> <span class='ocrx_word' id='word_1_192' title='bbox 1507 1549 1618 1587; x_wconf 84' lang='lat' dir='ltr'>nobis</span> <span class='ocrx_word' id='word_1_193' title='bbox 1638 1549 1688 1587; x_wconf 90' lang='lat' dir='ltr'>fic</span> <span class='ocrx_word' id='word_1_194' title='bbox 1708 1550 1772 1589; x_wconf 88' lang='lat' dir='ltr'>in-</span> 
     </span>
     <span class='ocr_line' id='line_1_22' title="bbox 376 1612 1774 1666; baseline 0.003 -16"><span class='ocrx_word' id='word_1_195' title='bbox 376 1613 524 1664; x_wconf 88' lang='lat' dir='ltr'>telliges</span> <span class='ocrx_word' id='word_1_196' title='bbox 543 1612 767 1664; x_wconf 81' lang='lat' dir='ltr'>expositam,</span> <span class='ocrx_word' id='word_1_197' title='bbox 790 1621 832 1649; x_wconf 89' lang='lat' dir='ltr'>ut</span> <span class='ocrx_word' id='word_1_198' title='bbox 852 1612 898 1650; x_wconf 89' lang='lat' dir='ltr'>ab</span> <span class='ocrx_word' id='word_1_199' title='bbox 918 1612 1019 1665; x_wconf 78' lang='lat' dir='ltr'>ipsis,</span> <span class='ocrx_word' id='word_1_200' title='bbox 1041 1613 1108 1664; x_wconf 89' lang='lat' dir='ltr'>qui</span> <span class='ocrx_word' id='word_1_201' title='bbox 1128 1625 1212 1651; x_wconf 88' lang='lat' dir='ltr'>eam</span> <span class='ocrx_word' id='word_1_202' title='bbox 1232 1612 1474 1665; x_wconf 88' lang='lat' dir='ltr'>disciplinam</span> <span class='ocrx_word' id='word_1_203' title='bbox 1495 1614 1673 1666; x_wconf 87' lang='lat' dir='ltr'>probant,</span> <span class='ocrx_word' id='word_1_204' title='bbox 1695 1628 1774 1654; x_wconf 86' lang='lat' dir='ltr'>non</span> 
     </span>
     <span class='ocr_line' id='line_1_23' title="bbox 375 1677 1774 1730; baseline 0.004 -16"><span class='ocrx_word' id='word_1_205' title='bbox 375 1677 489 1714; x_wconf 76' lang='lat' dir='ltr'>soleat</span> <span class='ocrx_word' id='word_1_206' title='bbox 508 1677 719 1715; x_wconf 85' lang='lat' dir='ltr'>accuratius</span> <span class='ocrx_word' id='word_1_207' title='bbox 740 1677 938 1730; x_wconf 86' lang='lat' dir='ltr'>explicari.</span> <span class='ocrx_word' id='word_1_208' title='bbox 971 1678 1120 1716; x_wconf 87' lang='lat' dir='ltr'>Verum</span> <span class='ocrx_word' id='word_1_209' title='bbox 1152 1678 1257 1716; x_wconf 91' lang='lat' dir='ltr'>enim</span> <span class='ocrx_word' id='word_1_210' title='bbox 1287 1678 1458 1716; x_wconf 88' lang='lat' dir='ltr'>invenire</span> <span class='ocrx_word' id='word_1_211' title='bbox 1478 1679 1672 1725; x_wconf 88' lang='lat' dir='ltr'>volumus,</span> <span class='ocrx_word' id='word_1_212' title='bbox 1694 1693 1774 1719; x_wconf 85' lang='lat' dir='ltr'>non</span> 
     </span>
     <span class='ocr_line' id='line_1_24' title="bbox 375 1741 1774 1798; baseline 0.003 -18"><span class='ocrx_word' id='word_1_213' title='bbox 375 1751 558 1794; x_wconf 85' lang='lat' dir='ltr'>tanquam</span> <span class='ocrx_word' id='word_1_214' title='bbox 575 1741 828 1781; x_wconf 88' lang='lat' dir='ltr'>adversarium</span> <span class='ocrx_word' id='word_1_215' title='bbox 844 1743 1014 1796; x_wconf 89' lang='lat' dir='ltr'>aliquem</span> <span class='ocrx_word' id='word_1_216' title='bbox 1029 1743 1270 1782; x_wconf 88' lang='lat' dir='ltr'>convincere.</span> <span class='ocrx_word' id='word_1_217' title='bbox 1293 1745 1483 1782; x_wconf 86' lang='lat' dir='ltr'>Accurate</span> <span class='ocrx_word' id='word_1_218' title='bbox 1499 1753 1628 1783; x_wconf 90' lang='lat' dir='ltr'>autem</span> <span class='ocrx_word' id='word_1_219' title='bbox 1645 1759 1774 1798; x_wconf 90' lang='lat' dir='ltr'>quon-</span> 
     </span>
     <span class='ocr_line' id='line_1_25' title="bbox 375 1807 1775 1860; baseline 0.002 -15"><span class='ocrx_word' id='word_1_220' title='bbox 375 1807 464 1846; x_wconf 89' lang='lat' dir='ltr'>dam</span> <span class='ocrx_word' id='word_1_221' title='bbox 496 1809 543 1846; x_wconf 93' lang='lat' dir='ltr'>L.</span> <span class='ocrx_word' id='word_1_222' title='bbox 567 1809 781 1860; x_wconf 88' lang='lat' dir='ltr'>Torquato,</span> <span class='ocrx_word' id='word_1_223' title='bbox 813 1807 972 1846; x_wconf 89' lang='lat' dir='ltr'>homine</span> <span class='ocrx_word' id='word_1_224' title='bbox 1005 1808 1114 1846; x_wconf 91' lang='lat' dir='ltr'>omni</span> <span class='ocrx_word' id='word_1_225' title='bbox 1149 1808 1319 1846; x_wconf 68' lang='lat' dir='ltr'>doCtrina</span> <span class='ocrx_word' id='word_1_226' title='bbox 1349 1809 1512 1854; x_wconf 80' lang='lat' dir='ltr'>erudito,</span> <span class='ocrx_word' id='word_1_227' title='bbox 1544 1808 1695 1848; x_wconf 88' lang='lat' dir='ltr'>defensa</span> <span class='ocrx_word' id='word_1_228' title='bbox 1722 1810 1775 1849; x_wconf 90' lang='lat' dir='ltr'>est</span> 
     </span>
     <span class='ocr_line' id='line_1_26' title="bbox 378 1873 1772 1927; baseline 0.003 -16"><span class='ocrx_word' id='word_1_229' title='bbox 378 1874 539 1925; x_wconf 89' lang='lat' dir='ltr'>Epicuri</span> <span class='ocrx_word' id='word_1_230' title='bbox 560 1874 743 1912; x_wconf 89' lang='lat' dir='ltr'>sententia</span> <span class='ocrx_word' id='word_1_231' title='bbox 763 1873 808 1911; x_wconf 88' lang='lat' dir='ltr'>de</span> <span class='ocrx_word' id='word_1_232' title='bbox 827 1874 1048 1927; x_wconf 76' lang='lat' dir='ltr'>voluptate3</span> <span class='ocrx_word' id='word_1_233' title='bbox 1080 1887 1100 1911; x_wconf 92' lang='lat' dir='ltr'>a</span> <span class='ocrx_word' id='word_1_234' title='bbox 1119 1887 1257 1927; x_wconf 90' lang='lat' dir='ltr'>meque</span> <span class='ocrx_word' id='word_1_235' title='bbox 1282 1875 1317 1912; x_wconf 90' lang='lat' dir='ltr'>ei</span> <span class='ocrx_word' id='word_1_236' title='bbox 1343 1874 1575 1927; x_wconf 87' lang='lat' dir='ltr'>responsum,</span> <span class='ocrx_word' id='word_1_237' title='bbox 1607 1889 1700 1914; x_wconf 90' lang='lat' dir='ltr'>cum</span> <span class='ocrx_word' id='word_1_238' title='bbox 1722 1878 1772 1915; x_wconf 85' lang='lat' dir='ltr'>C.</span> 
     </span>
     <span class='ocr_line' id='line_1_27' title="bbox 378 1939 1775 1994; baseline 0.003 -18"><span class='ocrx_word' id='word_1_239' title='bbox 378 1939 565 1984; x_wconf 89' lang='lat' dir='ltr'>Triarius,</span> <span class='ocrx_word' id='word_1_240' title='bbox 596 1939 636 1976; x_wconf 92' lang='lat' dir='ltr'>in</span> <span class='ocrx_word' id='word_1_241' title='bbox 668 1939 802 1991; x_wconf 88' lang='lat' dir='ltr'>primis</span> <span class='ocrx_word' id='word_1_242' title='bbox 834 1940 956 1992; x_wconf 87' lang='lat' dir='ltr'>gravis</span> <span class='ocrx_word' id='word_1_243' title='bbox 988 1949 1025 1978; x_wconf 91' lang='lat' dir='ltr'>et</span> <span class='ocrx_word' id='word_1_244' title='bbox 1045 1939 1178 1977; x_wconf 67' lang='lat' dir='ltr'>doCtus</span> <span class='ocrx_word' id='word_1_245' title='bbox 1205 1939 1432 1984; x_wconf 83' lang='lat' dir='ltr'>adolescens,</span> <span class='ocrx_word' id='word_1_246' title='bbox 1464 1941 1498 1978; x_wconf 90' lang='lat' dir='ltr'>ei</span> <span class='ocrx_word' id='word_1_247' title='bbox 1528 1941 1775 1994; x_wconf 80' lang='lat' dir='ltr'>disputationi</span> 
     </span>
     <span class='ocr_line' id='line_1_28' title="bbox 377 2004 1776 2060; baseline 0.002 -18"><span class='ocrx_word' id='word_1_248' title='bbox 377 2004 577 2042; x_wconf 73' lang='lat' dir='ltr'>interesset.</span> <span class='ocrx_word' id='word_1_249' title='bbox 602 2004 707 2042; x_wconf 89' lang='lat' dir='ltr'>Nam</span> <span class='ocrx_word' id='word_1_250' title='bbox 723 2018 815 2043; x_wconf 90' lang='lat' dir='ltr'>cum</span> <span class='ocrx_word' id='word_1_251' title='bbox 836 2005 881 2043; x_wconf 86' lang='lat' dir='ltr'>ad</span> <span class='ocrx_word' id='word_1_252' title='bbox 903 2018 964 2042; x_wconf 88' lang='lat' dir='ltr'>me</span> <span class='ocrx_word' id='word_1_253' title='bbox 985 2005 1025 2042; x_wconf 89' lang='lat' dir='ltr'>in</span> <span class='ocrx_word' id='word_1_254' title='bbox 1043 2005 1266 2043; x_wconf 83' lang='lat' dir='ltr'>Cumanum</span> <span class='ocrx_word' id='word_1_255' title='bbox 1285 2005 1468 2044; x_wconf 90' lang='lat' dir='ltr'>salutandi</span> <span class='ocrx_word' id='word_1_256' title='bbox 1490 2006 1597 2044; x_wconf 87' lang='lat' dir='ltr'>causa</span> <span class='ocrx_word' id='word_1_257' title='bbox 1614 2016 1776 2060; x_wconf 88' lang='lat' dir='ltr'>uterque</span> 
     </span>
     <span class='ocr_line' id='line_1_29' title="bbox 377 2070 1777 2124; baseline 0.002 -16"><span class='ocrx_word' id='word_1_258' title='bbox 377 2070 547 2115; x_wconf 72' lang='lat' dir='ltr'>venisset,</span> <span class='ocrx_word' id='word_1_259' title='bbox 568 2084 687 2123; x_wconf 91' lang='lat' dir='ltr'>pauca</span> <span class='ocrx_word' id='word_1_260' title='bbox 704 2071 831 2123; x_wconf 87' lang='lat' dir='ltr'>primo</span> <span class='ocrx_word' id='word_1_261' title='bbox 851 2071 951 2109; x_wconf 89' lang='lat' dir='ltr'>inter</span> <span class='ocrx_word' id='word_1_262' title='bbox 971 2085 1038 2109; x_wconf 87' lang='lat' dir='ltr'>nos</span> <span class='ocrx_word' id='word_1_263' title='bbox 1059 2071 1105 2108; x_wconf 89' lang='lat' dir='ltr'>de</span> <span class='ocrx_word' id='word_1_264' title='bbox 1126 2071 1258 2116; x_wconf 87' lang='lat' dir='ltr'>literis,</span> <span class='ocrx_word' id='word_1_265' title='bbox 1291 2085 1453 2124; x_wconf 87' lang='lat' dir='ltr'>quarum</span> <span class='ocrx_word' id='word_1_266' title='bbox 1484 2072 1681 2111; x_wconf 87' lang='lat' dir='ltr'>summum</span> <span class='ocrx_word' id='word_1_267' title='bbox 1698 2082 1777 2111; x_wconf 86' lang='lat' dir='ltr'>erat</span> 
     </span>
     <span class='ocr_line' id='line_1_30' title="bbox 378 2137 1776 2189; baseline 0.002 -15"><span class='ocrx_word' id='word_1_268' title='bbox 378 2137 419 2174; x_wconf 91' lang='lat' dir='ltr'>in</span> <span class='ocrx_word' id='word_1_269' title='bbox 439 2146 601 2189; x_wconf 89' lang='lat' dir='ltr'>utroque</span> <span class='ocrx_word' id='word_1_270' title='bbox 632 2137 831 2181; x_wconf 88' lang='lat' dir='ltr'>studium;</span> <span class='ocrx_word' id='word_1_271' title='bbox 863 2138 1000 2175; x_wconf 86' lang='lat' dir='ltr'>deinde</span> <span class='ocrx_word' id='word_1_272' title='bbox 1020 2139 1256 2189; x_wconf 85' lang='lat' dir='ltr'>Torquatus,</span> <span class='ocrx_word' id='word_1_273' title='bbox 1290 2139 1487 2188; x_wconf 83' lang='lat' dir='ltr'>Qoniam</span> <span class='ocrx_word' id='word_1_274' title='bbox 1511 2139 1608 2176; x_wconf 56' lang='lat' dir='ltr'>nacti</span> <span class='ocrx_word' id='word_1_275' title='bbox 1630 2147 1680 2183; x_wconf 86' lang='lat' dir='ltr'>te,</span> <span class='ocrx_word' id='word_1_276' title='bbox 1714 2140 1776 2177; x_wconf 87' lang='lat' dir='ltr'>in-</span> 
     </span>
     <span class='ocr_line' id='line_1_31' title="bbox 379 2203 1775 2257; baseline 0.001 -16"><span class='ocrx_word' id='word_1_277' title='bbox 379 2204 479 2256; x_wconf 92' lang='lat' dir='ltr'>quit,</span> <span class='ocrx_word' id='word_1_278' title='bbox 499 2203 629 2241; x_wconf 88' lang='lat' dir='ltr'>sumus</span> <span class='ocrx_word' id='word_1_279' title='bbox 648 2203 852 2255; x_wconf 88' lang='lat' dir='ltr'>aliquando</span> <span class='ocrx_word' id='word_1_280' title='bbox 868 2204 1048 2248; x_wconf 87' lang='lat' dir='ltr'>otiosum,</span> <span class='ocrx_word' id='word_1_281' title='bbox 1065 2213 1166 2241; x_wconf 85' lang='lat' dir='ltr'>certe</span> <span class='ocrx_word' id='word_1_282' title='bbox 1183 2204 1350 2248; x_wconf 85' lang='lat' dir='ltr'>audiam,</span> <span class='ocrx_word' id='word_1_283' title='bbox 1370 2204 1462 2256; x_wconf 89' lang='lat' dir='ltr'>quid</span> <span class='ocrx_word' id='word_1_284' title='bbox 1481 2205 1537 2249; x_wconf 79' lang='lat' dir='ltr'>sit,</span> <span class='ocrx_word' id='word_1_285' title='bbox 1557 2205 1660 2257; x_wconf 90' lang='lat' dir='ltr'>quod</span> <span class='ocrx_word' id='word_1_286' title='bbox 1677 2205 1775 2257; x_wconf 89' lang='lat' dir='ltr'>Epi-</span> 
     </span>
     <span class='ocr_line' id='line_1_32' title="bbox 381 2268 1777 2322; baseline 0.001 -16"><span class='ocrx_word' id='word_1_287' title='bbox 381 2283 521 2306; x_wconf 90' lang='lat' dir='ltr'>curum</span> <span class='ocrx_word' id='word_1_288' title='bbox 543 2268 713 2307; x_wconf 88' lang='lat' dir='ltr'>nostrum</span> <span class='ocrx_word' id='word_1_289' title='bbox 732 2282 808 2306; x_wconf 90' lang='lat' dir='ltr'>non</span> <span class='ocrx_word' id='word_1_290' title='bbox 838 2278 880 2307; x_wconf 87' lang='lat' dir='ltr'>tu</span> <span class='ocrx_word' id='word_1_291' title='bbox 899 2269 1056 2322; x_wconf 87' lang='lat' dir='ltr'>quidem</span> <span class='ocrx_word' id='word_1_292' title='bbox 1075 2269 1212 2314; x_wconf 85' lang='lat' dir='ltr'>oderis,</span> <span class='ocrx_word' id='word_1_293' title='bbox 1246 2278 1288 2307; x_wconf 91' lang='lat' dir='ltr'>ut</span> <span class='ocrx_word' id='word_1_294' title='bbox 1305 2269 1380 2307; x_wconf 82' lang='lat' dir='ltr'>fere</span> <span class='ocrx_word' id='word_1_295' title='bbox 1400 2268 1546 2307; x_wconf 82' lang='lat' dir='ltr'>faciunt</span> <span class='ocrx_word' id='word_1_296' title='bbox 1565 2270 1632 2321; x_wconf 87' lang='lat' dir='ltr'>qui</span> <span class='ocrx_word' id='word_1_297' title='bbox 1652 2270 1698 2307; x_wconf 87' lang='lat' dir='ltr'>ab</span> <span class='ocrx_word' id='word_1_298' title='bbox 1732 2283 1777 2307; x_wconf 90' lang='lat' dir='ltr'>eo</span> 
     </span>
     <span class='ocr_line' id='line_1_33' title="bbox 381 2335 1777 2389; baseline 0.001 -17"><span class='ocrx_word' id='word_1_299' title='bbox 381 2335 616 2380; x_wconf 86' lang='lat' dir='ltr'>dissentiunt,</span> <span class='ocrx_word' id='word_1_300' title='bbox 638 2335 699 2373; x_wconf 91' lang='lat' dir='ltr'>sed</span> <span class='ocrx_word' id='word_1_301' title='bbox 719 2344 820 2373; x_wconf 89' lang='lat' dir='ltr'>certe</span> <span class='ocrx_word' id='word_1_302' title='bbox 840 2349 917 2373; x_wconf 92' lang='lat' dir='ltr'>non</span> <span class='ocrx_word' id='word_1_303' title='bbox 938 2337 1094 2389; x_wconf 84' lang='lat' dir='ltr'>probes;</span> <span class='ocrx_word' id='word_1_304' title='bbox 1117 2349 1222 2381; x_wconf 87' lang='lat' dir='ltr'>eum,</span> <span class='ocrx_word' id='word_1_305' title='bbox 1245 2349 1360 2388; x_wconf 85' lang='lat' dir='ltr'>quem</span> <span class='ocrx_word' id='word_1_306' title='bbox 1381 2349 1450 2388; x_wconf 88' lang='lat' dir='ltr'>ego</span> <span class='ocrx_word' id='word_1_307' title='bbox 1471 2336 1632 2373; x_wconf 86' lang='lat' dir='ltr'>arbitror</span> <span class='ocrx_word' id='word_1_308' title='bbox 1652 2348 1777 2373; x_wconf 86' lang='lat' dir='ltr'>unum</span> 
     </span>
     <span class='ocr_line' id='line_1_34' title="bbox 382 2400 1775 2454; baseline 0.001 -17"><span class='ocrx_word' id='word_1_309' title='bbox 382 2400 510 2438; x_wconf 82' lang='lat' dir='ltr'>vidiffe</span> <span class='ocrx_word' id='word_1_310' title='bbox 527 2415 673 2446; x_wconf 87' lang='lat' dir='ltr'>verum,</span> <span class='ocrx_word' id='word_1_311' title='bbox 691 2402 944 2454; x_wconf 85' lang='lat' dir='ltr'>maximisque</span> <span class='ocrx_word' id='word_1_312' title='bbox 961 2403 1150 2440; x_wconf 85' lang='lat' dir='ltr'>erroribus</span> <span class='ocrx_word' id='word_1_313' title='bbox 1166 2401 1373 2440; x_wconf 87' lang='lat' dir='ltr'>hominum</span> <span class='ocrx_word' id='word_1_314' title='bbox 1390 2402 1537 2439; x_wconf 84' lang='lat' dir='ltr'>animos</span> <span class='ocrx_word' id='word_1_315' title='bbox 1554 2400 1775 2446; x_wconf 76' lang='lat' dir='ltr'>liberavisse,</span> 
     </span>
    </p>
   </div>
   <div class='ocr_carea' id='block_1_3' title="bbox 383 2466 1775 2573">
    <p class='ocr_par' dir='ltr' id='par_1_6' title="bbox 383 2466 1775 2573">
     <span class='ocr_line' id='line_1_35' title="bbox 383 2466 1775 2522; baseline 0.001 -18"><span class='ocrx_word' id='word_1_316' title='bbox 383 2476 420 2504; x_wconf 88' lang='lat' dir='ltr'>et</span> <span class='ocrx_word' id='word_1_317' title='bbox 439 2467 569 2505; x_wconf 90' lang='lat' dir='ltr'>omnia</span> <span class='ocrx_word' id='word_1_318' title='bbox 589 2467 790 2514; x_wconf 85' lang='lat' dir='ltr'>tradidiffe,</span> <span class='ocrx_word' id='word_1_319' title='bbox 812 2482 896 2521; x_wconf 80' lang='lat' dir='ltr'>quae</span> <span class='ocrx_word' id='word_1_320' title='bbox 916 2469 1149 2522; x_wconf 82' lang='lat' dir='ltr'>pertinerent</span> <span class='ocrx_word' id='word_1_321' title='bbox 1169 2468 1214 2506; x_wconf 89' lang='lat' dir='ltr'>ad</span> <span class='ocrx_word' id='word_1_322' title='bbox 1237 2468 1332 2507; x_wconf 86' lang='lat' dir='ltr'>bene</span> <span class='ocrx_word' id='word_1_323' title='bbox 1353 2467 1535 2519; x_wconf 87' lang='lat' dir='ltr'>beateque</span> <span class='ocrx_word' id='word_1_324' title='bbox 1554 2466 1775 2505; x_wconf 87' lang='lat' dir='ltr'>vivendum.</span> 
     </span>
     <span class='ocr_line' id='line_1_36' title="bbox 466 2534 1370 2573; baseline 0.006 -2"><span class='ocrx_word' id='word_1_325' title='bbox 466 2534 531 2571; x_wconf 90' lang='lat' dir='ltr'>To</span> <span class='ocrx_word' id='word_1_326' title='bbox 545 2546 594 2573; x_wconf 68' lang='grc' dir='ltr'>Μ.</span> <span class='ocrx_word' id='word_1_327' title='bbox 619 2534 671 2572; x_wconf 91' lang='grc' dir='ltr'>ΙΙ.</span> <span class='ocrx_word' id='word_1_328' title='bbox 1337 2534 1370 2571; x_wconf 85' lang='lat' dir='ltr'>L</span> 
     </span>
    </p>
   </div>
  </div>
 </body>
</html>
