2330 2983
529 278 604 332 328
825 249 1622 312 TUSCULANARU’M.

526 390 604 415 non
622 388 670 414 ex
690 373 810 412 animi
829 372 939 412 malis
972 371 1151 424 vitiisque
1170 371 1390 411 constabat?
1421 373 1486 412 Ad
1505 373 1669 427 Epicuri
1694 373 1922 415 consolatio-

525 455 615 480 nem
635 439 719 478 satis
739 439 793 477 est
811 446 898 476 ante
913 437 1076 476 dietum.

581 505 775 545 XXXIII.
806 504 873 543 Ne
891 503 957 542 illa
976 503 1137 556 quidem
1157 503 1366 542 consolatio
1385 503 1598 543 firmiffima
1615 504 1681 551 est,
1700 518 1924 558 quanquam

524 583 563 612 et
583 571 714 611 usitata
731 571 797 616 est,
818 579 856 608 et
875 569 970 623 saepe
989 569 1139 623 prodest
1150 587 1162 615 3
1185 571 1271 609 Non
1290 570 1360 609 tibi
1375 570 1524 624 hocspli.
1557 571 1712 609 Prodest
1730 569 1813 609 haec
1833 572 1924 624 qui-

525 640 630 684 dem,
650 646 695 676 ut
715 637 810 682 dixi,
832 636 895 674 sed
913 649 984 674 nec
1005 635 1164 688 semper,
1186 649 1257 673 nec
1273 637 1470 675 omnibus.
1503 638 1599 675 Sunt
1617 637 1738 682 enim,
1760 637 1828 690 qui
1849 637 1923 676 res-

526 712 669 758 puant:
692 703 752 742 sed
774 701 900 747 refert,
923 715 1002 754 quo
1021 701 1140 739 modo
1159 699 1398 739 adhibeatur.
1421 703 1479 740 Ut
1497 703 1603 740 enirn
1623 702 1755 740 tulerit
1765 702 1926 756 quisque

525 783 673 815 eorum,
702 769 769 822 qui
790 767 972 820 sapienter
991 767 1177 812 tulerunt,
1205 779 1283 805 non
1314 779 1394 819 quo
1413 766 1575 819 quisque
1595 767 1846 806 incommodo
1865 767 1926 807 af·-

525 836 647 876 fectus
667 835 725 880 sit,
752 832 1038 887 praedicandum
1057 833 1124 871 est.
1156 831 1361 885 Chrysippi
1382 833 1478 870 ratio
1497 833 1544 870 ad
1563 833 1763 871 veritatem
1782 832 1925 872 firmis-

525 903 619 941 fima
637 901 689 940 est
704 919 716 946 5
748 900 794 938 ad
823 909 978 952 tempus
1009 898 1261 952 aegritudinis,
1283 898 1468 937 difficilis.
1511 897 1708 951 Magnum
1732 911 1828 952 opus
1857 899 1924 945 est,

526 968 685 1021 probare
704 966 897 1011 moerenti,
919 965 1034 1004 illum
1055 965 1122 1004 suo
1134 965 1299 1018 judicio,
1320 974 1359 1003 et
1375 963 1484 1018 quod
1503 965 1540 1003 se
1559 965 1613 1003 ita
1627 974 1739 1018 putet
1753 973 1928 1018 oportere

526 1033 662 1079 facere,
684 1046 857 1072 moerere.
880 1032 1086 1070 Nimirum
1106 1032 1239 1084 igitur,
1260 1040 1304 1070 ut
1323 1032 1364 1070 in
1384 1031 1501 1070 caufis
1522 1045 1600 1070 non
1616 1031 1763 1084 semper
1778 1031 1927 1070 utimur

527 1100 663 1139 eodem
683 1099 794 1143 statu,
827 1097 895 1149 (fic
915 1098 1020 1135 enim
1040 1098 1278 1150 appellamus
1310 1097 1649 1136 controversiarum
1677 1098 1830 1150 genera)
1863 1097 1926 1135 sed

526 1165 574 1204 ad
592 1175 760 1218 tempus,
787 1163 833 1202 ad
852 1163 1112 1201 controverfiae
1132 1172 1323 1208 naturam,
1357 1163 1404 1201 ad
1433 1163 1631 1216 personam
1651 1163 1925 1202 accommoda-

527 1245 614 1270 mus
627 1250 639 1276 ;
662 1231 710 1269 s1c
730 1231 770 1268 in
787 1225 1011 1282 :egritudine
1025 1227 1213 1268 lenienda.
1237 1229 1359 1275 Nam,
1376 1242 1495 1281 quam
1510 1229 1671 1282 quisque
1687 1231 1925 1268 curationem

526 1297 692 1349 recipere
712 1295 837 1348 possit,
858 1293 1069 1332 videndum
1089 1293 1155 1332 est.
1232 1293 1234 1296 ’

583 1355 656 1400 Sed
686 1359 813 1399 nescio
832 1372 910 1413 quo
929 1360 1040 1412 paeto
1070 1359 1118 1397 ab
1138 1371 1198 1404 eo,
1229 1358 1335 1411 quod
1365 1367 1443 1397 erat
1474 1371 1495 1396 a
1514 1366 1551 1396 te
1571 1358 1826 1412 propofitum,
1856 1359 1925 1397 ab-

526 1428 663 1467 erravit
680 1427 816 1467 oratio.
860 1427 927 1465 Tu
945 1426 1053 1464 enirn
1082 1425 1130 1464 de
1159 1424 1326 1478 sapiente
1355 1424 1563 1478 quaefieras,
1596 1425 1661 1463 cui
1690 1434 1756 1463 aut
1778 1425 1929 1465 malum

527 1493 647 1532 videri
667 1489 822 1532 nullum
847 1491 982 1545 potest,
1014 1491 1120 1544 quod
1149 1500 1258 1530 vacet
1290 1491 1531 1545 turpitudine
1547 1509 1559 1536 ;
1591 1500 1657 1530 aut
1685 1491 1739 1530 ita
1766 1505 1929 1545 parvum

528 1560 692 1605 malum,
736 1567 781 1598 ut
810 1558 850 1596 id
878 1558 1063 1597 obruatur
1092 1557 1285 1610 sapientia,
1315 1558 1458 1610 vixque
1486 1567 1688 1610 appaream
1725 1557 1795 1610 qui
1826 1557 1926 1596 nihil

527 1627 711 1679 opinione
730 1625 900 1677 affingat,
931 1622 1165 1676 assumatque
1184 1623 1231 1661 ad
1250 1623 1519 1676 aegritudinem
1534 1641 1547 1668 ;
1579 1636 1648 1661 nec
1668 1623 1708 1661 id
1727 1632 1838 1677 putet
1856 1623 1930 1662 effe

529 1693 690 1737 redtum,
712 1691 749 1729 se
767 1703 885 1744 quam
914 1690 1084 1728 maxime
1102 1690 1327 1735 excruciari,
1349 1689 1535 1742 luctuque
1555 1689 1696 1728 confici
1707 1707 1721 1734 5
1743 1703 1822 1742 quo
1841 1703 1928 1742 pra-

529 1758 630 1803 vius,
651 1755 750 1796 nihil
769 1755 842 1794 effe
861 1755 986 1808 possit.
1029 1754 1199 1794 Edocuit
1220 1763 1348 1793 tamen
1367 1755 1476 1800 ratio,
1498 1764 1541 1793 ut
1561 1754 1662 1793 mihi
1687 1754 1848 1808 quidem
1867 1755 1928 1793 vi-

529 1825 654 1869 detur,
668 1836 761 1862 cum
778 1821 852 1861 hoc
874 1822 999 1876 ipsum
1016 1822 1167 1875 proprie
1183 1835 1261 1860 non
1281 1830 1511 1874 quaereretur
1529 1820 1604 1859 hoc
1626 1830 1814 1874 tempore,
1832 1834 1929 1859 num

530 1891 635 1943 quod
654 1890 744 1929 effet
763 1889 925 1934 malum,
962 1888 1029 1926 nisi
1049 1888 1154 1940 quod
1175 1888 1278 1926 idem
1306 1888 1384 1926 dici
1415 1897 1525 1941 turpe
1556 1887 1699 1940 posset;
1732 1896 1860 1925 tamen
1886 1897 1930 1926 ut

530 1956 760 2000 videremus,
774 1954 966 2008 quidquid
986 1953 1075 1991 effet
1090 1954 1129 1991 in
1146 1954 1372 2006 aegritudine
1389 1953 1495 1998 mali,
1513 1953 1552 1991 id
1570 1966 1647 1992 non
1663 1952 1833 1991 naturale
1843 1952 1930 1998 effe,

532 2021 594 2060 sed
613 2021 830 2061 voluntario
844 2019 995 2072 judicio
1014 2028 1052 2057 et
1071 2019 1264 2071 opinionis
1284 2031 1408 2057 errore
1427 2020 1683 2057 contractum.

587 2087 779 2127 XXXIV.
810 2087 1037 2124 Tractatum
1067 2085 1119 2123 est
1149 2094 1279 2123 autem
1299 2097 1320 2122 a
1350 2083 1461 2123 nobis
1479 2084 1518 2123 id
1537 2097 1659 2137 genus
1679 2083 1930 2137 aegritudinis,

531 2154 637 2207 quod
667 2167 791 2192 unum
810 2152 862 2191 est
881 2152 1060 2190 omnium
1080 2151 1298 2191 maximum
1315 2169 1326 2196 ς
1359 2159 1417 2196 ut,
1444 2164 1489 2190 eo
1508 2150 1669 2196 sublato,
1690 2151 1931 2202 reliquorum

533 2219 698 2259 remedia
718 2232 765 2258 ne
785 2231 1014 2271 magnopere
1041 2218 1240 2271 quaerenda
1259 2217 1502 2256 arbitremur.
1548 2218 1645 2255 Sunt
1674 2217 1779 2255 enim
1813 2226 1929 2262 certa,

533 2300 618 2339 quae
644 2286 691 2324 de
720 2293 938 2338 paupertate
955 2302 966 2329 ;
998 2294 1112 2329 certa,
1143 2298 1228 2336 quae
1258 2283 1305 2322 de
1338 2284 1415 2322 vita
1444 2281 1670 2322 inhonorata
1699 2292 1738 2322 et
1768 2282 1931 2335 ingloria

533 2351 609 2390 dici
631 2351 785 2391 soleant.
828 2350 1035 2404 Separatim
1070 2359 1180 2389 certa:
1200 2348 1337 2388 scholae
1357 2349 1443 2389 sunt
1462 2350 1508 2388 de
1535 2350 1668 2395 exilio,
1703 2349 1751 2387 de
1770 2348 1931 2387 interitu

535 2419 677 2472 patriae,
713 2417 760 2456 de
779 2417 968 2462 servitute,
990 2417 1036 2456 de
1056 2416 1264 2461 debilitate,
1298 2417 1346 2454 de
1364 2417 1546 2461 caecitate,
1567 2425 1606 2455 et
1626 2417 1672 2455 de
1690 2415 1799 2455 omni
1828 2415 1928 2460 casu,

537 2484 574 2522 in
593 2498 670 2537 quo
687 2497 828 2523 nomen
847 2483 939 2537 poni
956 2483 1047 2522 solet
1061 2483 1302 2521 calamitatis.
1326 2483 1422 2522 erc
1441 2483 1568 2521 Gracci
1582 2483 1620 2521 in
1637 2482 1799 2536 singulas
1817 2480 1929 2520 scho-

537 2548 602 2594 las,
618 2559 654 2587 et
675 2550 713 2587 in
735 2549 901 2602 singulos
922 2549 1039 2588 libros
1060 2548 1287 2602 dispertiunt
1307 2563 1315 2587 :
1347 2562 1442 2601 opus
1458 2548 1561 2587 enim
1579 2557 1781 2601 quaerunt5
1803 2559 1928 2598 quan-

534 2628 650 2667 quam
669 2615 789 2669 plcnae
802 2615 1074 2669 disputationes
1087 2614 1345 2654 delectationis
1363 2615 1461 2654 sunt.
1484 2615 1536 2653 Et
1553 2624 1694 2659 tamen,
1710 2622 1752 2652 ut
1768 2611 1928 2657 medici,
