2330 2983
587 270 664 296 220
997 254 1100 292 DE
1185 251 1569 291 FINIBUS

583 356 660 408 ipsa
680 353 908 393 certamina!
942 363 984 392 ut
1004 354 1061 391 illi
1081 352 1293 391 efferuntur
1312 352 1457 398 laetitia,
1482 366 1573 390 cum
1594 350 1776 390 vicerint!
1799 359 1843 390 ut
1861 351 1979 404 pudet

582 420 724 458 victos!
758 429 800 457 ut
834 419 870 457 se
901 419 1065 457 accusari
1087 419 1224 457 nolunt
1243 418 1249 455 !
1282 431 1400 471 quam
1421 418 1583 470 cupiunt
1603 417 1745 455 laudari
1764 416 1771 454 !
1804 430 1901 469 quos
1918 417 1978 454 illi

581 485 727 523 labores
749 499 825 523 non
848 484 1057 538 perferunt,
1076 494 1117 522 ut
1133 483 1338 536 aequalium
1361 483 1551 536 principes
1571 483 1664 521 sint!
1688 496 1772 535 quae
1791 483 1979 521 memoria

581 551 633 588 est
664 552 703 588 in
734 550 795 588 his
829 551 926 589 bene
961 550 1194 588 merentium
1214 549 1220 586 ἔ
1254 563 1338 601 quae
1373 548 1574 587 referenda:
1607 549 1736 600 gratiae
1759 549 1949 601 cupiditas
1968 547 1976 584 !

581 618 713 668 Atque
733 630 776 654 ea
793 617 831 654 in
853 617 1000 668 optima
1020 629 1172 667 quaque
1188 615 1314 652 indole
1334 614 1503 652 maxime
1518 624 1698 667 apparent
1715 632 1726 658 3
1750 614 1788 652 in
1803 627 1877 666 qua
1897 612 1979 651 haec

580 681 749 727 honesta,
780 695 864 734 quae
885 681 1154 732 intelligimus,
1190 695 1210 718 a
1229 690 1360 718 natura
1390 689 1572 732 tanquam
1592 679 1881 725 adumbrantur,
1918 678 1981 718 sed

580 745 662 786 haec
683 747 722 785 in
745 746 872 800 pueris
892 745 1069 798 expressa.

642 813 687 850 In
715 813 762 850 iis
782 825 870 850 vero
890 811 1078 856 aetatibus,
1109 825 1194 862 quae
1217 811 1300 862 jam
1329 809 1564 848 confirmatae
1584 809 1685 855 sunt,
1715 810 1802 862 quis
1821 809 1875 848 est
1900 819 1981 849 tam

580 878 769 917 diffimilis
799 876 968 922 homini,
1000 877 1068 929 qui
1099 891 1176 915 non
1197 886 1394 915 moveatur
1413 884 1451 914 et
1473 874 1681 914 offenfione
1713 876 1980 929 turpitudinis,

579 955 617 982 et
648 943 965 997 comprobatione
999 942 1236 981 honestatis?
1269 943 1369 995 Qis
1402 941 1469 987 est,
1500 943 1570 993 qui
1599 955 1677 980 non
1702 942 1826 980 oderit
1845 942 1979 980 libidi-

580 1011 726 1056 nosam,
755 1019 972 1063 protervam
993 1008 1285 1047 adolescentiam
1302 1009 1315 1046 ?
1361 1009 1461 1060 Qis
1482 1006 1615 1046 contra
1633 1009 1673 1047 in
1694 1008 1761 1046 illa
1779 1017 1885 1047 aetate
1903 1022 1980 1062 pu-

580 1077 729 1121 dorem,
759 1076 1025 1120 constantiam,
1055 1075 1171 1112 etiam
1198 1075 1224 1112 fi
1251 1074 1314 1112 sua
1343 1073 1443 1112 nihil
1474 1074 1635 1119 interfit,
1665 1088 1744 1113 non
1770 1083 1897 1113 tamen
1917 1074 1979 1112 di-

580 1144 674 1196 ligat
693 1143 705 1180 ?
755 1143 855 1195 Qis
891 1141 1049 1180 Pullum
1083 1141 1352 1185 Numitorem,
1398 1140 1686 1193 Fregellanum,
1728 1140 1978 1193 proditorem,

579 1222 801 1261 quanquam
823 1207 1041 1260 reipublicae
1061 1205 1194 1245 nostrae
1213 1205 1373 1259 profuit,
1396 1219 1472 1244 non
1492 1206 1574 1245 odit
1592 1206 1604 1243 ?
1635 1206 1735 1258 Qis
1756 1206 1861 1244 urbiS
1881 1219 1978 1244 con-

581 1275 806 1313 servatorem
827 1273 1017 1317 Codrum,
1052 1273 1139 1324 quis
1161 1271 1372 1310 Erechthei
1392 1272 1489 1310 filias
1520 1286 1598 1310 non
1620 1272 1789 1310 maxime
1818 1272 1978 1310 laudat?

580 1341 658 1379 Cui
678 1339 830 1378 Tubuli
850 1352 993 1378 nomen
1009 1338 1099 1377 odio
1118 1351 1195 1376 non
1214 1337 1267 1376 est
1284 1338 1297 1374 ?
1331 1338 1432 1390 Qis
1452 1337 1661 1376 Aristidem
1681 1346 1883 1376 mortuum
1902 1351 1981 1377 non

579 1405 708 1459 diligit
722 1406 735 1443 ?

577 1492 581 1495 -
640 1473 705 1510 An
725 1470 1005 1516 obliviscimur,
1027 1480 1261 1523 quantopere
1283 1470 1324 1508 in
1345 1469 1549 1515 audiendo,
1570 1469 1612 1508 in
1630 1469 1870 1523 legendoque
1891 1482 1980 1509 mo-

580 1551 750 1582 veamur,
772 1550 864 1575 cum
884 1538 961 1590 pie,
982 1550 1074 1574 cum
1094 1537 1231 1581 amice,
1248 1549 1341 1574 cum
1360 1549 1502 1589 magno
1519 1537 1649 1575 animo
1668 1535 1815 1589 aliquid
1833 1535 1982 1574 faCtum

579 1603 879 1657 cognoscimus?
913 1602 1021 1654 Qid
1048 1602 1181 1655 loquar
1201 1602 1247 1640 de
1268 1602 1394 1646 nobis,
1415 1601 1484 1654 qui
1504 1601 1550 1640 ad
1569 1602 1723 1641 laudem
1743 1611 1779 1640 et
1799 1602 1846 1640 ad
1866 1601 1980 1640 decus

581 1670 675 1714 nati,
696 1668 872 1721 suscepti,
894 1667 1059 1706 instituti
1080 1667 1210 1706 sumus
1228 1667 1241 1704 ?
1287 1667 1369 1719 Qi
1388 1667 1573 1706 clamores
1593 1668 1700 1721 vulgi
1720 1677 1834 1721 atque
1853 1668 1979 1720 impe-

582 1736 744 1773 ritorum
764 1734 979 1773 excitantur
998 1734 1038 1771 in
1059 1732 1231 1779 theatris,
1252 1745 1344 1771 cum
1365 1733 1431 1771 illa
1450 1733 1632 1772 dicuntur
1650 1733 1662 1771 ?

719 1802 798 1854 Ego
801 1802 888 1854 stam
909 1800 1059 1855 Orestes.

582 1877 791 1919 contraque
810 1868 857 1906 ab
877 1867 1009 1912 altero,

718 1935 828 1972 Immo
846 1934 1023 1972 enimvero
1041 1947 1101 1986 ego
1106 1934 1205 1986 fi‘m’
1226 1933 1383 1986 inquam,
1407 1931 1558 1985 Orestes.

584 2000 689 2038 Cum
709 2009 838 2037 autem
857 1999 974 2037 etiam
997 1999 1122 2037 exitus
1142 1999 1189 2036 ab
1210 2008 1372 2050 utroque
1388 1998 1497 2036 datur
1517 1997 1746 2036 conturbato
1764 1997 1981 2050 errantique

582 2066 662 2119 regi
678 2085 689 2111 ς
721 2066 854 2105 ambos
888 2079 980 2118 ergo
1013 2078 1088 2103 una
1117 2065 1240 2102 vivere
1275 2078 1490 2117 precamur.
1541 2063 1705 2115 Qoties
1739 2063 1814 2102 hoc
1840 2064 1979 2117 agitur,

583 2131 798 2184 quandove,
831 2131 897 2169 nisi
932 2130 1249 2168 admirationibus
1284 2130 1464 2168 maximis
1483 2129 1496 2166 ?
1529 2129 1661 2167 Nemo
1679 2128 1730 2167 est
1752 2129 1882 2181 igitur,
1913 2129 1981 2182 qui

584 2211 659 2236 non
680 2197 778 2236 hanc
799 2196 1039 2235 affectionem
1060 2197 1180 2235 animi
1201 2197 1337 2249 probet
1352 2205 1465 2248 atque
1485 2196 1639 2240 laudet;
1672 2208 1746 2248 qua
1766 2209 1842 2234 non
1864 2195 1983 2234 modo

583 2265 728 2303 utilitas
763 2264 867 2303 nulla
886 2265 1082 2317 qureritur,
1120 2263 1180 2301 sed
1215 2271 1347 2302 contra
1367 2263 1575 2302 utilitatem
1605 2262 1723 2300 ctiam
1743 2261 1982 2301 conservatur

584 2330 690 2369 fides.

638 2397 801 2435 Talibus
822 2397 1012 2450 exemplis
1034 2410 1109 2435 non
1132 2395 1225 2434 fieta:
1247 2395 1370 2433 solum
1393 2394 1543 2440 fabulae,
1567 2409 1701 2434 verum
1721 2394 1838 2433 etiam
1858 2393 1979 2432 histo-

583 2464 644 2501 riae
667 2463 810 2502 refertae
832 2463 930 2509 sunt,
962 2473 998 2501 ct
1019 2463 1177 2516 quidem
1199 2463 1367 2501 maxime
1389 2462 1532 2500 nostran
1565 2463 1650 2501 Nos
1669 2462 1776 2501 enim
1807 2461 1852 2499 ad
1883 2459 1982 2499 sacra

583 2528 681 2566 Ida-a
711 2529 928 2581 accipienda
957 2529 1153 2581 optimum
1174 2528 1299 2566 virum
1331 2527 1571 2580 delegimus:
1605 2541 1673 2566 nos
1708 2537 1849 2566 tutores
1870 2525 1979 2564 mifi-

583 2606 669 2633 mus
705 2594 856 2648 regibus
876 2609 884 2632 ι
932 2595 1045 2634 nostri
1078 2594 1321 2648 imperatores
1357 2607 1424 2647 pro
1456 2593 1572 2633 salute
1604 2593 1733 2647 patria:
1764 2592 1827 2631 sua
1856 2591 1980 2645 capita
