<?xml version="1.0" encoding="UTF-8"?>
<!DOCTYPE html PUBLIC "-//W3C//DTD XHTML 1.0 Transitional//EN"
    "http://www.w3.org/TR/xhtml1/DTD/xhtml1-transitional.dtd">
<html xmlns="http://www.w3.org/1999/xhtml" xml:lang="en" lang="en">
 <head>
  <title>
</title>
<meta http-equiv="Content-Type" content="text/html;charset=utf-8" />
  <meta name='ocr-system' content='tesseract 3.04.00' />
  <meta name='ocr-capabilities' content='ocr_page ocr_carea ocr_par ocr_line ocrx_word'/>
</head>
<body>
  <div class='ocr_page' id='page_1' title='image "./operacumindicibu02ciceuoft_0345.png"; bbox 0 0 2330 2983; ppageno 0'>
   <div class='ocr_carea' id='block_1_1' title="bbox 670 236 1744 293">
    <p class='ocr_par' dir='ltr' id='par_1_1' title="bbox 670 236 1744 293">
     <span class='ocr_line' id='line_1_1' title="bbox 670 236 1744 293; baseline 0.001 -18"><span class='ocrx_word' id='word_1_1' title='bbox 670 236 944 275; x_wconf 86' lang='lat' dir='ltr'><strong>LIBER</strong></span> <span class='ocrx_word' id='word_1_2' title='bbox 1002 238 1430 290; x_wconf 69' lang='lat' dir='ltr'>QUARTUS.</span> <span class='ocrx_word' id='word_1_3' title='bbox 1670 254 1744 293; x_wconf 82' lang='lat'>337</span> 
     </span>
    </p>
   </div>
   <div class='ocr_carea' id='block_1_2' title="bbox 358 332 1752 2551">
    <p class='ocr_par' dir='ltr' id='par_1_2' title="bbox 358 332 1751 1240">
     <span class='ocr_line' id='line_1_2' title="bbox 358 332 1746 382; baseline 0.003 -11"><span class='ocrx_word' id='word_1_4' title='bbox 358 334 412 372; x_wconf 87' lang='lat' dir='ltr'>est</span> <span class='ocrx_word' id='word_1_5' title='bbox 430 332 513 372; x_wconf 84' lang='lat' dir='ltr'>haec</span> <span class='ocrx_word' id='word_1_6' title='bbox 532 334 698 379; x_wconf 84' lang='lat' dir='ltr'>aurium,</span> <span class='ocrx_word' id='word_1_7' title='bbox 720 335 810 372; x_wconf 86' lang='lat' dir='ltr'>tales</span> <span class='ocrx_word' id='word_1_8' title='bbox 832 335 917 373; x_wconf 91' lang='lat' dir='ltr'>sunt</span> <span class='ocrx_word' id='word_1_9' title='bbox 933 335 1150 381; x_wconf 90' lang='lat' dir='ltr'>oculorum,</span> <span class='ocrx_word' id='word_1_10' title='bbox 1178 345 1216 374; x_wconf 90' lang='lat' dir='ltr'>et</span> <span class='ocrx_word' id='word_1_11' title='bbox 1244 337 1467 382; x_wconf 64' lang='lat' dir='ltr'>tactionum,</span> <span class='ocrx_word' id='word_1_12' title='bbox 1498 346 1535 374; x_wconf 91' lang='lat' dir='ltr'>et</span> <span class='ocrx_word' id='word_1_13' title='bbox 1555 337 1746 376; x_wconf 88' lang='lat' dir='ltr'>odoratio-</span> 
     </span>
     <span class='ocr_line' id='line_1_3' title="bbox 360 400 1747 455; baseline 0.003 -18"><span class='ocrx_word' id='word_1_14' title='bbox 360 412 470 445; x_wconf 87' lang='lat' dir='ltr'><strong>num,</strong></span> <span class='ocrx_word' id='word_1_15' title='bbox 490 410 528 438; x_wconf 87' lang='lat' dir='ltr'>et</span> <span class='ocrx_word' id='word_1_16' title='bbox 546 400 718 452; x_wconf 83' lang='lat' dir='ltr'>saporum</span> <span class='ocrx_word' id='word_1_17' title='bbox 734 418 745 444; x_wconf 72' lang='grc' dir='ltr'><strong><em>ς</em></strong></span> <span class='ocrx_word' id='word_1_18' title='bbox 778 414 862 452; x_wconf 89' lang='lat' dir='ltr'>quae</span> <span class='ocrx_word' id='word_1_19' title='bbox 883 401 969 438; x_wconf 91' lang='lat' dir='ltr'>sunt</span> <span class='ocrx_word' id='word_1_20' title='bbox 988 414 1122 439; x_wconf 88' lang='lat' dir='ltr'>omnes</span> <span class='ocrx_word' id='word_1_21' title='bbox 1138 402 1250 440; x_wconf 90' lang='lat' dir='ltr'>unius</span> <span class='ocrx_word' id='word_1_22' title='bbox 1271 403 1433 455; x_wconf 84' lang='lat' dir='ltr'>generis,</span> <span class='ocrx_word' id='word_1_23' title='bbox 1450 402 1494 440; x_wconf 87' lang='lat' dir='ltr'>ad</span> <span class='ocrx_word' id='word_1_24' title='bbox 1515 402 1747 455; x_wconf 89' lang='lat' dir='ltr'>perfunden-</span> 
     </span>
     <span class='ocr_line' id='line_1_4' title="bbox 360 464 1747 518; baseline 0.003 -16"><span class='ocrx_word' id='word_1_25' title='bbox 360 465 455 503; x_wconf 88' lang='lat' dir='ltr'>dum</span> <span class='ocrx_word' id='word_1_26' title='bbox 476 465 650 502; x_wconf 88' lang='lat' dir='ltr'>animum</span> <span class='ocrx_word' id='word_1_27' title='bbox 671 473 854 517; x_wconf 84' lang='lat' dir='ltr'>tanquam</span> <span class='ocrx_word' id='word_1_28' title='bbox 886 464 1127 516; x_wconf 65' lang='lat' dir='ltr'>illiquefactae</span> <span class='ocrx_word' id='word_1_29' title='bbox 1145 466 1370 518; x_wconf 83' lang='lat' dir='ltr'>voluptates.</span> <span class='ocrx_word' id='word_1_30' title='bbox 1416 468 1576 517; x_wconf 68' lang='lat' dir='ltr'>Jaecatio</span> <span class='ocrx_word' id='word_1_31' title='bbox 1607 468 1659 506; x_wconf 92' lang='lat' dir='ltr'>est</span> <span class='ocrx_word' id='word_1_32' title='bbox 1679 482 1747 506; x_wconf 93' lang='lat' dir='ltr'>vo-</span> 
     </span>
     <span class='ocr_line' id='line_1_5' title="bbox 359 529 1748 582; baseline 0.004 -16"><span class='ocrx_word' id='word_1_33' title='bbox 359 529 485 581; x_wconf 87' lang='lat' dir='ltr'>luptas</span> <span class='ocrx_word' id='word_1_34' title='bbox 515 529 688 581; x_wconf 85' lang='lat' dir='ltr'>gestiens,</span> <span class='ocrx_word' id='word_1_35' title='bbox 729 540 766 567; x_wconf 92' lang='lat' dir='ltr'>et</span> <span class='ocrx_word' id='word_1_36' title='bbox 797 529 832 567; x_wconf 90' lang='lat' dir='ltr'>se</span> <span class='ocrx_word' id='word_1_37' title='bbox 859 529 1015 567; x_wconf 83' lang='lat' dir='ltr'>efferens</span> <span class='ocrx_word' id='word_1_38' title='bbox 1046 529 1279 568; x_wconf 88' lang='lat' dir='ltr'>insolentius.</span> <span class='ocrx_word' id='word_1_39' title='bbox 1323 532 1422 582; x_wconf 67' lang='lat' dir='ltr'>Q‘e</span> <span class='ocrx_word' id='word_1_40' title='bbox 1442 541 1569 569; x_wconf 87' lang='lat' dir='ltr'>autem</span> <span class='ocrx_word' id='word_1_41' title='bbox 1594 533 1748 572; x_wconf 82' lang='lat' dir='ltr'>libidini</span> 
     </span>
     <span class='ocr_line' id='line_1_6' title="bbox 360 593 1748 649; baseline 0.004 -18"><span class='ocrx_word' id='word_1_42' title='bbox 360 594 524 646; x_wconf 70' lang='lat' dir='ltr'>subjecta</span> <span class='ocrx_word' id='word_1_43' title='bbox 542 593 640 639; x_wconf 89' lang='lat' dir='ltr'>sunt,</span> <span class='ocrx_word' id='word_1_44' title='bbox 661 608 703 631; x_wconf 86' lang='lat' dir='ltr'>ea</span> <span class='ocrx_word' id='word_1_45' title='bbox 733 595 782 632; x_wconf 88' lang='lat' dir='ltr'>fic</span> <span class='ocrx_word' id='word_1_46' title='bbox 799 595 1047 639; x_wconf 88' lang='lat' dir='ltr'>definiuntur,</span> <span class='ocrx_word' id='word_1_47' title='bbox 1079 605 1122 633; x_wconf 90' lang='lat' dir='ltr'>ut</span> <span class='ocrx_word' id='word_1_48' title='bbox 1152 596 1210 633; x_wconf 92' lang='lat' dir='ltr'>Ira</span> <span class='ocrx_word' id='word_1_49' title='bbox 1228 596 1272 633; x_wconf 85' lang='lat' dir='ltr'>fit</span> <span class='ocrx_word' id='word_1_50' title='bbox 1291 596 1412 634; x_wconf 91' lang='lat' dir='ltr'>libido</span> <span class='ocrx_word' id='word_1_51' title='bbox 1437 597 1633 649; x_wconf 86' lang='lat' dir='ltr'>poeniendi</span> <span class='ocrx_word' id='word_1_52' title='bbox 1653 599 1748 649; x_wconf 89' lang='lat' dir='ltr'>ejus,</span> 
     </span>
     <span class='ocr_line' id='line_1_7' title="bbox 359 660 1747 713; baseline 0.002 -15"><span class='ocrx_word' id='word_1_53' title='bbox 359 661 428 712; x_wconf 93' lang='lat' dir='ltr'>qui</span> <span class='ocrx_word' id='word_1_54' title='bbox 444 660 613 698; x_wconf 88' lang='lat' dir='ltr'>videatur</span> <span class='ocrx_word' id='word_1_55' title='bbox 635 660 758 699; x_wconf 84' lang='lat' dir='ltr'>laefiffe</span> <span class='ocrx_word' id='word_1_56' title='bbox 781 661 931 713; x_wconf 68' lang='lat' dir='ltr'>injuria.</span> <span class='ocrx_word' id='word_1_57' title='bbox 966 661 1290 700; x_wconf 82' lang='lat' dir='ltr'>Excandescentia</span> <span class='ocrx_word' id='word_1_58' title='bbox 1310 672 1439 700; x_wconf 89' lang='lat' dir='ltr'>autem</span> <span class='ocrx_word' id='word_1_59' title='bbox 1455 663 1499 700; x_wconf 81' lang='lat' dir='ltr'>sit</span> <span class='ocrx_word' id='word_1_60' title='bbox 1514 663 1567 699; x_wconf 89' lang='lat' dir='ltr'>ira</span> <span class='ocrx_word' id='word_1_61' title='bbox 1582 663 1747 709; x_wconf 86' lang='lat' dir='ltr'>nascens,</span> 
     </span>
     <span class='ocr_line' id='line_1_8' title="bbox 359 726 1748 779; baseline 0.002 -15"><span class='ocrx_word' id='word_1_62' title='bbox 359 734 398 764; x_wconf 87' lang='lat' dir='ltr'>et</span> <span class='ocrx_word' id='word_1_63' title='bbox 417 726 534 765; x_wconf 92' lang='lat' dir='ltr'>modo</span> <span class='ocrx_word' id='word_1_64' title='bbox 553 726 728 771; x_wconf 83' lang='lat' dir='ltr'>existens,</span> <span class='ocrx_word' id='word_1_65' title='bbox 759 740 843 779; x_wconf 87' lang='lat' dir='ltr'>quae</span> <span class='ocrx_word' id='word_1_66' title='bbox 868 728 1002 774; x_wconf 57' lang='grc' dir='ltr'><strong><em>θυμωστς</em></strong></span> <span class='ocrx_word' id='word_1_67' title='bbox 1033 729 1168 765; x_wconf 85' lang='lat' dir='ltr'>Graece</span> <span class='ocrx_word' id='word_1_68' title='bbox 1186 728 1350 766; x_wconf 89' lang='lat' dir='ltr'>dicitur:</span> <span class='ocrx_word' id='word_1_69' title='bbox 1384 728 1548 772; x_wconf 87' lang='lat' dir='ltr'>Odium,</span> <span class='ocrx_word' id='word_1_70' title='bbox 1571 728 1624 766; x_wconf 89' lang='lat' dir='ltr'>ira</span> <span class='ocrx_word' id='word_1_71' title='bbox 1640 729 1748 767; x_wconf 90' lang='lat' dir='ltr'>inve-</span> 
     </span>
     <span class='ocr_line' id='line_1_9' title="bbox 358 792 1747 847; baseline 0.002 -17"><span class='ocrx_word' id='word_1_72' title='bbox 358 801 500 831; x_wconf 87' lang='lat' dir='ltr'>terata:</span> <span class='ocrx_word' id='word_1_73' title='bbox 534 793 757 837; x_wconf 86' lang='lat' dir='ltr'>Inimicitia,</span> <span class='ocrx_word' id='word_1_74' title='bbox 788 794 843 831; x_wconf 86' lang='lat' dir='ltr'>ira</span> <span class='ocrx_word' id='word_1_75' title='bbox 861 792 1068 832; x_wconf 90' lang='lat' dir='ltr'>ulciscendi</span> <span class='ocrx_word' id='word_1_76' title='bbox 1096 803 1248 847; x_wconf 87' lang='lat' dir='ltr'>tempus</span> <span class='ocrx_word' id='word_1_77' title='bbox 1278 795 1502 833; x_wconf 90' lang='lat' dir='ltr'>observans:</span> <span class='ocrx_word' id='word_1_78' title='bbox 1535 794 1747 841; x_wconf 86' lang='lat' dir='ltr'>Discordia,</span> 
     </span>
     <span class='ocr_line' id='line_1_10' title="bbox 359 860 1750 914; baseline 0.003 -17"><span class='ocrx_word' id='word_1_79' title='bbox 359 860 414 897; x_wconf 87' lang='lat' dir='ltr'>ira</span> <span class='ocrx_word' id='word_1_80' title='bbox 432 860 616 904; x_wconf 83' lang='lat' dir='ltr'>acerbior,</span> <span class='ocrx_word' id='word_1_81' title='bbox 651 860 792 897; x_wconf 89' lang='lat' dir='ltr'>intimo</span> <span class='ocrx_word' id='word_1_82' title='bbox 811 860 900 898; x_wconf 89' lang='lat' dir='ltr'>odio</span> <span class='ocrx_word' id='word_1_83' title='bbox 931 869 969 898; x_wconf 87' lang='lat' dir='ltr'>et</span> <span class='ocrx_word' id='word_1_84' title='bbox 988 860 1100 898; x_wconf 89' lang='lat' dir='ltr'>corde</span> <span class='ocrx_word' id='word_1_85' title='bbox 1119 871 1303 914; x_wconf 89' lang='lat' dir='ltr'>concepta</span> <span class='ocrx_word' id='word_1_86' title='bbox 1324 876 1333 900; x_wconf 89' lang='lat'>:</span> <span class='ocrx_word' id='word_1_87' title='bbox 1366 861 1592 914; x_wconf 88' lang='lat' dir='ltr'>Indigentia‚</span> <span class='ocrx_word' id='word_1_88' title='bbox 1629 862 1750 901; x_wconf 89' lang='lat' dir='ltr'>libido</span> 
     </span>
     <span class='ocr_line' id='line_1_11' title="bbox 359 924 1748 979; baseline 0.004 -18"><span class='ocrx_word' id='word_1_89' title='bbox 359 924 604 977; x_wconf 86' lang='lat' dir='ltr'>inexplebilis</span> <span class='ocrx_word' id='word_1_90' title='bbox 621 939 630 962; x_wconf 91' lang='lat'>:</span> <span class='ocrx_word' id='word_1_91' title='bbox 655 924 910 970; x_wconf 88' lang='lat' dir='ltr'>Defiderium,</span> <span class='ocrx_word' id='word_1_92' title='bbox 924 925 1046 963; x_wconf 92' lang='lat' dir='ltr'>libido</span> <span class='ocrx_word' id='word_1_93' title='bbox 1065 926 1160 977; x_wconf 87' lang='lat' dir='ltr'>ejus,</span> <span class='ocrx_word' id='word_1_94' title='bbox 1178 926 1245 979; x_wconf 93' lang='lat' dir='ltr'>qui</span> <span class='ocrx_word' id='word_1_95' title='bbox 1265 927 1439 965; x_wconf 90' lang='lat' dir='ltr'>nondum</span> <span class='ocrx_word' id='word_1_96' title='bbox 1458 926 1563 971; x_wconf 87' lang='lat' dir='ltr'>adfit,</span> <span class='ocrx_word' id='word_1_97' title='bbox 1580 926 1748 967; x_wconf 88' lang='lat' dir='ltr'>videndi.</span> 
     </span>
     <span class='ocr_line' id='line_1_12' title="bbox 360 989 1749 1044; baseline 0.004 -18"><span class='ocrx_word' id='word_1_98' title='bbox 360 989 617 1042; x_wconf 87' lang='lat' dir='ltr'>Distinguunt</span> <span class='ocrx_word' id='word_1_99' title='bbox 647 989 744 1027; x_wconf 91' lang='lat' dir='ltr'>illud</span> <span class='ocrx_word' id='word_1_100' title='bbox 775 991 906 1035; x_wconf 91' lang='lat' dir='ltr'>etiam,</span> <span class='ocrx_word' id='word_1_101' title='bbox 937 999 981 1028; x_wconf 92' lang='lat' dir='ltr'>ut</span> <span class='ocrx_word' id='word_1_102' title='bbox 1010 991 1055 1028; x_wconf 90' lang='lat' dir='ltr'>fit</span> <span class='ocrx_word' id='word_1_103' title='bbox 1084 991 1206 1029; x_wconf 92' lang='lat' dir='ltr'>libido</span> <span class='ocrx_word' id='word_1_104' title='bbox 1240 1004 1371 1030; x_wconf 88' lang='lat' dir='ltr'>earum</span> <span class='ocrx_word' id='word_1_105' title='bbox 1404 1006 1544 1036; x_wconf 92' lang='lat' dir='ltr'>rerum,</span> <span class='ocrx_word' id='word_1_106' title='bbox 1575 1005 1659 1044; x_wconf 89' lang='lat' dir='ltr'>quae</span> <span class='ocrx_word' id='word_1_107' title='bbox 1689 993 1749 1032; x_wconf 91' lang='lat' dir='ltr'>di-</span> 
     </span>
     <span class='ocr_line' id='line_1_13' title="bbox 359 1055 1750 1110; baseline 0.004 -18"><span class='ocrx_word' id='word_1_108' title='bbox 359 1064 499 1092; x_wconf 89' lang='lat' dir='ltr'>cuntur</span> <span class='ocrx_word' id='word_1_109' title='bbox 533 1055 578 1092; x_wconf 93' lang='lat' dir='ltr'>de</span> <span class='ocrx_word' id='word_1_110' title='bbox 612 1055 780 1106; x_wconf 89' lang='lat' dir='ltr'>quodam</span> <span class='ocrx_word' id='word_1_111' title='bbox 811 1065 876 1093; x_wconf 89' lang='lat' dir='ltr'>aut</span> <span class='ocrx_word' id='word_1_112' title='bbox 896 1056 1149 1107; x_wconf 85' lang='lat' dir='ltr'>quibusdam;</span> <span class='ocrx_word' id='word_1_113' title='bbox 1181 1070 1265 1108; x_wconf 83' lang='lat' dir='ltr'>quae</span> <span class='ocrx_word' id='word_1_114' title='bbox 1291 1055 1543 1110; x_wconf 55' lang='grc' dir='ltr'>κατηγορήματα</span> <span class='ocrx_word' id='word_1_115' title='bbox 1562 1057 1750 1097; x_wconf 72' lang='lat' dir='ltr'>dialectici</span> 
     </span>
     <span class='ocr_line' id='line_1_14' title="bbox 358 1120 1751 1175; baseline 0.003 -17"><span class='ocrx_word' id='word_1_116' title='bbox 358 1120 550 1174; x_wconf 85' lang='lat' dir='ltr'>appellant</span> <span class='ocrx_word' id='word_1_117' title='bbox 563 1139 576 1166; x_wconf 62' lang='grc' dir='ltr'><strong><em>ς</em></strong></span> <span class='ocrx_word' id='word_1_118' title='bbox 609 1130 652 1159; x_wconf 92' lang='lat' dir='ltr'>ut</span> <span class='ocrx_word' id='word_1_119' title='bbox 670 1120 808 1160; x_wconf 89' lang='lat' dir='ltr'>habere</span> <span class='ocrx_word' id='word_1_120' title='bbox 828 1121 992 1166; x_wconf 88' lang='lat' dir='ltr'>divitias,</span> <span class='ocrx_word' id='word_1_121' title='bbox 1013 1135 1143 1175; x_wconf 85' lang='lat' dir='ltr'>capere</span> <span class='ocrx_word' id='word_1_122' title='bbox 1163 1121 1340 1160; x_wconf 88' lang='lat' dir='ltr'>honores.</span> <span class='ocrx_word' id='word_1_123' title='bbox 1373 1121 1603 1174; x_wconf 87' lang='lat' dir='ltr'>Indigentia,</span> <span class='ocrx_word' id='word_1_124' title='bbox 1624 1137 1751 1162; x_wconf 90' lang='lat' dir='ltr'>rerum</span> 
     </span>
     <span class='ocr_line' id='line_1_15' title="bbox 359 1185 1178 1240; baseline 0.001 -16"><span class='ocrx_word' id='word_1_125' title='bbox 359 1185 524 1239; x_wconf 87' lang='lat' dir='ltr'>ipsarum</span> <span class='ocrx_word' id='word_1_126' title='bbox 543 1187 608 1231; x_wconf 91' lang='lat' dir='ltr'>est,</span> <span class='ocrx_word' id='word_1_127' title='bbox 639 1195 683 1224; x_wconf 90' lang='lat' dir='ltr'>ut</span> <span class='ocrx_word' id='word_1_128' title='bbox 702 1185 909 1232; x_wconf 92' lang='lat' dir='ltr'>honorum,</span> <span class='ocrx_word' id='word_1_129' title='bbox 932 1196 975 1225; x_wconf 88' lang='lat' dir='ltr'>ut</span> <span class='ocrx_word' id='word_1_130' title='bbox 993 1188 1178 1240; x_wconf 85' lang='lat' dir='ltr'>pecuniae.</span> 
     </span>
    </p>

    <p class='ocr_par' dir='ltr' id='par_1_3' title="bbox 359 1251 1751 1830">
     <span class='ocr_line' id='line_1_16' title="bbox 415 1251 1750 1305; baseline 0.001 -14"><span class='ocrx_word' id='word_1_131' title='bbox 415 1252 609 1291; x_wconf 88' lang='lat' dir='ltr'>Omnium</span> <span class='ocrx_word' id='word_1_132' title='bbox 643 1262 771 1290; x_wconf 89' lang='lat' dir='ltr'>autem</span> <span class='ocrx_word' id='word_1_133' title='bbox 791 1253 1125 1305; x_wconf 89' lang='lat' dir='ltr'>perturbationum</span> <span class='ocrx_word' id='word_1_134' title='bbox 1155 1252 1306 1291; x_wconf 89' lang='lat' dir='ltr'>fontem</span> <span class='ocrx_word' id='word_1_135' title='bbox 1335 1251 1406 1289; x_wconf 85' lang='lat' dir='ltr'>effe</span> <span class='ocrx_word' id='word_1_136' title='bbox 1435 1252 1571 1290; x_wconf 91' lang='lat' dir='ltr'>dicunt</span> <span class='ocrx_word' id='word_1_137' title='bbox 1601 1254 1750 1292; x_wconf 90' lang='lat' dir='ltr'>Intem-</span> 
     </span>
     <span class='ocr_line' id='line_1_17' title="bbox 359 1311 1751 1371; baseline 0.001 -15"><span class='ocrx_word' id='word_1_138' title='bbox 359 1318 572 1371; x_wconf 87' lang='lat' dir='ltr'>perantiam</span> <span class='ocrx_word' id='word_1_139' title='bbox 587 1335 599 1362; x_wconf 72' lang='grc' dir='ltr'><strong><em>ς</em></strong></span> <span class='ocrx_word' id='word_1_140' title='bbox 631 1331 715 1370; x_wconf 90' lang='lat' dir='ltr'>quae</span> <span class='ocrx_word' id='word_1_141' title='bbox 735 1317 787 1356; x_wconf 87' lang='lat' dir='ltr'>est</span> <span class='ocrx_word' id='word_1_142' title='bbox 806 1331 827 1355; x_wconf 93' lang='lat' dir='ltr'>a</span> <span class='ocrx_word' id='word_1_143' title='bbox 846 1327 925 1356; x_wconf 88' lang='lat' dir='ltr'>tota</span> <span class='ocrx_word' id='word_1_144' title='bbox 944 1329 1074 1357; x_wconf 89' lang='lat' dir='ltr'>mente</span> <span class='ocrx_word' id='word_1_145' title='bbox 1103 1327 1141 1356; x_wconf 92' lang='lat' dir='ltr'>et</span> <span class='ocrx_word' id='word_1_146' title='bbox 1160 1332 1181 1356; x_wconf 90' lang='lat' dir='ltr'>a</span> <span class='ocrx_word' id='word_1_147' title='bbox 1211 1319 1309 1356; x_wconf 61' lang='lat' dir='ltr'>tedia</span> <span class='ocrx_word' id='word_1_148' title='bbox 1327 1318 1471 1355; x_wconf 89' lang='lat' dir='ltr'>ratione</span> <span class='ocrx_word' id='word_1_149' title='bbox 1495 1311 1670 1363; x_wconf 63' lang='lat' dir='ltr'>defectio,</span> <span class='ocrx_word' id='word_1_150' title='bbox 1701 1319 1751 1357; x_wconf 90' lang='lat' dir='ltr'>fic</span> 
     </span>
     <span class='ocr_line' id='line_1_18' title="bbox 359 1383 1751 1436; baseline 0.001 -15"><span class='ocrx_word' id='word_1_151' title='bbox 359 1383 482 1421; x_wconf 89' lang='lat' dir='ltr'>aversa</span> <span class='ocrx_word' id='word_1_152' title='bbox 505 1397 525 1421; x_wconf 94' lang='lat' dir='ltr'>a</span> <span class='ocrx_word' id='word_1_153' title='bbox 542 1383 823 1436; x_wconf 87' lang='lat' dir='ltr'>praescriptione</span> <span class='ocrx_word' id='word_1_154' title='bbox 843 1384 1012 1430; x_wconf 89' lang='lat' dir='ltr'>rationis,</span> <span class='ocrx_word' id='word_1_155' title='bbox 1033 1393 1077 1422; x_wconf 90' lang='lat' dir='ltr'>ut</span> <span class='ocrx_word' id='word_1_156' title='bbox 1096 1384 1204 1422; x_wconf 89' lang='lat' dir='ltr'>nullo</span> <span class='ocrx_word' id='word_1_157' title='bbox 1224 1383 1341 1421; x_wconf 91' lang='lat' dir='ltr'>modo</span> <span class='ocrx_word' id='word_1_158' title='bbox 1361 1383 1609 1436; x_wconf 86' lang='lat' dir='ltr'>appetitiones</span> <span class='ocrx_word' id='word_1_159' title='bbox 1630 1385 1751 1423; x_wconf 88' lang='lat' dir='ltr'>animi</span> 
     </span>
     <span class='ocr_line' id='line_1_19' title="bbox 361 1448 1749 1502; baseline 0.001 -15"><span class='ocrx_word' id='word_1_160' title='bbox 361 1462 431 1487; x_wconf 91' lang='lat' dir='ltr'>nec</span> <span class='ocrx_word' id='word_1_161' title='bbox 462 1449 554 1502; x_wconf 91' lang='lat' dir='ltr'>regi,</span> <span class='ocrx_word' id='word_1_162' title='bbox 588 1462 657 1487; x_wconf 90' lang='lat' dir='ltr'>nec</span> <span class='ocrx_word' id='word_1_163' title='bbox 691 1449 879 1488; x_wconf 90' lang='lat' dir='ltr'>contineri</span> <span class='ocrx_word' id='word_1_164' title='bbox 901 1459 1053 1502; x_wconf 91' lang='lat' dir='ltr'>queant.</span> <span class='ocrx_word' id='word_1_165' title='bbox 1100 1448 1443 1501; x_wconf 85' lang='lat' dir='ltr'>Qemadmodum</span> <span class='ocrx_word' id='word_1_166' title='bbox 1463 1449 1582 1501; x_wconf 87' lang='lat' dir='ltr'>igitur</span> <span class='ocrx_word' id='word_1_167' title='bbox 1600 1458 1749 1502; x_wconf 89' lang='lat' dir='ltr'>tempe-</span> 
     </span>
     <span class='ocr_line' id='line_1_20' title="bbox 361 1514 1748 1568; baseline 0 -15"><span class='ocrx_word' id='word_1_168' title='bbox 361 1515 482 1554; x_wconf 89' lang='lat' dir='ltr'>rantia</span> <span class='ocrx_word' id='word_1_169' title='bbox 500 1515 600 1553; x_wconf 90' lang='lat' dir='ltr'>sedat</span> <span class='ocrx_word' id='word_1_170' title='bbox 619 1515 886 1568; x_wconf 87' lang='lat' dir='ltr'>appetitiones,</span> <span class='ocrx_word' id='word_1_171' title='bbox 916 1525 953 1553; x_wconf 93' lang='lat' dir='ltr'>et</span> <span class='ocrx_word' id='word_1_172' title='bbox 972 1515 1105 1559; x_wconf 86' lang='lat' dir='ltr'>efficit,</span> <span class='ocrx_word' id='word_1_173' title='bbox 1137 1525 1181 1553; x_wconf 94' lang='lat' dir='ltr'>ut</span> <span class='ocrx_word' id='word_1_174' title='bbox 1206 1514 1264 1552; x_wconf 83' lang='lat' dir='ltr'>hae</span> <span class='ocrx_word' id='word_1_175' title='bbox 1284 1516 1392 1552; x_wconf 69' lang='lat' dir='ltr'>rectae</span> <span class='ocrx_word' id='word_1_176' title='bbox 1413 1514 1549 1552; x_wconf 88' lang='lat' dir='ltr'>rationi</span> <span class='ocrx_word' id='word_1_177' title='bbox 1568 1524 1721 1566; x_wconf 89' lang='lat' dir='ltr'>pareant</span> <span class='ocrx_word' id='word_1_178' title='bbox 1737 1534 1748 1560; x_wconf 89' lang='lat'>;</span> 
     </span>
     <span class='ocr_line' id='line_1_21' title="bbox 361 1579 1749 1633; baseline 0 -14"><span class='ocrx_word' id='word_1_179' title='bbox 361 1581 629 1633; x_wconf 87' lang='lat' dir='ltr'>conservatque</span> <span class='ocrx_word' id='word_1_180' title='bbox 648 1581 877 1618; x_wconf 89' lang='lat' dir='ltr'>confiderata</span> <span class='ocrx_word' id='word_1_181' title='bbox 889 1581 1037 1632; x_wconf 91' lang='lat' dir='ltr'>judicia</span> <span class='ocrx_word' id='word_1_182' title='bbox 1055 1581 1196 1618; x_wconf 89' lang='lat' dir='ltr'>mentis</span> <span class='ocrx_word' id='word_1_183' title='bbox 1212 1598 1224 1625; x_wconf 77' lang='lat'>3</span> <span class='ocrx_word' id='word_1_184' title='bbox 1247 1580 1296 1618; x_wconf 91' lang='lat' dir='ltr'>fic</span> <span class='ocrx_word' id='word_1_185' title='bbox 1316 1579 1409 1617; x_wconf 90' lang='lat' dir='ltr'>huic</span> <span class='ocrx_word' id='word_1_186' title='bbox 1429 1579 1587 1617; x_wconf 89' lang='lat' dir='ltr'>inimica</span> <span class='ocrx_word' id='word_1_187' title='bbox 1606 1581 1749 1619; x_wconf 87' lang='lat' dir='ltr'>intem-</span> 
     </span>
     <span class='ocr_line' id='line_1_22' title="bbox 359 1645 1748 1700; baseline 0.001 -16"><span class='ocrx_word' id='word_1_188' title='bbox 359 1647 530 1700; x_wconf 87' lang='lat' dir='ltr'>perantia</span> <span class='ocrx_word' id='word_1_189' title='bbox 561 1660 721 1684; x_wconf 91' lang='lat' dir='ltr'>omnem</span> <span class='ocrx_word' id='word_1_190' title='bbox 754 1647 875 1685; x_wconf 90' lang='lat' dir='ltr'>animi</span> <span class='ocrx_word' id='word_1_191' title='bbox 905 1646 1045 1685; x_wconf 91' lang='lat' dir='ltr'>statum</span> <span class='ocrx_word' id='word_1_192' title='bbox 1076 1646 1304 1691; x_wconf 88' lang='lat' dir='ltr'>inflammat,</span> <span class='ocrx_word' id='word_1_193' title='bbox 1348 1645 1566 1691; x_wconf 89' lang='lat' dir='ltr'>conturbat,</span> <span class='ocrx_word' id='word_1_194' title='bbox 1601 1645 1748 1686; x_wconf 89' lang='lat' dir='ltr'>incitat.</span> 
     </span>
     <span class='ocr_line' id='line_1_23' title="bbox 360 1710 1749 1765; baseline 0 -15"><span class='ocrx_word' id='word_1_195' title='bbox 360 1713 494 1765; x_wconf 89' lang='lat' dir='ltr'>Itaque</span> <span class='ocrx_word' id='word_1_196' title='bbox 513 1721 550 1750; x_wconf 91' lang='lat' dir='ltr'>et</span> <span class='ocrx_word' id='word_1_197' title='bbox 569 1711 826 1765; x_wconf 82' lang='lat' dir='ltr'>aegritudines,</span> <span class='ocrx_word' id='word_1_198' title='bbox 843 1721 881 1750; x_wconf 93' lang='lat' dir='ltr'>et</span> <span class='ocrx_word' id='word_1_199' title='bbox 900 1721 1041 1757; x_wconf 89' lang='lat' dir='ltr'>metus,</span> <span class='ocrx_word' id='word_1_200' title='bbox 1063 1720 1100 1749; x_wconf 90' lang='lat' dir='ltr'>et</span> <span class='ocrx_word' id='word_1_201' title='bbox 1120 1712 1274 1763; x_wconf 84' lang='lat' dir='ltr'>reliquae</span> <span class='ocrx_word' id='word_1_202' title='bbox 1294 1710 1595 1763; x_wconf 87' lang='lat' dir='ltr'>perturbationes</span> <span class='ocrx_word' id='word_1_203' title='bbox 1617 1725 1749 1750; x_wconf 88' lang='lat' dir='ltr'>omnes</span> 
     </span>
     <span class='ocr_line' id='line_1_24' title="bbox 359 1777 712 1830; baseline 0 -14"><span class='ocrx_word' id='word_1_204' title='bbox 359 1777 572 1830; x_wconf 86' lang='lat' dir='ltr'>gignuntur</span> <span class='ocrx_word' id='word_1_205' title='bbox 591 1791 638 1816; x_wconf 85' lang='lat' dir='ltr'>ex</span> <span class='ocrx_word' id='word_1_206' title='bbox 657 1791 712 1816; x_wconf 89' lang='lat' dir='ltr'>ea.</span> 
     </span>
    </p>

    <p class='ocr_par' dir='ltr' id='par_1_4' title="bbox 359 1840 1752 2551">
     <span class='ocr_line' id='line_1_25' title="bbox 414 1840 1751 1895; baseline -0.001 -14"><span class='ocrx_word' id='word_1_207' title='bbox 414 1844 467 1881; x_wconf 89' lang='lat' dir='ltr'>X.</span> <span class='ocrx_word' id='word_1_208' title='bbox 499 1843 859 1894; x_wconf 83' lang='lat' dir='ltr'>Qemadmodum‚</span> <span class='ocrx_word' id='word_1_209' title='bbox 891 1856 982 1881; x_wconf 90' lang='lat' dir='ltr'>cum</span> <span class='ocrx_word' id='word_1_210' title='bbox 1017 1842 1164 1895; x_wconf 85' lang='lat' dir='ltr'>sanguis</span> <span class='ocrx_word' id='word_1_211' title='bbox 1196 1850 1396 1894; x_wconf 87' lang='lat' dir='ltr'>corruptus</span> <span class='ocrx_word' id='word_1_212' title='bbox 1428 1840 1493 1885; x_wconf 91' lang='lat' dir='ltr'>est,</span> <span class='ocrx_word' id='word_1_213' title='bbox 1528 1850 1593 1879; x_wconf 89' lang='lat' dir='ltr'>aut</span> <span class='ocrx_word' id='word_1_214' title='bbox 1612 1843 1751 1894; x_wconf 91' lang='lat' dir='ltr'>pituita</span> 
     </span>
     <span class='ocr_line' id='line_1_26' title="bbox 360 1907 1747 1961; baseline 0.001 -16"><span class='ocrx_word' id='word_1_215' title='bbox 360 1907 559 1954; x_wconf 91' lang='lat' dir='ltr'>redundat,</span> <span class='ocrx_word' id='word_1_216' title='bbox 581 1917 646 1946; x_wconf 91' lang='lat' dir='ltr'>aut</span> <span class='ocrx_word' id='word_1_217' title='bbox 666 1908 769 1953; x_wconf 88' lang='lat' dir='ltr'>bilis,</span> <span class='ocrx_word' id='word_1_218' title='bbox 788 1909 829 1946; x_wconf 88' lang='lat' dir='ltr'>in</span> <span class='ocrx_word' id='word_1_219' title='bbox 844 1921 1001 1961; x_wconf 89' lang='lat' dir='ltr'>corpore</span> <span class='ocrx_word' id='word_1_220' title='bbox 1017 1909 1142 1946; x_wconf 85' lang='lat' dir='ltr'>morbi</span> <span class='ocrx_word' id='word_1_221' title='bbox 1163 1907 1499 1960; x_wconf 67' lang='lat' dir='ltr'>aegrotationesque</span> <span class='ocrx_word' id='word_1_222' title='bbox 1517 1907 1721 1946; x_wconf 88' lang='lat' dir='ltr'>nascuntur</span> <span class='ocrx_word' id='word_1_223' title='bbox 1736 1927 1747 1953; x_wconf 87' lang='lat'>;</span> 
     </span>
     <span class='ocr_line' id='line_1_27' title="bbox 360 1972 1750 2026; baseline -0.001 -15"><span class='ocrx_word' id='word_1_224' title='bbox 360 1973 411 2011; x_wconf 89' lang='lat' dir='ltr'>fic</span> <span class='ocrx_word' id='word_1_225' title='bbox 430 1987 629 2026; x_wconf 92' lang='lat' dir='ltr'>pravarum</span> <span class='ocrx_word' id='word_1_226' title='bbox 650 1975 879 2026; x_wconf 89' lang='lat' dir='ltr'>opinionum</span> <span class='ocrx_word' id='word_1_227' title='bbox 900 1974 1156 2018; x_wconf 87' lang='lat' dir='ltr'>conturbatio,</span> <span class='ocrx_word' id='word_1_228' title='bbox 1187 1982 1225 2011; x_wconf 89' lang='lat' dir='ltr'>et</span> <span class='ocrx_word' id='word_1_229' title='bbox 1254 1972 1420 2026; x_wconf 90' lang='lat' dir='ltr'>ipsarum</span> <span class='ocrx_word' id='word_1_230' title='bbox 1437 1973 1537 2010; x_wconf 87' lang='lat' dir='ltr'>inter</span> <span class='ocrx_word' id='word_1_231' title='bbox 1556 1973 1591 2010; x_wconf 91' lang='lat' dir='ltr'>se</span> <span class='ocrx_word' id='word_1_232' title='bbox 1612 1987 1750 2026; x_wconf 87' lang='lat' dir='ltr'>repug-</span> 
     </span>
     <span class='ocr_line' id='line_1_28' title="bbox 360 2037 1750 2092; baseline 0.001 -16"><span class='ocrx_word' id='word_1_233' title='bbox 360 2039 503 2084; x_wconf 85' lang='lat' dir='ltr'>nantia,</span> <span class='ocrx_word' id='word_1_234' title='bbox 534 2039 688 2077; x_wconf 85' lang='lat' dir='ltr'>sanitate</span> <span class='ocrx_word' id='word_1_235' title='bbox 709 2039 844 2092; x_wconf 88' lang='lat' dir='ltr'>spoliat</span> <span class='ocrx_word' id='word_1_236' title='bbox 873 2039 1062 2084; x_wconf 84' lang='lat' dir='ltr'>animum,</span> <span class='ocrx_word' id='word_1_237' title='bbox 1095 2038 1314 2091; x_wconf 91' lang='lat' dir='ltr'>morbisque</span> <span class='ocrx_word' id='word_1_238' title='bbox 1333 2037 1539 2091; x_wconf 85' lang='lat' dir='ltr'>perturbat.</span> <span class='ocrx_word' id='word_1_239' title='bbox 1583 2039 1644 2077; x_wconf 82' lang='lat' dir='ltr'>Ex</span> <span class='ocrx_word' id='word_1_240' title='bbox 1665 2053 1750 2092; x_wconf 86' lang='lat' dir='ltr'>per-</span> 
     </span>
     <span class='ocr_line' id='line_1_29' title="bbox 359 2104 1751 2158; baseline 0 -15"><span class='ocrx_word' id='word_1_241' title='bbox 359 2104 642 2144; x_wconf 88' lang='lat' dir='ltr'>turbationibus</span> <span class='ocrx_word' id='word_1_242' title='bbox 677 2114 805 2143; x_wconf 88' lang='lat' dir='ltr'>autem</span> <span class='ocrx_word' id='word_1_243' title='bbox 840 2105 1013 2158; x_wconf 91' lang='lat' dir='ltr'>primum</span> <span class='ocrx_word' id='word_1_244' title='bbox 1046 2105 1172 2143; x_wconf 91' lang='lat' dir='ltr'>morbi</span> <span class='ocrx_word' id='word_1_245' title='bbox 1206 2104 1477 2148; x_wconf 90' lang='lat' dir='ltr'>conficiuntur,</span> <span class='ocrx_word' id='word_1_246' title='bbox 1508 2117 1592 2156; x_wconf 85' lang='lat' dir='ltr'>quae</span> <span class='ocrx_word' id='word_1_247' title='bbox 1616 2115 1751 2143; x_wconf 86' lang='lat' dir='ltr'>vocant</span> 
     </span>
     <span class='ocr_line' id='line_1_30' title="bbox 359 2168 1750 2223; baseline 0.001 -15"><span class='ocrx_word' id='word_1_248' title='bbox 359 2169 419 2208; x_wconf 89' lang='lat' dir='ltr'>illi</span> <span class='ocrx_word' id='word_1_249' title='bbox 439 2168 614 2218; x_wconf 67' lang='grc' dir='ltr'><strong><em>νου-ἤματα,</em></strong></span> <span class='ocrx_word' id='word_1_250' title='bbox 644 2184 776 2222; x_wconf 85' lang='lat' dir='ltr'>eaque,</span> <span class='ocrx_word' id='word_1_251' title='bbox 808 2185 893 2223; x_wconf 82' lang='lat' dir='ltr'>quae</span> <span class='ocrx_word' id='word_1_252' title='bbox 912 2171 998 2209; x_wconf 90' lang='lat' dir='ltr'>sunt</span> <span class='ocrx_word' id='word_1_253' title='bbox 1017 2171 1069 2208; x_wconf 87' lang='lat' dir='ltr'>eis</span> <span class='ocrx_word' id='word_1_254' title='bbox 1090 2170 1234 2209; x_wconf 88' lang='lat' dir='ltr'>morbis</span> <span class='ocrx_word' id='word_1_255' title='bbox 1265 2170 1466 2214; x_wconf 88' lang='lat' dir='ltr'>contraria,</span> <span class='ocrx_word' id='word_1_256' title='bbox 1499 2183 1583 2221; x_wconf 84' lang='lat' dir='ltr'>quae</span> <span class='ocrx_word' id='word_1_257' title='bbox 1608 2169 1750 2209; x_wconf 84' lang='lat' dir='ltr'>habent</span> 
     </span>
     <span class='ocr_line' id='line_1_31' title="bbox 360 2234 1749 2288; baseline 0.001 -16"><span class='ocrx_word' id='word_1_258' title='bbox 360 2235 408 2273; x_wconf 89' lang='lat' dir='ltr'>ad</span> <span class='ocrx_word' id='word_1_259' title='bbox 427 2247 484 2273; x_wconf 86' lang='lat' dir='ltr'>res</span> <span class='ocrx_word' id='word_1_260' title='bbox 499 2244 618 2273; x_wconf 88' lang='lat' dir='ltr'>certas</span> <span class='ocrx_word' id='word_1_261' title='bbox 638 2235 811 2274; x_wconf 89' lang='lat' dir='ltr'>vitiosam</span> <span class='ocrx_word' id='word_1_262' title='bbox 830 2235 1078 2275; x_wconf 66' lang='lat' dir='ltr'>offensionem</span> <span class='ocrx_word' id='word_1_263' title='bbox 1098 2244 1210 2288; x_wconf 90' lang='lat' dir='ltr'>atque</span> <span class='ocrx_word' id='word_1_264' title='bbox 1230 2234 1425 2274; x_wconf 90' lang='lat' dir='ltr'>fastidium</span> <span class='ocrx_word' id='word_1_265' title='bbox 1443 2250 1452 2273; x_wconf 73' lang='grc' dir='ltr'>ε</span> <span class='ocrx_word' id='word_1_266' title='bbox 1475 2235 1610 2272; x_wconf 90' lang='lat' dir='ltr'>deinde</span> <span class='ocrx_word' id='word_1_267' title='bbox 1630 2249 1749 2288; x_wconf 82' lang='lat' dir='ltr'>aegro-</span> 
     </span>
     <span class='ocr_line' id='line_1_32' title="bbox 361 2299 1749 2354; baseline -0.001 -16"><span class='ocrx_word' id='word_1_268' title='bbox 361 2299 537 2345; x_wconf 89' lang='lat' dir='ltr'>tationes,</span> <span class='ocrx_word' id='word_1_269' title='bbox 569 2315 653 2353; x_wconf 80' lang='lat' dir='ltr'>quae</span> <span class='ocrx_word' id='word_1_270' title='bbox 683 2301 921 2354; x_wconf 89' lang='lat' dir='ltr'>appellantur</span> <span class='ocrx_word' id='word_1_271' title='bbox 939 2316 960 2340; x_wconf 91' lang='lat' dir='ltr'>a</span> <span class='ocrx_word' id='word_1_272' title='bbox 979 2302 1114 2341; x_wconf 89' lang='lat' dir='ltr'>Stoicis</span> <span class='ocrx_word' id='word_1_273' title='bbox 1133 2300 1368 2352; x_wconf 66' lang='grc' dir='ltr'>ἀρῥωςτῖμοιτοι,</span> <span class='ocrx_word' id='word_1_274' title='bbox 1398 2299 1532 2352; x_wconf 92' lang='lat' dir='ltr'>hisque</span> <span class='ocrx_word' id='word_1_275' title='bbox 1553 2301 1647 2338; x_wconf 88' lang='lat' dir='ltr'>item</span> <span class='ocrx_word' id='word_1_276' title='bbox 1678 2314 1749 2353; x_wconf 92' lang='lat' dir='ltr'>op-</span> 
     </span>
     <span class='ocr_line' id='line_1_33' title="bbox 361 2365 1752 2420; baseline 0.001 -16"><span class='ocrx_word' id='word_1_277' title='bbox 361 2366 488 2420; x_wconf 87' lang='lat' dir='ltr'>pofitae</span> <span class='ocrx_word' id='word_1_278' title='bbox 507 2367 702 2406; x_wconf 87' lang='lat' dir='ltr'>contrariae</span> <span class='ocrx_word' id='word_1_279' title='bbox 718 2367 954 2407; x_wconf 78' lang='lat' dir='ltr'>offensiones.</span> <span class='ocrx_word' id='word_1_280' title='bbox 973 2369 1063 2407; x_wconf 92' lang='lat' dir='ltr'>Hoc</span> <span class='ocrx_word' id='word_1_281' title='bbox 1083 2368 1170 2406; x_wconf 93' lang='lat' dir='ltr'>loco</span> <span class='ocrx_word' id='word_1_282' title='bbox 1190 2367 1358 2406; x_wconf 87' lang='lat' dir='ltr'>nimium</span> <span class='ocrx_word' id='word_1_283' title='bbox 1374 2381 1494 2419; x_wconf 76' lang='lat' dir='ltr'>operae</span> <span class='ocrx_word' id='word_1_284' title='bbox 1514 2365 1752 2405; x_wconf 87' lang='lat' dir='ltr'>consumitur</span> 
     </span>
     <span class='ocr_line' id='line_1_34' title="bbox 362 2432 1751 2487; baseline 0 -17"><span class='ocrx_word' id='word_1_285' title='bbox 362 2445 382 2470; x_wconf 91' lang='lat' dir='ltr'>a</span> <span class='ocrx_word' id='word_1_286' title='bbox 398 2432 548 2477; x_wconf 92' lang='lat' dir='ltr'>Stoicis,</span> <span class='ocrx_word' id='word_1_287' title='bbox 563 2434 730 2472; x_wconf 85' lang='lat' dir='ltr'>maxime</span> <span class='ocrx_word' id='word_1_288' title='bbox 742 2447 761 2472; x_wconf 93' lang='lat' dir='ltr'>a</span> <span class='ocrx_word' id='word_1_289' title='bbox 775 2433 1003 2487; x_wconf 82' lang='lat' dir='ltr'>Chrysippo,</span> <span class='ocrx_word' id='word_1_290' title='bbox 1017 2435 1112 2473; x_wconf 92' lang='lat' dir='ltr'>dum</span> <span class='ocrx_word' id='word_1_291' title='bbox 1129 2433 1274 2472; x_wconf 88' lang='lat' dir='ltr'>morbis</span> <span class='ocrx_word' id='word_1_292' title='bbox 1290 2446 1494 2485; x_wconf 87' lang='lat' dir='ltr'>corporum</span> <span class='ocrx_word' id='word_1_293' title='bbox 1509 2444 1596 2469; x_wconf 90' lang='lat' dir='ltr'>com</span> <span class='ocrx_word' id='word_1_294' title='bbox 1600 2441 1751 2484; x_wconf 88' lang='lat' dir='ltr'>paratur</span> 
     </span>
     <span class='ocr_line' id='line_1_35' title="bbox 361 2496 1751 2551; baseline -0.001 -16"><span class='ocrx_word' id='word_1_295' title='bbox 361 2498 588 2536; x_wconf 86' lang='lat' dir='ltr'>morborum</span> <span class='ocrx_word' id='word_1_296' title='bbox 619 2499 736 2537; x_wconf 89' lang='lat' dir='ltr'>animi</span> <span class='ocrx_word' id='word_1_297' title='bbox 758 2500 981 2538; x_wconf 88' lang='lat' dir='ltr'>fimilitudo.</span> <span class='ocrx_word' id='word_1_298' title='bbox 1025 2501 1114 2551; x_wconf 85' lang='lat' dir='ltr'>Qa</span> <span class='ocrx_word' id='word_1_299' title='bbox 1138 2499 1305 2538; x_wconf 82' lang='lat' dir='ltr'>oratione</span> <span class='ocrx_word' id='word_1_300' title='bbox 1329 2496 1571 2550; x_wconf 68' lang='lat' dir='ltr'>praetermiffa</span> <span class='ocrx_word' id='word_1_301' title='bbox 1590 2497 1751 2535; x_wconf 87' lang='lat' dir='ltr'>minime</span> 
     </span>
    </p>
   </div>
   <div class='ocr_carea' id='block_1_3' title="bbox 361 2563 1751 2670">
    <p class='ocr_par' dir='ltr' id='par_1_5' title="bbox 361 2563 1751 2670">
     <span class='ocr_line' id='line_1_36' title="bbox 361 2563 1751 2618; baseline -0.002 -15"><span class='ocrx_word' id='word_1_302' title='bbox 361 2563 573 2609; x_wconf 62' lang='lat' dir='ltr'>necessaria,</span> <span class='ocrx_word' id='word_1_303' title='bbox 604 2577 659 2610; x_wconf 89' lang='lat' dir='ltr'>ea,</span> <span class='ocrx_word' id='word_1_304' title='bbox 695 2579 779 2618; x_wconf 81' lang='lat' dir='ltr'>quae</span> <span class='ocrx_word' id='word_1_305' title='bbox 809 2579 892 2606; x_wconf 90' lang='lat' dir='ltr'>rem</span> <span class='ocrx_word' id='word_1_306' title='bbox 923 2567 1134 2611; x_wconf 89' lang='lat' dir='ltr'>continent,</span> <span class='ocrx_word' id='word_1_307' title='bbox 1177 2565 1461 2618; x_wconf 53' lang='lat' dir='ltr'>pertractemus</span> <span class='ocrx_word' id='word_1_308' title='bbox 1511 2563 1751 2615; x_wconf 86' lang='lat' dir='ltr'>Intelligatur</span> 
     </span>
     <span class='ocr_line' id='line_1_37' title="bbox 446 2630 1452 2670; baseline 0.005 -1"><span class='ocrx_word' id='word_1_309' title='bbox 446 2631 579 2670; x_wconf 83' lang='lat' dir='ltr'>ToM.</span> <span class='ocrx_word' id='word_1_310' title='bbox 612 2631 664 2670; x_wconf 92' lang='lat' dir='ltr'>II.</span> <span class='ocrx_word' id='word_1_311' title='bbox 1375 2630 1409 2666; x_wconf 89' lang='lat' dir='ltr'>V</span> <span class='ocrx_word' id='word_1_312' title='bbox 1431 2643 1452 2667; x_wconf 81' lang='lat' dir='ltr'>V</span> 
     </span>
    </p>
   </div>
  </div>
 </body>
</html>
