2330 2983
762 226 1461 266 LUCULLUS.
1780 240 1828 277 39

430 324 536 364 venit
555 325 600 364 ad
620 324 762 369 soritas,
784 324 980 363 lubricum
1001 324 1085 363 sane
1114 333 1153 363 et
1171 324 1430 378 periculosum
1461 324 1592 362 locum
1608 341 1619 368 3
1652 322 1756 375 quod
1788 330 1828 359 tu

429 391 548 429 modo
568 390 719 428 dicebas
739 389 810 428 effe
830 390 1012 429 vitiosum
1033 390 1291 442 interrogandi
1310 403 1446 444 genus.

456 456 610 495 XXIX.
634 456 743 507 Qid
755 456 873 508 ergo?
894 455 1001 494 istius
1016 456 1101 494 vitii
1116 469 1213 495 num
1229 456 1352 495 nostra
1367 457 1481 509 culpa
1497 455 1576 494 est?
1598 455 1747 493 Rerum
1761 466 1829 491 na-

430 530 515 560 tura
533 523 682 562 nullam
698 522 810 561 nobis
829 522 936 561 dedit
954 522 1221 575 cognitIOnem
1236 522 1392 568 finium,
1409 531 1452 561 ut
1467 522 1546 560 ulla
1560 522 1600 559 in
1622 533 1659 559 re
1675 520 1831 558 statuere

429 587 628 640 pofiimus,
650 597 837 641 quatenus
854 603 863 627 ε
886 601 957 627 nec
978 587 1109 627 hocin
1129 602 1261 627 acervo
1281 588 1401 627 tritici
1417 587 1555 632 solum,
1570 585 1672 624 unde
1690 597 1833 623 nornen

430 655 497 700 est,
528 655 590 694 sed
609 656 718 694 nulla
736 655 897 694 omnino
916 655 958 694 in
985 669 1024 694 re
1043 655 1268 694 minutatim
1289 654 1553 708 interroganti,
1583 652 1703 698 dives,
1735 664 1831 704 pau-

430 735 526 774 per;
557 722 695 768 clarus,
716 722 899 761 obscurus
917 723 962 761 fit
977 741 990 767 ς
1021 722 1160 767 multa,
1191 735 1335 775 pauca3
1367 735 1516 774 magna,
1538 732 1672 773 parva;
1703 717 1831 770 longa,

431 788 586 834 brevia‚·
618 789 707 834 lata,
742 788 897 842 angusta
913 807 925 835 3
956 797 1102 842 quanto
1128 798 1194 828 aut
1213 788 1357 834 addito,
1388 796 1453 826 aut
1477 787 1651 840 dempto,
1682 793 1832 823 certum

431 855 740 909 respondeamus,
763 869 841 894 non
862 855 1064 894 habemus.

487 923 544 960 At
563 922 686 960 vitiosi
705 921 793 960 sunt
812 922 947 961 soritae.
980 921 1162 975 Frangite
1181 921 1301 975 igitur
1320 933 1399 967 εοε,
1429 920 1457 958 fi
1477 919 1645 973 potestiS,
1677 929 1724 956 ne
1745 929 1833 955 mo-

431 987 515 1026 lesti
535 987 635 1027 sint:
666 997 779 1027 erunt
797 989 918 1034 enim,
948 988 1017 1026 nifi
1038 989 1191 1027 cavetis.
1234 989 1406 1027 Cautum
1436 986 1502 1031 est,
1532 985 1673 1038 inquit.
1705 983 1836 1022 Placet

431 1055 539 1093 enim
561 1054 791 1108 Chryfippo,
823 1069 916 1093 cum
941 1054 1131 1107 gradatim
1161 1055 1430 1107 interrogetur,
1458 1052 1563 1091 verbi
1594 1049 1717 1094 causa,
1751 1049 1834 1093 tria,

432 1134 553 1174 pauca
573 1122 658 1166 fint,
689 1135 786 1160 anne
806 1121 930 1160 multa
944 1139 957 1167 5
988 1121 1186 1174 aliquanto
1204 1121 1324 1174 prius,
1354 1133 1472 1172 quam
1492 1118 1538 1157 ad
1557 1117 1680 1156 multa
1700 1128 1835 1169 perve-

434 1188 528 1233 niat,
551 1187 758 1240 quiescere,
779 1187 819 1225 id
839 1187 906 1233 est,
937 1188 1042 1240 quod
1061 1188 1107 1226 ab
1127 1187 1174 1225 iis
1200 1187 1357 1232 dicitur,
1388 1181 1568 1234 ἡσυχάζειν.
1603 1184 1675 1222 Per
1694 1194 1758 1221 me
1776 1180 1836 1219 vel

432 1254 559 1293 stertas
579 1254 685 1299 licet,
707 1253 838 1306 inquit
858 1253 1084 1299 Carneades,
1102 1267 1180 1292 non
1201 1253 1318 1292 modo
1338 1251 1521 1305 quiescas.
1541 1250 1613 1289 Sed
1629 1248 1723 1302 quid
1743 1260 1835 1300 pro-

434 1320 518 1359 ficit
536 1321 549 1358 ?
579 1321 752 1373 sequitur
768 1321 875 1359 enim
895 1321 963 1372 qui
980 1329 1016 1358 te
1035 1334 1081 1360 ex
1097 1319 1233 1359 somno
1248 1319 1405 1364 excitet,
1421 1327 1460 1357 et
1479 1318 1616 1356 eodem
1637 1314 1755 1354 modo
1774 1314 1838 1352 in·

435 1395 615 1438 teri-eget,
636 1386 730 1436 Qo
749 1385 789 1423 in
811 1398 974 1423 numero
994 1385 1227 1429 conticuisti,
1258 1385 1285 1422 fi
1305 1385 1352 1423 ad
1370 1398 1461 1422 eum
1485 1395 1693 1421 numerum
1714 1393 1836 1418 unum

435 1452 630 1496 addidero,
660 1452 834 1489 multane
853 1452 993 1490 crunt?
1025 1451 1271 1504 Progrediere
1306 1451 1444 1496 rursus,
1475 1449 1600 1503 quoad
1630 1448 1835 1487 videbitur.

436 1518 546 1570 Qid
566 1517 702 1571 plura?
723 1516 800 1556 hoc
816 1517 923 1555 enim
943 1516 1097 1562 fateris;
1121 1530 1244 1569 neque
1261 1516 1448 1555 ultimum
1469 1526 1506 1555 te
1524 1528 1751 1570 paucorum,
1769 1527 1838 1552 ne-

434 1598 511 1638 que
530 1584 703 1638 primum
724 1583 955 1629 multorum,
978 1583 1199 1636 respondere
1217 1582 1331 1636 poffe.
1355 1584 1477 1636 Cujus
1498 1583 1645 1636 generis
1666 1596 1768 1621 error
1787 1583 1839 1622 ita

435 1660 579 1695 manat,
602 1659 644 1688 ut
665 1663 744 1688 non
763 1648 928 1695 videam,
951 1663 1028 1702 quo
1049 1663 1126 1688 non
1147 1649 1258 1703 poflit
1278 1648 1468 1687 accedere.

492 1716 608 1756 Nihil
630 1730 693 1755 me
711 1715 830 1760 laedit‚
853 1716 995 1768 inquit.
1027 1716 1115 1769 Ego
1133 1716 1254 1760 enim,
1282 1724 1325 1753 ut
1345 1715 1507 1768 agitator
1527 1714 1704 1760 callidus,
1735 1715 1839 1768 prius

436 1796 555 1837 quam
575 1783 620 1821 ad
640 1783 760 1821 finem
781 1782 946 1828 veniam,
973 1796 1091 1834 equos
1123 1781 1340 1826 sustineb03
1371 1795 1493 1834 eoque
1513 1782 1648 1834 magis,
1680 1781 1705 1820 fi
1733 1781 1840 1819 locus

439 1851 484 1895 is,
506 1864 586 1903 quo
606 1848 777 1888 ferentur
796 1850 900 1901 equi,
922 1863 1087 1902 praeceps
1107 1849 1203 1887 crit:
1235 1849 1284 1887 fic
1304 1862 1382 1893 me,
1411 1848 1553 1901 inquit,
1575 1857 1661 1886 ante
1682 1847 1838 1886 sustinc-

439 1917 503 1961 bo,
535 1929 606 1954 nec
626 1915 772 1953 diutius
793 1915 959 1968 captiose
978 1914 1229 1967 interroganti
1248 1913 1494 1967 respondebo.
1528 1914 1565 1952 Si
1585 1912 1716 1959 habes,
1734 1914 1840 1967 quod

438 1982 596 2035 liqueat,
618 1994 741 2034 neque
761 1981 975 2034 respondes,
998 1981 1191 2034 superbis:
1225 1981 1250 2018 fi
1271 1994 1348 2018 non
1368 1979 1498 2025 habes,
1531 1993 1576 2018 nc
1609 1989 1649 2018 tu
1680 1980 1839 2032 quidem

438 2048 633 2101 perspicis.
667 2047 719 2092 Si,
741 2047 831 2100 quia
849 2047 1030 2092 obscura;
1062 2047 1231 2085 concedo
1249 2062 1257 2085 :
1290 2046 1351 2085 sed
1372 2060 1483 2099 negas
1505 2055 1541 2085 te
1561 2045 1678 2099 usque
1697 2046 1741 2084 ad
1768 2046 1840 2084 ob-

438 2115 544 2153 scura
565 2113 756 2168 progredi.
790 2114 1006 2152 Illustribus
1027 2113 1146 2167 igitur
1165 2115 1278 2152 rebus
1297 2113 1447 2152 infistis.
1480 2114 1516 2151 Si
1539 2113 1577 2151 id
1599 2122 1840 2151 tantummo-

439 2181 502 2226 do,
525 2189 568 2218 ut
589 2190 708 2218 taceas
727 2197 738 2224 ς
769 2179 868 2218 nihil
889 2180 1100 2233 assequeris.
1134 2180 1241 2232 Qid
1262 2179 1367 2218 enirn
1387 2180 1434 2217 ad
1455 2179 1582 2223 illum,
1605 2179 1672 2232 qui
1695 2188 1729 2217 te
1750 2192 1840 2232 cap-

440 2257 516 2284 tare
537 2245 634 2291 vult,
660 2254 792 2284 utrum
815 2255 1005 2284 tacentem
1025 2246 1168 2284 irretiat
1189 2255 1239 2291 te,
1267 2260 1312 2284 an
1334 2245 1556 2298 loquentem
1576 2246 1588 2283 ?
1621 2245 1686 2283 Sin
1713 2254 1840 2282 autem

441 2313 558 2365 usque
579 2312 624 2350 ad
656 2325 810 2357 novem,
843 2313 949 2351 verbi
970 2313 1102 2366 gratia,
1134 2313 1209 2350 fine
1229 2312 1468 2351 dubitatione
1498 2312 1696 2364 respondes
1724 2324 1842 2363 pauca

440 2377 524 2422 effe,
545 2379 585 2416 in
615 2379 768 2417 decimo
789 2378 950 2424 infistis;
982 2379 1100 2417 etiam
1127 2393 1146 2416 a
1172 2379 1283 2417 certis
1315 2388 1352 2416 et
1384 2378 1652 2416 illustrioribus
1685 2376 1841 2415 cohibes

442 2444 636 2483 assensum.
675 2446 766 2484 Hoc
787 2446 891 2484 idem
911 2460 975 2484 me
995 2447 1034 2484 in
1055 2446 1224 2484 obscuris
1246 2445 1367 2483 facere
1388 2459 1463 2483 non
1486 2444 1601 2482 finis?
1630 2442 1745 2482 Nihil
1767 2444 1841 2495 igi-

443 2520 506 2549 tur
527 2520 562 2549 te
582 2521 714 2549 contra
734 2511 862 2551 soritas
879 2526 936 2552 ars
957 2513 1023 2551 ista
1043 2513 1221 2565 adjuvat;
1245 2526 1329 2564 quae
1350 2525 1418 2550 nec
1435 2511 1603 2564 augenti,
1622 2524 1691 2550 nec
1713 2510 1842 2549 minu-

443 2577 538 2623 enti,
560 2578 655 2630 quid
675 2587 741 2616 aut
760 2580 935 2632 primum
951 2579 1009 2625 sit,
1031 2589 1094 2618 aut
1115 2579 1366 2632 postremum,
1389 2578 1513 2616 docet.

528 2645 651 2683 Tou.
676 2645 729 2683 II.
