2330 2983
459 261 535 314 366
765 255 1540 296 TUSCULANARUM

512 361 614 397 Cave
643 355 748 394 enim
779 363 903 408 putes,
935 355 1056 393 ullam
1083 368 1107 392 a
1135 353 1378 408 philosophia
1396 369 1532 395 vocem
1560 355 1733 395 emiffam
1762 357 1842 396 cla-

454 426 608 467 riorem,
640 422 811 460 ullumve
830 420 901 459 effe
931 419 1182 474 philosophiae
1201 421 1427 474 promiffum
1447 422 1600 460 uberius
1620 432 1685 461 aut
1704 425 1842 475 majus.

455 490 561 528 Nam
592 488 687 540 quid
717 486 930 540 profitetur,
960 487 984 525 ὂ
1004 487 1073 525 Dii
1105 487 1225 525 boni?
1254 487 1509 541 perfecturam
1530 488 1579 533 se,
1606 489 1674 541 qui
1693 489 1842 542 legibus

454 555 529 593 suis
549 553 738 607 paruiffet,
769 561 812 591 ut
831 552 919 591 effet
938 562 1071 591 contra
1088 551 1285 592 fortunam
1305 552 1452 607 semper
1470 563 1660 599 armatus;
1693 564 1736 592 ut
1754 569 1842 593 om-

456 621 519 658 nia
538 619 704 673 praefidia
722 617 877 656 haberet
895 618 934 656 in
951 618 990 655 se
1010 618 1105 657 bene
1123 618 1307 671 beateque
1326 619 1478 657 vivendi
1493 637 1505 664 3
1538 629 1581 657 ut
1595 619 1683 657 effet
1698 619 1844 672 semper

455 686 619 738 denique
649 684 794 722 beatus.
839 683 909 721 Sed
929 684 1070 728 videro,
1101 683 1196 736 quid
1215 684 1369 722 efficiat.
1401 684 1604 737 Tantisper
1622 684 1698 723 hoc
1718 685 1845 737 ipsum

457 751 586 803 magni
617 749 774 793 aestim0‚
804 747 910 800 quod
939 748 1156 800 pollicetur.
1188 748 1295 786 Nam
1324 749 1470 786 Xerxes
1490 749 1648 800 quidem
1683 749 1842 788 refertus

454 816 637 854 omnibus
656 814 823 867 praemiis
842 812 1026 865 donisque
1045 811 1219 857 fortunae,
1253 825 1330 850 non
1350 813 1538 864 equitatu,
1567 827 1643 851 non
1663 814 1843 865 pedestri-

455 882 527 920 bus
548 880 682 933 copiis,
720 892 797 918 non
817 879 972 917 navium
992 877 1257 923 multitudine,
1290 891 1366 916 non
1397 878 1551 917 infinito
1569 879 1736 932 pondere
1765 880 1844 917 auri

453 954 671 991 contentus,
692 945 896 998 praemium
916 943 1112 997 proposuit
1131 944 1180 988 ei,
1203 944 1270 997 qui
1290 943 1488 982 invenisset
1506 958 1646 983 novam
1664 945 1843 997 volupta-

454 1023 560 1057 tem;
592 1025 666 1064 qua
686 1011 762 1064 ipsa
782 1024 858 1049 non
878 1009 1004 1048 fuiffet
1024 1019 1226 1048 contentus
1243 1025 1250 1048 :
1274 1011 1516 1063 nequeenim
1534 1023 1705 1063 unquam
1725 1011 1843 1049 finem

455 1078 623 1116 inveniet
641 1077 775 1115 libido.
819 1076 904 1115 Nos
924 1076 1063 1114 vellem
1083 1076 1241 1129 praemio
1260 1076 1393 1114 elicere
1412 1075 1615 1129 poffemus,
1646 1077 1714 1129 qui
1732 1077 1844 1115 nobis

454 1142 601 1196 aliquid
620 1142 812 1186 attulisset,
835 1155 914 1193 quo
932 1139 1007 1179 hoc
1027 1140 1175 1179 firmius
1195 1141 1448 1180 crederemus.

509 1209 624 1247 vm,
659 1209 885 1246 AumToR.
919 1206 1073 1244 Vellem
1108 1207 1148 1244 id
1167 1206 1325 1259 quidem
1343 1221 1352 1245 ε
1385 1207 1447 1245 sed
1476 1206 1597 1247 habeo
1626 1209 1841 1261 paululum,

454 1274 559 1326 quod
577 1273 781 1325 requiram.
804 1272 891 1324 Ego
905 1271 1010 1309 enim
1025 1271 1213 1316 affentior,
1229 1285 1377 1316 eorum,
1395 1285 1480 1324 quoe
1494 1273 1663 1324 posuisti,
1680 1275 1844 1313 alterum

455 1339 561 1377 alteri
581 1337 814 1390 consequens
834 1336 918 1381 effe,
940 1346 997 1381 ut,
1019 1336 1367 1389 quemadmodum,
1388 1337 1415 1375 si
1436 1337 1541 1390 quod
1561 1336 1765 1376 honestum
1786 1340 1843 1383 fit,

454 1405 495 1443 id
516 1404 639 1443 solum
660 1404 704 1442 sit
724 1404 886 1447 bonum,
915 1402 1090 1454 sequatur
1112 1402 1262 1440 beatam
1281 1403 1400 1441 vitam
1419 1403 1560 1441 virtute
1579 1402 1719 1442 confici
1731 1421 1743 1448 ;
1780 1404 1843 1448 fic,

456 1470 483 1508 fi
503 1471 580 1509 vita
600 1471 707 1508 beata
728 1470 766 1507 in
787 1470 926 1507 virtute
946 1468 1004 1512 fit,
1027 1466 1123 1506 nihil
1143 1467 1228 1513 effe,
1251 1467 1319 1506 nisi
1338 1469 1536 1514 virtutem,
1564 1469 1727 1508 bonurn.
1774 1470 1846 1508 Sed

455 1537 596 1574 Brutus
618 1545 720 1579 tuuS,
751 1536 902 1572 auctore
921 1533 1047 1571 Aristo
1075 1542 1114 1571 et
1134 1533 1345 1578 Antiocho,
1377 1548 1454 1572 non
1474 1533 1586 1573 sentit
1605 1533 1680 1573 hoc
1693 1553 1705 1580 ς
1736 1544 1846 1588 putat

455 1601 576 1645 enim,
611 1601 727 1638 etiam
759 1599 784 1637 fi
804 1599 848 1637 s1t
879 1599 1032 1648 bonum*
1056 1597 1212 1650 aliquod
1230 1608 1364 1651 praeter
1383 1600 1579 1638 virtutem.
1629 1600 1843 1639 MARcus.

456 1667 565 1718 Qid
585 1666 730 1719 igitur?
761 1674 894 1703 contra
913 1664 1126 1702 Brutumne
1145 1676 1208 1702 me
1227 1663 1420 1703 dicturum
1439 1673 1549 1717 putas
1565 1665 1578 1702 ?
1608 1666 1841 1704 Αυῡιτοκ.

455 1734 522 1771 Tu
543 1745 644 1774 vero,
666 1740 708 1768 ut
727 1730 902 1774 videtur;
934 1742 1022 1767 nam
1043 1728 1230 1782 praefinire
1249 1742 1325 1768 non
1345 1729 1396 1768 est
1416 1743 1564 1769 meum.

511 1799 724 1836 MARcus.
756 1795 864 1848 Qid
897 1795 1037 1847 cuique
1070 1795 1188 1847 igitur
1221 1795 1516 1835 consentaneum
1547 1797 1606 1841 fit,
1637 1797 1712 1835 alio
1742 1797 1842 1836 loco.

456 1864 562 1902 Nam
581 1862 649 1900 ista
668 1860 767 1900 mihi
787 1870 824 1898 et
843 1874 935 1899 cum
956 1858 1155 1898 Antiocho
1170 1859 1276 1912 saepe,
1293 1870 1330 1898 et
1345 1874 1437 1899 curn
1454 1861 1581 1900 Aristo
1599 1874 1733 1914 nuper,
1753 1875 1846 1900 cum

456 1928 620 1967 Athenis
643 1928 849 1979 imperator
869 1926 968 1978 apud
983 1939 1072 1964 eum
1088 1925 1301 1971 diversarer,
1318 1925 1489 1965 dissensio
1507 1925 1596 1965 fuit.
1619 1925 1727 1965 Mihi
1739 1927 1845 1965 enim

458 2007 534 2031 non
554 1993 752 2031 videbatur
771 1990 972 2043 quisquam
992 1989 1062 2028 effe
1083 1990 1211 2029 beatus
1231 1991 1346 2044 posse,
1367 2005 1461 2029 cum
1481 1991 1521 2029 in
1541 1991 1651 2029 malis
1671 1991 1759 2030 esset
1770 2009 1782 2036 ς
1803 1992 1844 2029 in

459 2058 570 2097 malis
591 2066 718 2096 autem
739 2056 943 2109 sapientem
964 2054 1034 2093 effe
1053 2055 1165 2108 poss‘e,
1197 2056 1221 2094 si
1243 2055 1356 2094 essent
1378 2056 1455 2093 ulla
1473 2055 1642 2108 corporis
1668 2064 1733 2093 aut
1763 2054 1844 2093 for-

460 2133 561 2162 tunae
581 2122 693 2162 mala.
728 2121 965 2160 Dicebantur
992 2119 1085 2165 haec,
1117 2135 1200 2173 quae
1220 2121 1363 2174 scripsit
1378 2121 1493 2160 etiam
1515 2119 1733 2159 Antiochus
1752 2121 1845 2160 locis

459 2189 647 2242 pluribus,
679 2188 874 2226 Virtutem
896 2187 1011 2239 ipsam
1033 2201 1098 2239 pcr
1119 2186 1152 2225 se
1172 2187 1318 2225 beatam
1336 2187 1454 2224 vitam
1473 2186 1622 2224 efficere
1641 2186 1754 2239 posse,
1776 2199 1844 2224 ne-

458 2268 533 2307 que
564 2263 690 2292 tamen
712 2252 984 2292 beatiffimam:
1021 2252 1156 2290 deinde
1186 2266 1231 2291 ex
1262 2253 1403 2304 majore
1433 2261 1537 2305 parte
1565 2251 1757 2305 plerasque
1788 2264 1844 2290 res

460 2320 663 2363 nominari,
693 2319 806 2357 etiam
830 2318 853 2356 si
875 2331 948 2370 qua
969 2331 1050 2370 pars
1071 2317 1219 2361 abesset,
1243 2327 1284 2355 ut
1307 2317 1414 2361 vires,
1447 2327 1489 2355 ut
1509 2317 1781 2362 valetudinem,
1803 2326 1846 2356 ut

458 2385 623 2429 divitias,
645 2393 687 2422 ut
707 2383 906 2427 honorem,
929 2392 971 2420 ut
990 2382 1176 2435 gloriann
1198 2396 1282 2434 quae
1302 2396 1449 2434 genere,
1473 2395 1546 2420 non
1570 2395 1743 2426 numero,
1761 2395 1845 2420 cer-

460 2461 660 2490 nerentur:
694 2451 785 2489 item
808 2450 953 2489 beatam
975 2449 1107 2493 vitam,
1123 2449 1238 2487 ctiam
1260 2448 1284 2486 si
1305 2461 1349 2486 cx
1372 2448 1496 2501 aliqua
1518 2459 1620 2502 parte
1639 2448 1843 2493 clauderet,

460 2528 585 2555 tamen
607 2530 652 2555 ex
675 2517 800 2555 multo
820 2516 959 2568 majore
980 2525 1082 2568 parte
1101 2515 1271 2553 obtinere
1292 2528 1431 2552 nomen
1454 2515 1576 2553 suum.

526 2582 622 2621 Haec
657 2595 758 2620 nunc
789 2581 983 2620 enucleare
1017 2593 1093 2619 non
1127 2581 1179 2619 ita
1213 2578 1353 2619 necesse
1386 2579 1437 2619 cst
1457 2599 1468 2625 5
1513 2591 1733 2633 quanquam
1765 2589 1844 2620 non
