2330 2983
610 244 659 300 38
935 238 1686 281 M.T.CICERONIS

745 334 844 376 Unde
861 334 1095 388 haecfhvnma
1113 333 1233 372 oritur
1244 331 1265 371 ἒ

607 412 648 443 et
666 403 733 442 illa
749 401 945 454 deinceps,

743 465 880 511 Incede,
900 464 1016 504 incede
1029 481 1043 504 .·
1072 463 1214 518 adsient,
1235 463 1364 518 adstant
1380 479 1394 502 :
1423 478 1489 509 me,
1509 477 1562 503 me
1579 472 1763 518 expetunt.

609 534 732 588 Qid,
753 546 845 572 cum
864 532 1023 585 virginis
1043 531 1161 570 fidem
1181 531 1361 584 implorat
1378 531 1392 568 ?

743 601 822 640 Fer
839 599 889 637 mi
903 598 1074 636 auxilium
1091 616 1101 642 ς
1126 597 1252 650 pestem
1270 596 1371 648 abige
1389 611 1412 634 a
1430 611 1496 641 me,
1542 627 1544 629 v

744 659 1014 712 Flammiferam
1033 659 1127 697 hanc
1144 659 1233 702 vim,
1254 671 1334 710 quae
1352 672 1404 696 me
1422 657 1618 697 excruciat.

744 725 919 764 Caeruleae
933 724 1097 763 incincflae
1115 723 1195 776 igni
1209 722 1374 761 incedunt
1385 739 1400 761 :

745 789 987 842 Circumstant
1005 803 1083 828 cum
1100 787 1309 827 ardentibus
1326 787 1441 826 taedis.

609 857 723 897 Num
742 856 908 900 dubitas,
931 855 1026 907 quin
1042 855 1112 893 fibi
1127 853 1211 892 haec
1230 853 1356 892 videre
1374 852 1577 892 videatur?
1606 853 1779 907 itemque
1789 861 1947 900 caetera3

744 921 907 963 Intendit
927 921 1079 960 crinitus
1098 920 1226 974 Apollo

745 990 888 1029 Arcum
905 996 1076 1026 auratum
1093 987 1180 1025 luna
1199 985 1354 1025 innixus.

747 1055 880 1094 Diana
883 1053 1009 1106 facem
1015 1052 1114 1105 jacit
1131 1067 1156 1090 a
1174 1052 1282 1091 [ιε-ινα.

613 1121 697 1174 Qi
716 1121 838 1174 magis
856 1119 938 1158 haec
958 1119 1139 1165 crederet,
1160 1119 1186 1157 si
1205 1118 1336 1164 essent,
1357 1131 1476 1171 quam
1498 1117 1688 1163 credebat,
1710 1117 1801 1171 quia
1819 1117 2007 1156 videban-

610 1189 702 1227 tur?
723 1190 893 1240 Apparet
906 1186 1012 1224 enim
1025 1186 1108 1237 jam
1124 1198 1190 1224 cor
1203 1199 1296 1224 cum
1311 1185 1433 1223 oculis
1448 1183 1673 1223 consentire.
1708 1185 1855 1223 Omnia
1874 1194 2005 1223 autem

611 1252 694 1292 haec
713 1252 970 1306 proferuntur,
992 1261 1036 1289 ut
1055 1251 1152 1289 illud
1172 1251 1371 1296 efficiatur,
1392 1264 1471 1303 quo
1490 1251 1630 1289 certius
1659 1249 1758 1289 nihil
1779 1250 1903 1303 potest
1920 1249 2004 1295 effe,

613 1320 712 1357 inter
726 1318 802 1356 visa
820 1331 906 1355 vera
923 1326 961 1355 et
981 1316 1071 1355 falsa
1089 1316 1135 1354 ad
1155 1317 1274 1354 animi
1289 1316 1472 1354 assensum
1488 1315 1587 1355 nihil
1602 1316 1786 1354 interefl‘e.
1836 1317 1915 1355 Vos
1935 1329 2006 1354 au-

612 1394 693 1422 tem
714 1382 813 1421 nihil
839 1382 963 1435 agitis,
984 1395 1076 1420 cum
1095 1380 1186 1419 falsa
1204 1382 1271 1420 illa
1289 1381 1347 1419 vel
1367 1380 1614 1427 furiosorum,
1635 1381 1694 1419 vel
1715 1380 2006 1426 somniantium,

612 1447 1056 1500 recordationeipsorum
1076 1445 1264 1485 refellitis.
1286 1447 1381 1485 Non
1401 1448 1507 1485 enim
1528 1447 1567 1484 id
1587 1447 1783 1499 quaeritur,
1801 1446 1924 1498 qualis
1945 1459 2006 1484 re-

613 1514 786 1554 cordatio
805 1513 887 1551 fieri
906 1512 1022 1551 soleat
1048 1525 1198 1558 eorum,
1229 1513 1298 1565 qui
1317 1513 1525 1566 experrecti
1544 1512 1644 1557 sunt,
1675 1522 1740 1551 aut
1759 1526 1906 1557 eorum,
1939 1512 2007 1565 qui

613 1581 738 1619 furere
757 1580 1003 1624 destiterunt;
1027 1579 1087 1618 sed
1103 1579 1225 1632 qualis
1244 1579 1335 1618 visto
1354 1579 1470 1618 fuerit
1490 1589 1554 1617 aut
1571 1578 1797 1623 furentium,
1817 1588 1882 1617 aut
1898 1579 2000 1618 som·

615 1647 806 1685 uiantium
828 1656 926 1691 tum,
944 1660 1034 1684 cum
1056 1645 1412 1684 commovebantur.
1446 1645 1516 1683 Sed
1530 1645 1625 1684 abeo
1639 1659 1660 1683 a
1675 1645 1853 1684 sensibus.

669 1712 778 1764 Qid
797 1712 862 1756 est,
883 1712 988 1765 quod
1017 1712 1159 1750 ratione
1179 1711 1323 1764 percipi
1354 1711 1494 1764 poflit?
1530 1711 1782 1750 Dialefficam
1812 1712 2008 1751 inventam

614 1778 684 1817 esse
704 1778 845 1823 dicitis,
868 1778 944 1815 veri
963 1787 1000 1815 et
1018 1776 1097 1815 falfi
1117 1777 1218 1830 quasi
1250 1777 1554 1830 disceptatricem
1573 1787 1611 1815 et
1635 1777 1824 1830 judicem.
1884 1778 2007 1830 Cujus

614 1845 691 1883 veri
712 1854 749 1882 ct
770 1843 847 1882 falfi
864 1844 876 1881 ?
898 1853 935 1881 et
953 1844 991 1881 in
1011 1857 1086 1895 qua
1102 1858 1139 1882 re
1158 1844 1171 1881 ?
1193 1843 1237 1882 In
1258 1844 1515 1897 geometriane
1529 1843 1624 1896 quid
1646 1844 1690 1883 sit
1709 1857 1841 1882 verum
1857 1843 1915 1881 vel
1934 1843 2008 1882 fal-

615 1911 698 1948 sum
719 1910 936 1948 dialecticus
951 1909 1154 1962 judicabit,
1175 1923 1221 1947 an
1240 1910 1278 1947 in
1300 1910 1444 1947 literis?
1464 1899 1512 1947 an
1532 1910 1571 1948 in
1590 1910 1771 1948 musicis?
1802 1912 1911 1948 Atea
1930 1923 2008 1948 non

614 1976 736 2014 novit.
754 1976 799 2014 In
813 1975 1054 2028 philosophia
1072 1976 1210 2028 igitur?
1234 1975 1294 2014 Sol
1308 1985 1474 2028 quantus
1487 1975 1544 2021 fit,
1559 1976 1653 2028 quid
1668 1976 1713 2014 ad
1732 1975 1867 2013 illum?
1890 1975 2009 2028 rol

614 2041 660 2080 fit
680 2041 878 2079 summum
900 2041 1061 2085 bonum,
1082 2041 1177 2093 quid
1196 2040 1324 2086 habet,
1348 2051 1388 2079 ut
1409 2051 1521 2094 queat
1536 2041 1735 2094 judicare?
1767 2041 1873 2093 Qid
1890 2041 2010 2094 igitur

609 2107 829 2160 judicabit?
861 2107 959 2158 Qae
976 2107 1213 2159 conjunctio,
1235 2120 1319 2159 qua:
1339 2107 1545 2160 disjunctio
1564 2121 1648 2146 vcra
1669 2107 1726 2153 sit,
1756 2108 1851 2161 quid
1879 2107 2007 2146 ambi-

613 2186 688 2226 gue
709 2172 855 2210 dictum
877 2172 933 2216 fit,
964 2172 1057 2224 quid
1088 2172 1262 2225 sequatur
1281 2186 1475 2225 quamque
1495 2186 1592 2218 rem,
1616 2173 1710 2226 quid
1725 2173 1938 2226 repugnet?
1970 2174 2008 2211 Si

613 2237 697 2277 haec
716 2247 754 2276 et
773 2237 913 2276 horum
937 2238 1070 2276 similia
1084 2239 1246 2291 judicat,
1264 2238 1310 2276 de
1332 2239 1365 2277 sc
1386 2238 1462 2292 ipsa
1476 2240 1648 2292 judicat3
1672 2240 1758 2292 plus
1774 2249 1904 2278 autem
1921 2239 2008 2292 pol-

610 2304 801 2343 licebatur
819 2319 828 2342 :
850 2317 938 2342 nam
956 2303 1035 2342 haec
1056 2304 1213 2357 quidem
1230 2304 1415 2356 judicare,
1437 2305 1483 2344 ad
1498 2315 1649 2344 caeteras
1671 2319 1741 2351 res,
1762 2319 1846 2358 quae
1865 2310 1949 2344 lunt
1969 2305 2010 2344 in

617 2368 857 2424 philosophia
874 2369 1008 2409 multae
1026 2380 1139 2423 atque
1160 2383 1320 2424 magum,
1341 2383 1417 2409 non
1437 2371 1489 2410 est
1505 2371 1604 2410 i'atis.
1637 2371 1707 2410 Sed
1723 2372 1906 2424 quoniam
1924 2381 2009 2410 tan·-

618 2445 704 2474 tum
734 2435 771 2473 in
790 2449 833 2474 ea
852 2446 930 2473 arte
959 2435 1117 2489 ponitis,
1149 2436 1287 2482 videte,
1319 2449 1365 2474 ne
1384 2447 1516 2476 contra
1534 2450 1601 2476 vos
1622 2447 1700 2476 tota
1721 2447 1805 2476 nata
1825 2437 1893 2476 sit:
1925 2450 2010 2490 quae

618 2502 746 2555 primo
768 2501 957 2555 progressu
979 2501 1107 2540 festive
1127 2503 1240 2541 tradit
1260 2503 1448 2543 elementa
1468 2503 1666 2557 loquendi,
1683 2513 1720 2543 et
1736 2504 2009 2557 ambiguorum

620 2566 932 2621 intelligentiam,
966 2568 1298 2624 concludendique
1326 2570 1513 2610 rationem
1531 2584 1541 2610 :
1572 2579 1673 2616 tum,
1694 2570 1826 2625 paucis
1855 2569 2008 2616 additis,
