2330 2983
683 257 959 299 LIBER
1022 256 1382 295 PRIMUS.
1652 260 1724 299 261

336 354 512 397 Africani
531 353 656 392 fratris
677 367 794 407 nepos
813 355 826 392 ?
857 353 967 399 facie,
1002 355 1118 407 patris
1134 373 1146 400 ς
1177 354 1268 399 vita,
1289 354 1470 394 omnium
1489 354 1729 407 perditorum

335 421 389 461 ita
419 420 565 464 fimilis,
597 428 639 457 ut
671 419 760 457 efl'et
789 418 901 457 facile
931 419 1170 459 deterrimus.
1217 421 1340 472 Cujus
1366 420 1483 458 etiam
1503 420 1651 465 similis,
1683 421 1729 459 Ρ.

336 485 468 529 Craffi,
505 492 543 521 et
576 483 766 536 sapientis,
809 493 847 522 et
880 483 1111 535 eloquentis,
1141 493 1180 522 et
1213 484 1331 536 primi
1365 483 1551 529 hominis,
1596 498 1729 538 nepos,

333 550 626 601 multorumque
653 549 816 587 aliorum
837 549 1007 587 virorum
1037 549 1245 594 clarorum,
1266 562 1363 601 quos
1384 548 1484 586 nihil
1504 551 1638 588 attinet
1658 564 1730 589 no-

332 616 493 660 minare,
516 624 671 668 nepotes
691 624 730 653 et
750 614 820 652 filii
840 615 853 652 ?
884 615 955 653 Sed
977 615 1071 667 quid
1091 615 1272 668 agimus?
1303 615 1468 653 oblitine
1487 614 1631 659 sumus,
1653 614 1731 654 hoc

333 694 437 721 nunc
458 681 568 722 nobis
589 680 659 719 effe
693 680 955 734 propofitum‚‘
975 695 1068 720 cum
1089 681 1172 719 satis
1193 680 1240 718 de
1260 681 1466 718 aeternitate
1495 680 1731 724 dixissemus,

333 760 394 791 ne,
417 747 455 786 -s1
488 747 685 786 interirent
703 747 862 799 quidem
888 747 1022 792 animi,
1057 747 1270 799 quidquam
1298 746 1389 784 mali
1409 745 1480 784 effe
1511 746 1550 784 in
1573 756 1695 784 morte
1715 747 1728 783 ?

333 815 561 852 AuniToR.
586 814 672 865 Ego
692 826 778 853 vero
796 813 1075 858 memineram5
1104 813 1166 851 sed
1187 822 1223 850 te
1243 813 1289 851 de
1309 812 1517 850 aeternitate
1537 812 1731 850 dicentem

335 880 502 917 aberrare
521 893 541 917 a
561 879 750 932 proposito
770 878 882 917 facile
901 880 1085 932 patiebar.

392 946 584 984 XXXIV.
607 946 822 984 MARcus.
856 946 982 984 Video
1003 955 1039 984 te
1058 945 1132 984 alte
1153 945 1329 998 spectare,
1356 953 1394 983 et
1415 944 1511 982 velle
1531 945 1570 982 in
1591 944 1731 983 caelum

331 1011 510 1063 migrare.
541 1012 770 1050 AUD1TOR.
801 1012 917 1063 Spero
937 1010 1031 1055 fore,
1054 1020 1098 1049 ut
1116 1011 1316 1063 contingat
1335 1010 1375 1048 id
1395 1010 1519 1048 nobis.
1564 1010 1633 1048 Sed
1653 1009 1732 1054 fac,

332 1085 376 1114 ut
396 1076 454 1114 isti
475 1075 624 1120 volunt,
653 1076 802 1115 animos
823 1089 901 1114 non
921 1089 1115 1115 remanere
1134 1075 1216 1128 post
1235 1084 1418 1113 mortem.
1454 1075 1578 1113 Video
1599 1088 1681 1119 1108,
1703 1075 1731 1113 fi

330 1141 384 1181 ita
404 1141 460 1186 fit,
484 1141 621 1194 privari
641 1140 703 1194 spe
724 1141 900 1180 beatioris
922 1142 1021 1180 vitae.
1045 1142 1260 1180 MARCUS.
1284 1141 1385 1179 Mali
1401 1154 1489 1182 vero
1506 1140 1601 1192 quid
1620 1140 1731 1179 affert

328 1207 398 1246 ista
416 1207 600 1246 sententia
621 1207 633 1244 ?
665 1208 696 1246 F
699 1220 740 1245 ac
761 1208 867 1246 enim
885 1208 936 1246 fic
956 1208 1132 1246 animum
1151 1207 1318 1252 interire,
1350 1216 1393 1247 ut
1420 1220 1571 1259 corpus.
1614 1207 1730 1246 Num

328 1273 451 1326 igitur
469 1273 607 1326 aliquis
627 1274 751 1318 dolor,
781 1283 847 1312 aut
871 1274 1033 1312 omnino
1066 1273 1148 1326 post
1162 1282 1335 1313 mortem
1356 1273 1479 1312 sensus
1509 1272 1551 1310 in
1571 1286 1731 1324 corpore

327 1339 384 1377 est
401 1341 414 1376 ?
445 1340 577 1378 Nemo
596 1339 636 1377 id
654 1339 814 1392 quidem
832 1339 927 1377 dicit
943 1358 956 1384 ς
978 1340 1045 1378 etfi
1066 1339 1341 1378 Democritum
1361 1338 1556 1377 infimulat
1578 1339 1609 1376 E
1614 1338 1733 1390 picu-

332 1418 394 1442 rus
408 1433 420 1449 ,
450 1405 706 1443 Democritici
726 1414 878 1457 negant.
911 1405 975 1443 Ne
992 1405 1032 1442 in
1053 1404 1182 1442 animo
1203 1404 1363 1456 quidem
1383 1404 1503 1457 igitur
1522 1403 1646 1443 sensus
1667 1417 1727 1442 re-

331 1479 486 1514 manet5
508 1469 586 1522 ipse
606 1469 711 1507 enim
732 1469 920 1521 nusquam
940 1469 1005 1507 est.
1037 1469 1119 1508 Ubi
1135 1469 1254 1521 igitur
1272 1469 1422 1507 malum
1442 1468 1522 1506 est?
1543 1468 1731 1520 quoniam

330 1533 431 1572 nihil
453 1535 608 1572 tertium
628 1534 694 1572 est.
742 1535 822 1578 An,
855 1535 1040 1586 quoniam
1074 1534 1152 1586 ipse
1171 1534 1292 1572 animi
1324 1533 1499 1572 disceffus
1519 1547 1540 1571 a
1569 1546 1729 1586 corpore

329 1614 408 1639 non
428 1601 472 1638 fit
491 1600 567 1638 fine
587 1599 717 1638 dolore
735 1600 748 1637 ?
780 1601 837 1638 Ut
857 1601 1010 1639 credam
1038 1601 1090 1638 ita
1123 1600 1207 1645 effe,
1238 1613 1357 1653 quam
1376 1599 1430 1638 est
1454 1599 1495 1637 id
1514 1598 1723 1652 exiguum!

328 1667 383 1704 Et
401 1665 540 1704 falsum
566 1665 638 1703 effe
657 1666 847 1711 arbitror-5
877 1675 915 1704 et
944 1666 991 1704 fit
1016 1666 1248 1719 plerumque
1278 1666 1355 1704 fine
1385 1665 1506 1711 sensu,
1544 1679 1729 1704 nonnun-

328 1743 446 1783 quam
467 1731 584 1770 etiam
604 1744 696 1770 curn
711 1731 907 1784 voluptate
923 1750 934 1776 ;
957 1740 1164 1784 totumque
1181 1730 1257 1769 hoc
1277 1731 1360 1769 leve
1375 1731 1440 1775 est,
1462 1731 1728 1784 qualecunque

327 1796 393 1834 est.
426 1797 492 1834 Fit
511 1797 617 1834 enim
637 1796 683 1834 ad
700 1798 892 1849 punctum
913 1797 1115 1849 temporis.

383 1865 617 1899 AUDITOR.
639 1861 743 1899 Illud
763 1862 882 1913 angit,
912 1861 972 1899 vel
992 1862 1119 1914 potius
1140 1861 1349 1905 excruciat,
1367 1860 1542 1899 disceffus
1568 1860 1617 1899 ab
1636 1874 1726 1898 om-

328 1926 442 1965 nibus
462 1926 522 1971 iis,
555 1940 639 1978 quae
660 1926 746 1964 sunt
767 1926 866 1964 bona
886 1927 927 1964 in
956 1927 1051 1965 vita..
1106 1927 1321 1965 MARcus.
1353 1926 1467 1971 Vide,
1498 1939 1545 1964 ne
1575 1939 1595 1964 a
1614 1925 1726 1964 malis

328 1992 405 2030 dici
425 1993 548 2030 verius
567 1992 694 2044 poffit.
724 1992 835 2043 Qid
853 2005 925 2044 ego
943 2005 1047 2030 nunc
1064 1991 1218 2045 lugeam
1239 1992 1356 2030 vitam
1373 1990 1582 2030 hominurn
1599 1991 1611 2028 ?
1644 1992 1724 2029 Ve-

327 2071 366 2096 re
386 2058 525 2109 etjure
543 2057 710 2110 poffum.
739 2057 810 2096 Sed
830 2057 925 2110 quid
950 2056 1093 2096 neceffe
1125 2058 1191 2102 est,
1213 2071 1304 2096 cum
1336 2058 1379 2096 id
1407 2071 1532 2110 agam,
1566 2071 1613 2095 ne
1642 2057 1725 2109 post

327 2133 495 2161 mortem
517 2123 672 2161 miseros
706 2136 774 2161 nos
795 2133 977 2175 putemus
997 2123 1093 2168 fore,
1124 2124 1240 2161 etiam
1262 2124 1381 2162 vitam
1411 2124 1559 2161 efficere
1587 2122 1724 2175 deplo-

325 2188 444 2227 rando
474 2187 740 2226 miseriorem?
771 2189 954 2226 Fecimus
984 2187 1059 2226 hoc
1089 2189 1128 2226 in
1162 2202 1207 2227 eo
1237 2187 1353 2233 lihro,
1383 2188 1424 2226 in
1455 2202 1532 2240 quo
1552 2188 1724 2225 nosmet-

326 2253 441 2306 ipsos,
467 2262 656 2304 quantum
677 2252 890 2305 potuimus,
911 2253 1095 2291 consolati
1115 2252 1258 2292 sumus.
1296 2254 1333 2291 A
1350 2253 1460 2291 malis
1482 2253 1600 2305 igitur
1619 2265 1724 2290 mors

327 2318 503 2362 abducit,
529 2331 608 2355 non
627 2331 649 2355 a
676 2318 802 2363 bonis,
832 2332 965 2356 verum
986 2319 1011 2356 fi
1037 2319 1258 2371 quaerimus.
1291 2320 1382 2358 Hoc
1412 2319 1571 2370 quidem
1600 2331 1620 2355 a
1641 2319 1723 2368 Cy-

327 2383 479 2421 renaico
509 2383 670 2435 Hegesia
703 2384 752 2422 fic
783 2383 934 2437 copiose
965 2384 1190 2437 disputatur,
1225 2394 1269 2422 ut
1303 2385 1333 2422 is
1368 2397 1388 2421 a
1407 2396 1492 2435 rege
1513 2383 1733 2421 Ptolem-„eo

328 2447 546 2501 prohibitus
566 2447 636 2486 effe
656 2449 803 2488 dicatur
822 2449 887 2493 illa
907 2450 947 2488 in
968 2449 1106 2488 scholis
1124 2451 1262 2494 dicere,
1284 2449 1388 2501 quod
1416 2448 1546 2492 multi,
1569 2446 1629 2486 his
1652 2462 1722 2486 au-

326 2515 434 2559 ditis,
463 2523 632 2555 mortem
649 2515 720 2553 fibi
747 2515 815 2568 ipsi
836 2515 1120 2554 consciscerent.
1180 2513 1411 2553 Callimachi
1440 2515 1599 2566 quidem
1621 2515 1725 2567 Epi-

320 2593 500 2634 gramma
513 2581 555 2620 in
566 2581 860 2621 Ambraciotam
875 2581 1173 2621 Cleombrotum
1186 2581 1238 2620 est
1252 2599 1266 2628 :-
1287 2594 1408 2634 quem
1424 2581 1490 2627 ait,
1507 2594 1599 2620 cum
1619 2580 1725 2620 nihil
