2330 2983
554 244 1385 291 LIBER'SECUNDUs.
1599 263 1669 302 ¹²3

276 349 466 388 cecidisset
494 349 533 387 in
553 350 696 402 praelio,
725 349 838 401 seque
859 363 879 386 e
899 349 1114 387 continenti
1139 361 1276 401 genere
1302 348 1453 386 tertiam
1474 347 1672 385 vi&imam

277 415 497 468 reipublicae
514 415 741 467 praebuiffet.

331 481 522 518 Contineo
544 494 606 517 me
636 480 681 517 ab
702 479 901 532 exemplis.
948 479 1094 517 Graecis
1125 478 1200 516 hoc
1221 479 1421 516 modicum
1453 479 1530 516 est:
1569 480 1669 516 Leo-

276 546 396 591 nidas,
419 545 721 598 Epaminondas,
754 554 827 583 tres
848 545 982 597 aliqui,
1014 554 1078 582 aut
1111 553 1288 596 quatuor.
1348 545 1447 596 Ego,
1482 544 1506 581 fi
1529 543 1669 582 nostros

273 611 454 663 colligere
489 625 653 664 coepero,
683 610 877 663 perficiam
910 610 1007 648 illud
1038 609 1214 662 quidem,
1247 619 1289 646 ut
1318 609 1353 646 se
1386 609 1518 646 virtuti
1552 609 1670 646 tradat

272 676 605 730 constringendam
636 677 825 729 voluptas.
886 675 957 714 Sed
987 675 1066 713 dies
1087 688 1150 713 me
1170 674 1346 714 deficiet:
1378 685 1428 719 et,
1458 684 1501 712 ut
1521 676 1570 712 A.
1591 675 1669 711 Va-

274 742 365 787 rius,
387 744 455 794 qui
475 743 527 780 est
550 742 704 780 habitus
720 742 840 794 judex
861 741 1005 786 durior,
1026 741 1151 779 dicere
1170 740 1368 779 conseffori
1388 741 1542 784 solebat,
1564 754 1670 785 cum,

273 808 369 846 datis
404 809 576 854 testibus,
611 809 675 847 alii
697 818 825 848 tamen
845 808 1066 853 citarentur,
1097 809 1179 846 Aut
1209 806 1285 845 hoc
1316 807 1470 846 testium
1491 806 1576 844 satis
1603 807 1668 851 est,

273 883 338 912 aut
357 875 497 919 nescio,
514 875 608 927 quid
629 875 714 913 satis
735 875 803 919 fit;
835 874 884 912 fic
905 887 924 911 a
945 887 1008 912 me
1028 873 1112 911 satis
1133 873 1266 911 datum
1286 873 1338 911 est
1358 873 1524 911 testium.
1563 873 1671 924 Qid

273 940 406 978 enim?
430 949 466 978 te
484 940 902 993 ipsum,digniffimum
919 939 1128 991 majoribus
1151 939 1240 983 tuis,
1261 937 1482 992 voluptasne
1502 938 1669 983 induxit,

273 1015 316 1042 ut
335 1005 633 1043 adolescentulus
667 1007 827 1058 eriperes
850 1007 893 1044 P.
918 1005 1028 1056 Syllae
1061 1004 1335 1042 consulatum?
1367 1017 1483 1056 quem
1504 1017 1597 1042 cum
1624 1005 1670 1042 ad

270 1080 417 1123 patrem
439 1081 553 1109 tuum
575 1071 770 1116 retuliffes‚
784 1070 1035 1109 fortiffimum
1050 1071 1192 1115 virum,
1210 1069 1333 1122 qualis
1346 1069 1412 1107 ille
1432 1069 1491 1107 vel
1509 1070 1668 1114 Consul,

271 1136 330 1174 vel
361 1137 454 1174 civis
476 1150 569 1174 cum
589 1137 749 1189 semper,
776 1146 861 1174 tum
892 1135 975 1188 post
994 1136 1251 1180 consulatum,
1273 1134 1349 1173 fuit
1368 1134 1380 1170 ?
1411 1148 1489 1187 quo
1509 1135 1669 1187 quidem

271 1203 420 1239 austore
441 1215 509 1240 nos
529 1202 597 1255 ipfi
615 1215 658 1240 ea
676 1201 870 1255 geffimus,
899 1210 943 1239 ut
962 1201 1144 1240 omnibus
1163 1200 1291 1253 potius
1312 1213 1429 1253 quam
1450 1200 1536 1252 ipfis
1557 1201 1668 1240 nobis

271 1267 588 1306 consuluerimus.

326 1335 381 1371 At
410 1347 528 1386 quam
548 1333 710 1386 pulchre
738 1333 863 1371 dicere
882 1333 1071 1377 videbare,
1093 1346 1185 1371 cum
1205 1346 1252 1370 ex
1271 1331 1388 1370 altera
1412 1341 1517 1385 parte
1546 1346 1667 1385 pone-

270 1399 335 1437 bas
356 1399 600 1437 cumulatum
621 1400 789 1451 aliquem
810 1399 988 1451 plurimis
1009 1408 1047 1436 et
1067 1399 1248 1437 maximis
1268 1397 1545 1451 voluptatibus,
1560 1399 1669 1437 nullo

272 1478 341 1502 nec
361 1465 548 1518 praesenti,
581 1478 649 1502 nec
668 1464 813 1509 futuro,
849 1465 979 1502 dolore
995 1483 1006 1509 3
1038 1478 1085 1502 ex
1115 1465 1228 1502 altera
1258 1473 1402 1509 autem,
1433 1465 1667 1502 cruciatibus

271 1531 466 1574 maximis,
489 1540 570 1568 toto
589 1543 761 1582 corpore,
781 1529 887 1567 nulla
907 1543 976 1567 nec
997 1530 1185 1581 adjunsta,
1213 1542 1284 1566 nec
1310 1528 1467 1581 sperata,
1487 1529 1666 1583 volupta-

271 1605 332 1641 te3
354 1605 392 1633 et
407 1595 612 1648 quaerebas,
635 1596 720 1647 quis
741 1604 806 1633 aut
825 1593 900 1633 hoc
920 1595 1106 1639 miserior,
1127 1604 1192 1632 aut
1208 1594 1397 1647 superiore
1416 1595 1486 1633 illo
1506 1595 1666 1642 beatior,

269 1660 395 1699 foret?
424 1660 562 1698 deinde
581 1660 850 1705 concludebas,
873 1660 1071 1699 summum
1096 1660 1244 1699 malum
1264 1659 1334 1698 effe
1348 1660 1535 1706 dolorem,
1558 1661 1666 1700 sum-

268 1739 378 1764 mum
400 1726 548 1764 bonum
565 1726 803 1779 voluptatem
821 1728 834 1764 ?

320 1793 412 1830 XX.
445 1791 617 1830 Thorius
652 1793 793 1831 Balbus
827 1792 916 1838 fuit,
953 1793 1191 1838 Lanuvinus,
1222 1805 1341 1845 quem
1374 1793 1588 1832 meminifl'e
1622 1804 1665 1831 tu

267 1872 343 1896 non
361 1868 481 1911 poteS.
542 1859 578 1896 Is
604 1860 657 1896 ita
676 1860 839 1904 vivebat,
871 1868 914 1897 ut
935 1859 1039 1896 nulla
1059 1868 1138 1897 tam
1159 1859 1345 1911 exquisita
1365 1859 1481 1911 posset
1502 1859 1664 1898 inveniri

266 1924 456 1976 voluptas,
471 1937 546 1976 qua
563 1938 641 1963 non
657 1924 878 1963 abundaret.
916 1925 1008 1963 Erat
1024 1934 1061 1962 et
1081 1924 1242 1976 cupidus
1264 1924 1522 1977 voluptatum,
1539 1933 1576 1962 et
1592 1938 1662 1963 cu-

259 1988 378 2040 jusvis
397 1991 543 2042 generis
563 1990 642 2041 ejus
664 1990 897 2042 intelligens,
918 1999 956 2028 et
973 1990 1146 2043 copiosus
1166 2005 1174 2027 :
1208 1990 1259 2027 ita
1275 2003 1352 2027 non
1373 1990 1661 2042 superstitiosus,

266 2064 308 2092 ut
327 2055 392 2093 illa
410 2055 578 2108 plurima
609 2056 649 2093 in
670 2055 733 2094 sua
762 2057 881 2109 patria
901 2056 1081 2094 sacrificia
1111 2067 1148 2093 ct
1177 2054 1262 2093 fana
1292 2065 1578 2095 contemneret:
1612 2057 1663 2094 ita

265 2134 341 2159 non
364 2121 520 2159 timidus
541 2122 588 2159 ad
608 2131 788 2167 mortem,
813 2132 854 2160 ut
875 2123 915 2160 in
937 2124 1016 2160 acie
1037 2123 1079 2160 fit
1100 2123 1149 2160 ob
1171 2122 1451 2174 rempublicam
1479 2121 1662 2160 interfec-

265 2197 338 2225 ωε.
378 2187 620 2240 Cupiditates
641 2201 718 2225 non
740 2189 898 2240 Epicuri
920 2188 1101 2226 divisione
1123 2187 1293 2232 finiebat,
1316 2187 1376 2225 sed
1397 2187 1459 2225 sua
1479 2188 1659 2227 satietate.

265 2253 444 2292 Habebat
471 2262 599 2291 tamen
631 2254 816 2292 rationem
846 2255 1098 2292 valetudinis:
1133 2254 1310 2292 utebatur
1340 2254 1386 2292 iis
1417 2255 1660 2293 exercitatio-

265 2319 393 2364 nibus,
429 2329 472 2357 ut
491 2319 537 2357 ad
556 2333 707 2358 coenam
727 2330 764 2358 et
792 2321 955 2359 esuriens
976 2332 1013 2359 et
1045 2321 1171 2359 sitiens
1192 2321 1360 2358 veniret:
1393 2334 1438 2358 eo
1459 2321 1560 2364 cibo,
1592 2320 1660 2372 qui

263 2394 300 2422 et
320 2384 554 2423 suaviffimus
574 2385 674 2431 esset,
697 2395 734 2424 et
754 2386 857 2425 idem
879 2386 1087 2425 facillimus
1108 2386 1153 2424 ad
1174 2386 1495 2438 concoquendum
1513 2400 1521 2423 :
1553 2386 1658 2430 vino,

263 2460 301 2488 et
321 2450 366 2487 ad
387 2450 638 2504 voluptatem,
660 2461 698 2490 et
719 2466 765 2490 ne
787 2462 950 2491 noceret.
1012 2454 1157 2491 Caetera
1180 2452 1244 2489 illa
1266 2451 1484 2495 adhibebat,
1517 2451 1659 2503 quibus

264 2517 430 2569 demptis
452 2527 564 2570 negat
584 2518 618 2555 se
640 2519 830 2571 Epicurus
850 2519 1076 2572 intelligere,
1112 2519 1204 2571 quid
1227 2518 1269 2556 fit
1290 2519 1450 2555 bonum.
1517 2517 1660 2556 Aberat

263 2583 392 2622 omnis
412 2583 521 2623 dolor
538 2599 546 2622 :
571 2584 639 2637 qui
659 2585 684 2623 s1
700 2584 849 2631 adess‘et,
868 2599 938 2624 nec
955 2585 1124 2625 molliter
1137 2584 1274 2629 ferret5
1296 2594 1333 2622 et
1355 2593 1483 2622 tamen
1498 2584 1659 2625 medicis

1308 2651 1405 2704 Qz
