2330 2983
659 242 936 283 LIBER
993 228 1426 296 QUINTUs.
1663 256 1738 296 205

345 351 459 396 atque
489 342 542 381 ita
571 341 617 381 fit
646 341 842 387 affectum,
877 351 920 380 ut
950 342 1098 395 optime
1118 341 1328 381 secundum
1359 349 1534 380 naturam
1560 338 1741 379 aste-stum

343 409 414 447 effe
433 408 558 461 poffit.
590 409 706 446 Hanc
726 408 840 446 initio
858 407 1173 446 constitutionem
1193 406 1391 445 confusam
1421 407 1538 445 habet
1556 416 1593 444 et
1613 407 1740 445 incer-

342 482 436 518 tam,
459 483 502 512 ut
521 473 793 511 tantummodo
812 472 848 510 se
867 481 1031 518 tueatur,
1062 472 1331 525 qualecunque
1350 472 1394 510 fit
1412 487 1421 510 ε
1453 472 1515 509 sed
1535 485 1619 517 nec,
1646 471 1742 524 quid

341 537 401 584 fit,
432 552 502 577 nec
521 539 617 591 quid
646 539 772 592 poffit,
802 552 874 577 nec
894 538 988 591 quid
1013 538 1129 591 ipfius
1149 546 1282 576 natura
1312 538 1371 583 fit,
1406 538 1601 590 intelligit.
1635 539 1742 576 Cum

343 614 472 644 autem
491 605 668 658 proceffit
686 605 861 658 paulum,
882 614 934 650 et,
952 613 1139 658 quatenus
1159 604 1350 657 quidquid
1365 603 1401 643 se
1420 604 1596 656 attingat,
1617 604 1663 641 ad
1683 603 1741 641 se-

342 685 419 724 que
438 672 638 725 pertineat,
673 672 883 725 perspicere
916 672 1036 725 coepit
1051 690 1063 717 ς
1096 683 1181 710 tum
1212 671 1347 710 sensim
1376 671 1516 724 incipit
1548 670 1740 723 progredi,

344 736 492 790 seseque
525 737 739 790 agnoscere,
774 746 813 775 et
845 737 1059 790 intelligere
1083 751 1201 791 quam
1231 737 1283 776 ob
1308 737 1458 776 causam
1477 735 1615 775 habeat
1633 749 1740 781 eum,

344 815 462 854 quem
482 803 668 848 diximus,
698 803 818 841 animi
838 803 1051 856 appetitum
1069 822 1081 849 ς
1112 812 1332 856 coeptatque
1351 812 1389 841 et
1409 815 1463 847 ea,
1496 815 1581 855 quae
1600 810 1742 840 naturae

345 878 432 921 apta
451 869 577 913 sentit,
599 878 788 921 appetere,
820 878 858 907 et
877 869 1092 922 propulsare
1111 870 1308 908 contraria.
1331 870 1436 922 Ergo
1455 869 1565 907 omni
1585 868 1740 907 animali

345 934 457 979 illud,
479 935 584 987 quod
604 934 762 988 appetit,
793 935 960 987 pofitum
980 935 1033 973 est
1052 936 1092 973 in
1111 949 1169 980 eo,
1200 935 1306 988 quod
1335 944 1477 973 naturae
1507 934 1560 973 est
1585 948 1740 973 accom-

345 1001 560 1040 modatum.
619 1003 678 1039 Ita
696 1001 784 1039 finis
805 1002 997 1040 bonorum
1016 1003 1156 1047 existit,
1175 1002 1387 1041 secundum
1407 1011 1582 1040 naturam
1602 1003 1740 1047 vivere,

344 1068 396 1107 fic
415 1068 609 1113 affectum,
633 1077 675 1106 ut
693 1068 842 1122 optime
861 1068 962 1107 affici
982 1068 1107 1122 possit,
1132 1069 1178 1108 ad
1198 1078 1450 1122 naturamque
1469 1070 1741 1109 accommoda-

344 1135 496 1174 tiffime.

401 1202 600 1253 Qoniam
633 1210 762 1240 autem
797 1201 859 1239 sua
889 1201 1073 1254 cujusque
1104 1202 1307 1241 animantis
1340 1212 1473 1241 natura
1502 1202 1568 1248 est,
1599 1203 1743 1242 neceffe

343 1267 398 1308 est
417 1281 572 1321 quoque
591 1267 708 1306 finem
729 1269 910 1306 omnium
930 1267 1035 1306 hunc
1054 1268 1138 1313 effe,
1172 1278 1214 1306 ut
1234 1277 1365 1306 natura
1383 1268 1595 1322 expleatur.
1626 1269 1744 1309 Nihil

347 1335 451 1372 enim
472 1333 665 1387 prohibet,
697 1333 871 1385 quaedam
905 1333 1031 1371 effect
1061 1334 1160 1372 inter
1179 1334 1214 1372 se
1244 1334 1473 1373 animalibus
1504 1335 1676 1388 reliqui8‚
1706 1344 1744 1374 et

346 1413 438 1438 cum
460 1400 584 1438 bestiis
597 1397 750 1437 homini
769 1400 1007 1444 communia,
1021 1400 1205 1451 quoniam
1217 1400 1397 1438 omniurn
1413 1400 1466 1438 est
1485 1409 1616 1439 natura
1632 1414 1744 1440 com·

348 1466 493 1505 munis.
525 1465 595 1503 Sed
615 1472 786 1502 extrema
805 1464 871 1502 illa
889 1474 927 1502 et
947 1463 1109 1509 summa,
1129 1478 1215 1518 quae
1234 1465 1456 1517 quaerimus,
1477 1466 1578 1504 inter
1595 1467 1744 1505 anima-

348 1531 447 1569 lium
467 1542 604 1584 genera
622 1528 795 1567 distincta
813 1538 852 1567 et
872 1529 1066 1582 dispertita
1085 1529 1186 1574 sunt,
1218 1538 1256 1568 et
1275 1529 1339 1568 sua
1356 1531 1498 1583 cuique
1517 1532 1681 1585 propria,
1707 1541 1746 1572 et

349 1595 395 1634 ad
414 1596 453 1634 id
473 1604 572 1648 apta,
594 1593 697 1646 quod
717 1593 903 1646 cujusque
922 1603 1055 1632 natura
1073 1595 1266 1633 defiderat.

404 1663 532 1713 Qare
568 1673 660 1699 cum
695 1660 886 1706 dicimus,
917 1661 1100 1700 omnibus
1132 1661 1362 1700 animalibus
1394 1671 1612 1704 extremum
1646 1663 1743 1710 effe,

348 1728 559 1767 secundum
592 1735 768 1765 naturam
797 1727 936 1772 vivere,
967 1741 1046 1765 non
1080 1728 1134 1766 ita
1163 1728 1433 1780 accipiendum
1460 1729 1526 1774 est,
1559 1730 1661 1782 quafi
1682 1731 1744 1769 di-

348 1806 494 1838 camus,
516 1806 641 1831 unum
669 1792 738 1830 effe
757 1793 938 1831 omnium
958 1802 1204 1831 extremum:
1237 1793 1298 1831 sed
1325 1802 1367 1831 ut
1393 1794 1573 1833 omnium
1603 1795 1745 1836 artium

348 1861 446 1898 reete
466 1859 544 1898 dici
564 1858 686 1912 potest
705 1872 915 1897 commune
945 1858 1029 1904 effe,
1061 1868 1104 1897 ut
1132 1859 1173 1897 in
1202 1859 1328 1912 aliqua
1354 1859 1508 1898 scientia
1537 1861 1744 1907 versentur,

349 1925 545 1964 scientiam
565 1933 695 1962 autem
715 1924 820 1963 suam
840 1925 1024 1977 cujusque
1043 1925 1131 1963 artis
1157 1924 1228 1963 effe
1239 1943 1251 1970 ς
1283 1925 1333 1964 fic
1354 1939 1564 1965 commune
1594 1928 1743 1966 anima-

348 1992 447 2030 lium
467 1991 646 2030 omnium
668 1990 879 2029 secundum
910 2000 1083 2030 naturam
1104 1992 1241 2036 vivere,
1272 1991 1333 2030 sed
1353 2002 1502 2031 naturas
1523 1993 1592 2032 esse
1618 1993 1744 2032 diver-

349 2057 416 2102 sas,
438 2066 481 2096 ut
501 2057 604 2096 aliud
624 2070 724 2110 equo
744 2056 789 2095 fit
809 2066 954 2103 natura,
976 2057 1080 2095 aliud
1101 2057 1204 2102 bovi,
1237 2058 1340 2096 aliud
1360 2057 1528 2105 homini,
1558 2069 1594 2098 et
1616 2069 1743 2098 tamen

348 2124 389 2162 in
409 2123 591 2162 omnibus
612 2123 762 2161 summa
781 2123 1019 2168 communis,
1044 2132 1082 2161 et
1113 2123 1271 2176 quidem
1291 2138 1369 2163 non
1390 2125 1514 2164 solum
1536 2125 1575 2164 in
1595 2126 1743 2164 anima-

349 2189 466 2235 libus,
497 2190 557 2228 sed
576 2190 692 2228 etiam
723 2190 763 2227 in
784 2190 894 2228 rebus
915 2190 1097 2229 omnibus
1129 2191 1314 2243 iiS,-quas
1344 2201 1479 2230 natura
1509 2192 1589 2238 alit,
1617 2201 1742 2244 auget,

349 2264 387 2293 et
407 2265 562 2300 tuetur;
593 2256 634 2293 in
655 2256 796 2308 quibus
818 2256 1005 2302 videmus,
1026 2270 1080 2302 ea,
1111 2271 1196 2310 quae
1216 2257 1431 2310 gignuntur
1460 2271 1480 2296 e
1502 2268 1608 2304 terra,
1638 2258 1744 2296 mul-

351 2330 388 2358 ta
407 2321 574 2373 quodam
594 2322 712 2359 modo
731 2321 878 2360 efficere
897 2321 975 2376 ipsa
992 2323 1062 2361 fibi
1082 2336 1148 2376 per
1168 2321 1216 2368 se,
1239 2337 1324 2376 quae
1344 2324 1388 2361 ad
1409 2324 1615 2362 vivendum
1645 2323 1744 2362 cres-

351 2387 596 2439 cendumque
629 2387 775 2426 valeant
791 2417 802 2434 ,
837 2398 875 2426 et
918 2389 983 2428 suo
1015 2403 1152 2442 genere
1182 2390 1402 2442 perveniant
1437 2389 1482 2427 ad
1511 2399 1743 2428 extremum.

353 2453 409 2490 Ut
422 2453 505 2505 jam
527 2453 637 2491 liceat
657 2467 731 2492 una
750 2454 1087 2507 comprehensione
1113 2456 1243 2493 omnia
1263 2455 1469 2507 complesti
1486 2473 1497 2500 ς
1531 2469 1606 2493 non
1629 2456 1745 2494 dubi-

351 2529 509 2572 temque
529 2520 666 2565 dicere,
691 2534 848 2559 omnem
879 2532 1053 2560 naturam
1080 2521 1150 2559 effe
1179 2522 1494 2560 conservatricem
1526 2522 1596 2567 sui,
1630 2523 1747 2575 idque

352 2584 490 2624 habere
518 2586 753 2639 propofitum
784 2587 884 2640 quas]
920 2587 1036 2627 finem
1069 2597 1106 2626 et
1137 2596 1354 2627 extremum
1374 2617 1385 2633 ,
1421 2587 1456 2626 se
1489 2599 1531 2628 ut
1564 2589 1748 2628 custodiat

436 2653 559 2691 TOM.
582 2652 636 2692 11.
