2330 2983
739 214 1015 254 LIBER
1071 213 1431 253 PRIMUS.
1695 228 1772 270 255

437 311 591 352 Prorsus
623 311 707 350 haec
740 312 868 350 divina
897 311 996 350 mihi
1029 311 1178 350 videtur
1197 313 1267 357 vis,
1298 326 1383 365 quae
1410 319 1468 350 tot
1488 324 1544 351 res
1563 311 1717 358 efficiat,
1734 323 1774 351 et

381 386 527 417 tantas..
550 377 658 429 Qid
677 377 729 414 est
747 378 853 414 enim
873 378 1060 415 memoria
1080 391 1220 423 rerum,
1243 387 1281 416 et
1298 378 1532 417 verborum?
1554 378 1663 430 Qid
1681 392 1772 432 por-

381 456 423 480 ro
452 443 623 479 inventio
641 442 654 478 ?
686 440 861 479 Profeem
881 442 934 485 id,
966 455 1044 493 quo
1064 455 1132 480 nec
1158 442 1198 479 in
1220 443 1307 480 Deo
1325 443 1538 495 quidquam
1568 443 1690 496 majus
1709 444 1773 482 in-

381 507 505 559 telligi
524 506 659 559 potest.
711 507 805 544 Non
836 507 941 544 enim
970 507 1156 544 ambrosia
1187 508 1305 552 Deos,
1335 517 1401 546 aut
1426 510 1588 554 nestare,
1615 518 1680 547 aut
1699 510 1773 560 Ju-

379 581 530 610 ventate
549 571 687 625 pocula
715 571 967 616 ministrante,
998 572 1116 610 laetari
1144 572 1306 611 arbitror
1320 591 1332 617 3
1369 586 1437 611 nec
1458 574 1680 612 Homerum
1705 588 1774 613 au-

379 636 458 682 dio,
503 638 571 690 qui
607 637 876 689 Ganymedem
911 650 931 674 a
958 638 1046 675 Diis
1074 646 1227 690 raptum
1262 638 1314 676 ait
1332 646 1486 690 propter
1518 637 1699 684 formam,
1732 649 1776 678 ut

379 704 470 755 Jovi
490 703 621 741 bibere
641 703 882 742 ministraret.
930 704 1023 742 Non
1038 703 1138 755 justa
1158 703 1278 749 causa,
1314 718 1383 742 cur
1402 705 1658 743 Laomedonti
1690 714 1775 743 tan-

380 778 419 807 ta
434 769 541 807 fieret
574 770 726 821 injuria.
793 769 982 822 Fingebat
1002 769 1083 808 haec
1104 771 1317 815 Homerus,
1347 779 1385 808 et
1407 769 1576 809 humana
1606 771 1651 809 ad
1672 772 1775 810 Deos

381 834 628 874 transferebat
645 850 654 873 ε
689 835 818 874 divina
848 835 1004 874 mallem
1024 837 1070 874 ad
1088 850 1171 875 nos.
1215 838 1312 889 Qae
1331 846 1460 875 autem
1480 837 1608 875 divina
1625 838 1638 874 ?
1669 838 1775 891 vige·

381 915 433 947 re,
470 902 607 955 sapere,
642 902 824 946 invenire,
861 902 1087 940 meminiffe.
1148 903 1253 955 Ergo
1285 903 1451 948 animus,
1497 912 1539 941 ut
1569 917 1641 956 ego
1674 903 1775 949 dico,

381 968 533 1005 divinus
554 967 606 1004 est
621 985 633 1012 3
664 976 707 1005 ut
726 968 930 1020 Euripides
952 969 1064 1006 audet
1077 968 1213 1013 dicere,
1236 969 1342 1006 Deus
1360 984 1369 1007 ε
1392 979 1429 1007 et
1449 969 1607 1021 quidem
1628 969 1653 1007 fi
1670 971 1777 1008 Deus

380 1042 446 1070 aut
464 1033 605 1077 anima,
640 1042 704 1070 aut
723 1033 822 1085 ignis
843 1033 908 1078 est,
945 1033 1048 1071 idem
1068 1034 1120 1071 est
1139 1034 1289 1072 animus
1308 1033 1495 1072 hominis.
1538 1035 1644 1072 Nam
1664 1044 1708 1072 ut
1726 1035 1777 1072 il-

380 1099 417 1137 la
438 1107 572 1137 natura
589 1098 743 1136 caelestis
763 1107 800 1136 et
821 1099 918 1136 terra
936 1108 1056 1144 vacat,
1076 1108 1114 1137 et
1133 1098 1322 1145 humore3
1355 1100 1405 1137 fic
1424 1100 1619 1152 utriusque
1638 1099 1779 1139 harum

381 1178 510 1203 rerum
528 1163 720 1202 humanus
751 1164 903 1202 animus
930 1165 983 1202 est
1001 1178 1145 1218 expers.
1194 1166 1259 1204 Sin
1279 1175 1408 1204 autem
1438 1166 1491 1204 est
1517 1167 1652 1218 quinta
1671 1181 1778 1220 quae-

381 1232 472 1270 dam
491 1240 623 1270 natura
638 1231 685 1270 ab
701 1230 904 1270 Aristotele
920 1231 1076 1270 inducia
1086 1232 1260 1285 primum
1274 1250 1287 1278 3
1309 1231 1391 1271 haec
1410 1241 1448 1272 et
1460 1233 1635 1272 Deorum
1653 1233 1719 1279 est,
1741 1242 1780 1271 et

382 1298 615 1337 animorum.

437 1365 610 1403 XXVII.
643 1365 758 1402 Hanc
780 1378 848 1403 nos
868 1365 1093 1404 sententiam
1124 1365 1254 1410 secuti,
1279 1364 1340 1415 his
1360 1365 1446 1419 ipfis
1466 1366 1590 1404 verbis
1607 1366 1647 1404 in
1669 1366 1778 1404 Con-

384 1430 564 1468 solatione
583 1428 666 1468 haec
686 1430 932 1482 expreffimus
950 1449 961 1475 3
984 1431 1197 1470 Animorum
1212 1431 1310 1469 nulla
1328 1432 1365 1469 in
1384 1432 1494 1470 terris
1512 1432 1609 1484 origo
1623 1431 1785 1469 inveniri

375 1495 500 1549 potest.
532 1495 645 1534 Nihil
657 1495 747 1533 enim
765 1496 810 1548 est
828 1497 865 1534 in
892 1497 1019 1534 animis
1043 1497 1193 1535 mixtum
1211 1506 1319 1550 atque
1350 1506 1562 1542 concretum,
1597 1506 1664 1536 aut
1693 1496 1787 1549 quod

383 1576 426 1600 ex
444 1570 548 1599 terra
580 1571 705 1598 natum
724 1569 831 1613 atque
847 1561 981 1612 fio't‘um
1014 1561 1074 1614 ff’
1105 1561 1276 1600 videatur
1287 1580 1299 1607 3
1330 1562 1424 1600 nihil
1447 1577 1490 1600 ne
1518 1571 1585 1601 aut
1602 1561 1781 1601 humidum

382 1625 530 1680 quidem,
551 1635 618 1664 aut
623 1625 762 1679 fhbile‚
782 1636 849 1664 aut
867 1627 1019 1679 igneum.
1051 1628 1124 1665 His
1143 1628 1232 1666 enim
1251 1628 1287 1666 in
1307 1629 1451 1667 naturis
1469 1629 1563 1667 nihil
1576 1629 1670 1681 incst,
1694 1627 1786 1681 quod

381 1691 456 1731 vim
475 1691 661 1736 memoriae,
681 1691 820 1736 mentis,
853 1692 1075 1744 cogitationis
1093 1692 1235 1737 habeat,
1268 1692 1362 1745 quod
1373 1703 1409 1731 et
1420 1694 1618 1745 praeterita
1647 1702 1779 1738 teneat,

382 1766 418 1796 et
432 1757 577 1811 futura
588 1756 796 1810 provideat,
827 1768 862 1795 et
891 1758 1071 1810 complesti
1091 1758 1194 1810 poſjit
1217 1759 1438 1812 praest’ntia3
1472 1774 1552 1812 quae
1555 1760 1638 1811 sola
1656 1759 1782 1797 divina

368 1825 478 1876 fimt-
537 1824 618 1862 Nec
650 1823 856 1861 invenietur
885 1837 1054 1876 unquam,
1097 1823 1187 1861 unde
1218 1823 1269 1862 ad
1289 1823 1457 1862 hominem
1492 1825 1615 1862 venire
1637 1824 1779 1876 pffnt‚

382 1889 450 1940 nfi
464 1903 488 1926 a
501 1889 597 1932 Deo,
656 1888 859 1940 Singularis
877 1888 921 1941 est
945 1889 1060 1941 igitur
1079 1888 1238 1942 quaedam
1271 1899 1421 1934 natura,
1442 1901 1549 1943 atque
1581 1890 1639 1928 vis
1656 1890 1780 1934 animi,

368 1954 537 2008 stJuno‘Ja
555 1953 601 1992 ab
620 1953 675 1992 his
694 1954 835 2005 zfitatis
856 1954 1011 2008 notisque
1028 1955 1186 1993 naturis.
1242 1958 1306 1994 Ita
1326 1956 1497 2009 quidquid
1511 1955 1555 2008 {³st
1570 1955 1666 2000 illud,
1695 1955 1788 2009 quod

369 2021 503 2073 finnt,
533 2018 628 2073 quod
641 2020 762 2072 stepit,
789 2019 885 2072 quod
910 2021 1006 2065 vult,
1037 2020 1132 2073 quod
1159 2021 1273 2073 viget,
1303 2022 1430 2074 caelsse
1454 2031 1488 2060 et
1517 2021 1679 2060 divinum
1708 2021 1752 2073 ‹st
1767 2040 1780 2065 3

383 2087 425 2125 ob
443 2101 584 2140 eamque
603 2100 676 2124 rem
692 2086 929 2137 aeternutnstt
947 2087 1069 2141 neccffi
1085 2087 1142 2140 est.
1175 2089 1255 2126 ΜΕ
1273 2103 1359 2126 vcro
1373 2089 1478 2126 Deus
1494 2088 1574 2140 ipst’,
1597 2089 1660 2141 qui
1676 2088 1782 2126 intel-

383 2153 515 2205 ligitur
533 2167 556 2190 a
575 2152 684 2197 nobis,
714 2153 782 2190 alio
800 2152 894 2190 modo
921 2153 1075 2205 intelligi
1086 2153 1211 2206 potest,
1241 2154 1308 2206 nist
1323 2168 1416 2192 mens
1421 2154 1545 2207 soluta
1571 2153 1729 2207 quaedam
1748 2164 1784 2191 et

383 2217 510 2263 libera,
517 2219 716 2271 stgregata
735 2217 781 2255 ab
801 2218 894 2255 omni
910 2219 1125 2257 concretione
1142 2219 1300 2263 mortali,
1335 2220 1616 2273 omniastnticns
1645 2229 1680 2256 et
1708 2234 1782 2257 mo-

385 2297 486 2332 vens,
508 2283 649 2336 ipsaque
661 2282 822 2335 praedita
840 2293 936 2322 motu
941 2285 1172 2337 stmpiterno.
1195 2285 1286 2334 Hm:
1306 2299 1326 2323 e
1346 2299 1497 2338 genere,
1519 2294 1631 2336 atque
1650 2284 1782 2322 eadem

386 2362 408 2385 e
428 2358 562 2386 natura
580 2349 633 2387 est
652 2347 821 2388 humana
838 2363 961 2388 mens.

395 2443 398 2445 >
442 2414 636 2452 XXVIII.
672 2415 755 2453 Ubi
775 2415 909 2467 igitur,
941 2425 1005 2454 aut
1025 2416 1148 2469 qualis
1169 2416 1221 2454 est
1251 2416 1317 2454 ista
1336 2416 1472 2454 mens?
1508 2415 1590 2453 Ubi
1610 2424 1687 2460 tua,
1718 2425 1784 2453 aut

388 2478 511 2532 qualis
531 2479 543 2516 ?
571 2479 725 2532 potesne
744 2481 870 2520 dicere
887 2482 900 2518 ?
928 2483 1007 2527 An,
1034 2483 1061 2520 fi
1084 2482 1215 2520 omnia
1234 2482 1280 2519 ad
1300 2481 1594 2533 intelligendum
1615 2495 1692 2519 non
1712 2480 1782 2518 ha-

387 2545 474 2591 heo,
495 2559 580 2599 quae
596 2545 735 2584 habere
754 2546 908 2593 vellem,
942 2560 990 2586 ne
1008 2547 1053 2586 iis
1074 2547 1247 2600 quidem,
1270 2561 1353 2599 quae
1374 2545 1510 2593 habeo,
1541 2546 1642 2586 mihi
1659 2560 1728 2600 per
1748 2556 1785 2584 te
