2330 2983
552 261 625 314 198
972 258 1074 296 DE
1133 254 1518 296 F1N1ssus

542 359 745 398 fremitum
766 357 984 396 assuesceret
1003 370 1095 396 voce
1116 357 1280 395 vincere.
1312 355 1439 394 Modo
1463 355 1581 394 etiam
1606 353 1765 408 paulum
1784 353 1830 393 ad
1847 354 1942 394 dex-

542 435 641 464 tram
667 425 714 462 de
746 424 807 461 via
837 423 1040 468 declinavi,
1082 432 1126 461 ut
1156 423 1202 460 ad
1236 422 1394 461 Periclis
1430 420 1678 474 sepulchrum
1707 421 1941 460 accederem.

543 492 780 543 Qanquam
814 490 854 528 id
884 489 1044 541 quidem
1079 488 1278 527 infinitum
1298 488 1351 526 est
1383 489 1424 526 in
1456 487 1527 526 hac
1562 488 1682 526 urbe:
1713 499 1944 540 quacunque

541 557 647 595 enim
667 556 919 609 ingredimur,
941 556 981 593 in
1001 555 1171 608 aliquam
1190 553 1389 593 historiam
1409 554 1613 607 vestigium
1634 554 1832 607 ponimus.

595 625 708 661 Tum
743 622 844 668 Piso,
875 622 1014 674 Atqui,
1047 622 1199 666 Cicero,
1230 621 1373 673 inquit,
1404 620 1470 659 ista
1501 620 1636 665 studia,
1667 620 1693 659 s1
1719 620 1767 658 ad
1783 620 1943 658 imitan-

541 689 610 727 dos
631 689 800 727 summos
821 689 921 726 viros
943 687 1123 740 spectant,
1155 687 1442 740 ingeniosorum
1468 686 1555 724 sunt
1570 705 1582 731 3
1614 687 1669 725 fin
1699 695 1942 724 tantummo-

541 755 592 793 do
622 755 668 793 ad
700 755 842 792 indicia
875 754 1010 792 veteris
1044 753 1240 791 memoriae
1266 751 1543 804 cognoscenda,
1573 751 1824 790 curiosorum.
1884 753 1945 789 Te

541 830 668 858 autem
690 819 891 858 hortamur
903 832 1052 862 omnes,
1066 827 1285 856 currentem
1307 817 1481 869 quidem,
1496 825 1540 854 ut
1559 815 1678 870 spero,
1692 825 1737 854 ut
1751 829 1829 860 eos,
1845 829 1944 868 quos

541 884 682 923 novisse
703 885 774 928 vis,
805 883 922 921 etiam
942 882 1085 921 imitari
1106 882 1214 920 velis.
1261 882 1342 920 Hic
1361 894 1448 934 ego,
1467 881 1548 919 Etfi
1568 879 1662 919 facit
1681 879 1746 918 hic
1767 880 1943 932 quidem,

540 950 717 1002 inquam,
754 948 854 993 Piso,
889 948 950 1000 (ut
970 948 1093 999 vides)
1129 960 1184 992 ea,
1217 961 1301 999 quae
1321 947 1494 1000 praecipis
1511 965 1523 991 ;
1556 955 1684 984 tamen
1711 944 1811 984 mihi
1840 952 1946 998 grata

540 1015 594 1053 est
612 1014 781 1053 hortatio
802 1023 877 1052 tua.
909 1015 1019 1053 Tum
1040 1013 1105 1051 ille
1126 1013 1366 1058 amiciffime‚
1388 1022 1431 1051 ut
1452 1012 1609 1057 solebat,
1640 1012 1726 1051 Nos
1743 1025 1847 1056 vero,
1880 1013 1944 1050 in·

540 1082 642 1134 quit,
663 1094 798 1119 omnes
818 1080 948 1118 omnia
981 1079 1027 1118 ad
1051 1078 1168 1132 hujus
1189 1079 1481 1118 adolescentiam
1501 1077 1759 1123 conferamus,
1791 1078 1832 1116 in
1861 1077 1944 1130 pri·

540 1147 692 1200 misque
713 1157 755 1185 ut
775 1146 920 1199 aliquid
940 1146 1095 1184 suorum
1116 1145 1329 1184 studiorum
1349 1144 1602 1198 philosophiae
1621 1157 1777 1197 quoque
1797 1144 1944 1197 imper-

541 1213 624 1258 tiat,
657 1213 716 1251 vel
748 1222 791 1250 ut
824 1222 861 1251 te
893 1212 1080 1256 imitetur,
1113 1225 1231 1264 quem
1252 1220 1378 1256 amat;
1410 1211 1469 1249 vel
1491 1221 1534 1249 ut
1553 1210 1650 1249 illud
1666 1210 1808 1263 ipsum,
1839 1209 1944 1262 quod

541 1278 678 1323 studet,
710 1277 832 1316 facere
864 1276 977 1329 poffit
1007 1277 1190 1315 ornatius.
1251 1276 1322 1315 Sed
1354 1285 1485 1314 utrum
1519 1275 1731 1314 hortandus
1751 1288 1789 1314 es
1816 1275 1943 1319 nobis.

542 1345 659 1388 Luci,
693 1343 836 1395 inquit,
867 1355 913 1380 an
947 1343 1064 1380 etiam
1099 1351 1164 1379 tua
1183 1341 1315 1394 sponte
1334 1341 1541 1395 propensus
1562 1341 1632 1379 es?
1663 1340 1763 1379 mihi
1783 1340 1944 1392 quidem

541 1409 801 1455 Antiochum,
819 1422 938 1462 quem
958 1408 1079 1453 audis,
1110 1407 1196 1446 satis
1217 1408 1317 1446 belle
1343 1407 1481 1446 videris
1499 1406 1704 1446 attendere.
1747 1408 1858 1445 Tum
1878 1406 1945 1444 ille

540 1477 692 1522 timide,
713 1477 772 1515 vel
793 1476 921 1529 potius
942 1474 1169 1520 verecunde,
1192 1476 1323 1520 Facio,
1343 1475 1486 1527 inquit,
1503 1473 1686 1527 equidem
1703 1488 1713 1512 ε
1735 1473 1797 1512 sed
1817 1472 1945 1512 audis-

541 1545 622 1583 tine
638 1543 755 1582 modo
775 1543 821 1580 de
834 1542 1026 1581 Carneade
1043 1542 1055 1579 ?
1077 1541 1203 1594 rapior
1222 1541 1331 1580 illuc.
1355 1543 1527 1580 Revocat
1546 1549 1676 1579 autem
1696 1539 1916 1580 Antiochus
1932 1554 1942 1579 :

542 1623 612 1649 nec
633 1610 685 1648 est
706 1618 894 1662 praeterea,
916 1621 1035 1661 quem
1056 1607 1271 1648 audiamus.

599 1677 672 1714 111.
704 1677 814 1713 Tum
835 1673 935 1717 Piso,
961 1673 1041 1711 Etfi
1062 1671 1151 1718 hoc,
1168 1673 1311 1725 inquit,
1331 1671 1480 1711 fortaffe
1496 1686 1573 1711 non
1594 1671 1735 1725 poterit
1756 1671 1805 1709 sic
1825 1671 1944 1716 abire,

540 1756 633 1780 cum
665 1740 730 1779 hic
761 1739 867 1784 adsit,
904 1740 991 1790 (me
1017 1748 1147 1776 autem
1178 1738 1351 1789 dicebat)
1389 1748 1515 1777 tamen
1542 1738 1691 1776 audebo
1721 1747 1758 1775 te
1790 1737 1838 1775 ab
1872 1735 1943 1775 hac

541 1806 751 1845 Academia
771 1818 868 1844 nova
886 1804 933 1842 ad
953 1813 1118 1842 veterem
1147 1803 1256 1842 illam
1276 1816 1409 1841 vocare
1426 1821 1437 1847 ς
1468 1803 1509 1843 in
1535 1816 1612 1856 qua
1642 1811 1686 1840 ut
1711 1802 1836 1840 dicere
1856 1803 1944 1840 An-

542 1871 722 1911 tiochum
756 1871 950 1915 audiebas,
986 1884 1064 1908 non
1098 1869 1126 1907 ii
1147 1868 1216 1907 soli
1237 1878 1501 1914 numerantur,
1528 1869 1598 1921 qui
1628 1867 1855 1906 Academici
1875 1881 1945 1906 vo·

541 1948 691 1981 cantur,
727 1935 978 1989 Speusippus,
1011 1935 1263 1979 Xenocrates,
1301 1935 1476 1979 Polemo,
1513 1935 1697 1979 Crantor,
1727 1933 1944 1986 caeterique,

544 2003 604 2042 sed
623 2004 740 2041 etiam
758 2001 1001 2054 Peripatetici
1017 2010 1172 2045 veteres,
1189 2014 1356 2052 quorum
1372 2001 1547 2053 princeps
1561 1999 1796 2043 Aristoteles,
1810 2012 1944 2051 quem,

541 2078 704 2122 excepto
725 2068 897 2112 Platone,
933 2066 1033 2105 haud
1055 2066 1132 2104 scio
1152 2079 1197 2104 an
1220 2068 1316 2104 recte
1347 2066 1512 2104 dixerim
1533 2065 1748 2118 principem
1771 2063 1944 2117 philoso—

542 2134 724 2189 phorum.
776 2133 839 2172 Ad
869 2146 932 2171 eos
955 2133 1072 2185 igitur
1092 2142 1270 2170 converte
1297 2143 1346 2177 te,
1377 2131 1516 2184 quaeso.
1578 2131 1638 2169 Ex
1669 2144 1803 2168 eorum
1838 2130 1945 2169 enim

544 2201 691 2254 scriptis
711 2210 749 2238 et
771 2199 952 2239 institutis
973 2213 1064 2237 cum
1085 2199 1212 2237 omnis
1234 2198 1404 2236 doe'trina
1425 2197 1605 2241 liberalis,
1627 2197 1753 2235 omnis
1774 2195 1943 2242 historia,

541 2268 669 2306 omnis
691 2267 812 2305 sermo
831 2266 983 2318 elegans
1015 2265 1113 2303 sumi
1136 2265 1269 2318 potest,
1302 2274 1387 2303 tum
1408 2265 1563 2302 varietas
1584 2262 1635 2301 est
1666 2272 1767 2301 tanta
1786 2262 1942 2307 artium,

544 2342 586 2372 ut
608 2347 723 2372 nemo
743 2332 817 2371 fine
837 2345 883 2370 eo
911 2331 1163 2369 instrumento
1191 2331 1235 2368 ad
1257 2330 1375 2368 ullam
1398 2343 1478 2368 rem
1508 2329 1751 2367 illustriorem
1774 2328 1858 2367 satis
1879 2342 1944 2366 or-

541 2410 653 2441 natus
675 2399 785 2452 poffit
806 2397 995 2436 accedere.
1028 2397 1092 2436 Ab
1114 2395 1173 2435 his
1194 2405 1373 2441 oratores,
1396 2396 1442 2433 ab
1464 2394 1523 2433 his
1546 2396 1802 2448 imperatores,
1820 2407 1862 2432 ac
1884 2408 1944 2432 re-

542 2465 879 2518 tumpublicarum
914 2464 1120 2518 principes,
1155 2463 1378 2502 extiterunt.
1440 2463 1495 2500 Ut
1530 2462 1576 2500 ad
1604 2462 1751 2500 minora
1777 2461 1944 2505 veniam,

543 2530 823 2576 mathematici,
844 2541 978 2585 poctae,
1001 2530 1150 2574 musici,
1172 2530 1314 2568 medici
1335 2529 1502 2582 denique
1521 2543 1567 2569 cx
1585 2528 1672 2575 hac,
1694 2538 1876 2581 tanquam
1895 2540 1943 2566 ex

543 2599 725 2638 omnium
744 2599 885 2639 artium
905 2598 1072 2645 officina,
1092 2596 1252 2652 profecti
1272 2596 1372 2636 sunt.
