2330 2983
526 283 607 337 438
787 281 881 321 DE
938 280 1265 320 NATURA
1321 281 1661 322 DEORUM

523 381 666 434 species
697 377 850 418 tantum
880 388 1038 418 retenta.
1083 381 1217 432 Itaque
1247 380 1425 419 maximae
1456 381 1678 434 reipublicae
1711 390 1848 434 partes,
1879 382 1920 422 in

525 445 586 483 his
607 445 721 490 bella,
741 445 882 497 quibus
903 445 1125 498 reipublicae
1146 445 1241 484 salus
1261 447 1494 492 continetur,
1520 447 1637 485 nullis
1657 447 1832 501 auspiciis
1853 448 1922 486 ad-

524 510 814 555 ministrantur;
850 510 956 548 nulla
983 511 1181 569 peremnia
1200 510 1405 557 servantur,
1437 512 1543 550 nulla
1571 525 1619 550 ex
1649 514 1920 559 acuminibus,

524 573 626 612 nulli
658 574 731 612 viri
761 583 959 620 vocantur,
995 589 1042 614 ex
1072 589 1151 628 quo
1181 575 1221 614 in
1252 576 1453 629 procinctu
1475 576 1695 615 testamenta
1714 579 1920 631 perierunt.

527 640 638 678 Tum
657 640 763 678 enim
785 640 884 678 bella
900 654 1030 692 gerere
1049 641 1164 680 nostri
1185 641 1298 680 duces
1319 642 1528 695 incipiunt,
1552 656 1644 681 cum
1665 643 1829 697 auspicia
1848 657 1922 697 po-

525 704 693 744 suerunt.
711 707 766 744 At
783 719 871 744 vero
887 706 988 759 apud
1007 708 1168 759 majores
1189 715 1293 745 tanta
1312 708 1508 760 religionis
1528 710 1584 747 vis
1601 708 1689 754 fuit,
1705 719 1747 748 ut
1761 710 1922 763 quidam

523 771 771 824 imperatores
790 773 906 810 etiam
927 772 1062 824 seipsos
1079 773 1166 811 Diis
1183 773 1484 818 immortalibus,
1504 775 1629 827 capite
1645 776 1783 820 velato,
1797 777 1923 815 verbis

523 837 638 875 certis
658 850 728 889 pro
748 836 943 889 republica
961 838 1202 876 devoverent.
1245 837 1378 876 Multa
1396 851 1444 876 ex
1464 839 1661 890 Sibyllinis
1681 840 1923 880 vaticinatio-

524 903 655 947 nibus,
683 903 807 940 multa
825 916 872 940 ex
902 901 1148 955 haruspicum
1175 902 1355 955 responsis
1374 916 1682 943 commemorare
1710 904 1922 958 poffumus,

523 967 664 1020 quibus
685 981 727 1005 ea
747 967 1040 1013 confirmentur,
1061 981 1146 1021 quae
1166 968 1282 1007 dubia
1301 969 1449 1007 nemini
1468 969 1609 1009 debent
1627 970 1712 1010 efie.

579 1034 650 1072 IV.
673 1034 797 1086 Atqui
817 1043 856 1072 et
875 1034 1092 1073 nostrorum
1112 1048 1318 1088 augurum,
1344 1044 1383 1074 et
1403 1036 1669 1082 Etruscorum,
1690 1046 1729 1075 et
1747 1035 1922 1092 haruspi-

521 1113 615 1139 cum
643 1099 902 1153 disciplinam,
936 1101 980 1139 P.
1003 1101 1196 1155 Scipione,
1232 1103 1281 1140 C.
1304 1103 1448 1155 Figulo
1479 1103 1726 1149 Consulibus,
1759 1117 1814 1143 res
1845 1105 1923 1158 ipsa

522 1165 712 1219 probavit.
746 1166 856 1217 Qos
874 1179 970 1204 cum
988 1166 1082 1205 Tib.
1104 1166 1306 1206 Gracchus
1329 1167 1474 1206 Consul
1495 1168 1636 1207 iterum
1654 1179 1811 1215 crearet,
1839 1173 1920 1224 pri-

522 1245 612 1270 mus
628 1240 862 1284 rogatorum,
878 1240 920 1270 ut
939 1246 1002 1271 eos
1019 1233 1165 1278 retulit,
1179 1233 1325 1272 ibidem
1339 1233 1392 1272 est
1408 1244 1560 1287 repente
1576 1245 1766 1275 mortuus.
1795 1237 1921 1275 Grac-

521 1295 634 1341 chus,
655 1309 748 1335 cum
765 1297 925 1334 comitia
939 1296 1195 1337 nihilominus
1211 1298 1423 1352 peregiffet,
1456 1313 1616 1352 remque
1634 1301 1742 1339 illam
1769 1302 1808 1339 in
1830 1303 1921 1340 reli-

520 1363 680 1416 gionem
699 1362 846 1416 populo
863 1362 1001 1401 veniffe
1021 1363 1188 1409 sentiret,
1204 1364 1251 1402 ad
1272 1364 1444 1403 senatum
1464 1365 1609 1404 retulit.
1632 1366 1804 1412 Senatus,
1826 1381 1922 1420 quos

521 1429 569 1467 ad
587 1429 736 1474 soleret,
756 1428 1000 1468 referendum
1018 1429 1179 1469 censuit.
1230 1430 1461 1484 Haruspices
1490 1431 1699 1470 introducti
1720 1433 1922 1486 responde-

521 1505 626 1540 runt,
648 1508 725 1534 non
745 1494 1017 1547 fuiss‘ejustum
1037 1496 1289 1536 comitiorum
1311 1506 1541 1550 rogatorem.
1572 1499 1683 1537 Tum
1706 1498 1922 1546 Gracchus,

521 1570 565 1598 ut
584 1573 604 1598 e
632 1569 737 1612 patre
757 1560 973 1605 audiebam,
1005 1561 1180 1599 incensus
1213 1563 1280 1606 ira,
1313 1564 1419 1600 Itane
1438 1564 1554 1600 vero?
1585 1577 1656 1616 ego
1684 1576 1760 1603 non
1782 1564 1922 1616 justuS,

520 1626 590 1678 qui
621 1634 659 1663 et
680 1624 825 1664 Consul
846 1625 988 1677 rogavi,
1022 1634 1060 1663 et
1081 1639 1216 1678 augur,
1248 1635 1287 1664 et
1307 1626 1526 1679 auspicato?
1558 1630 1622 1666 An
1648 1642 1713 1667 vos
1735 1629 1854 1668 Tusci
1880 1644 1922 1669 ac

522 1691 672 1730 barbari
692 1691 948 1743 auspiciorum
964 1691 1100 1744 populi
1117 1692 1285 1731 Romani
1300 1692 1366 1744 jus
1388 1693 1538 1738 tenetis,
1560 1704 1597 1732 et
1613 1695 1835 1748 interpretes
1851 1696 1923 1736 effe

520 1757 773 1796 comitiorum
793 1756 946 1809 potestis
966 1757 979 1793 ?
1021 1758 1156 1809 Itaque
1176 1766 1261 1795 turn
1282 1758 1369 1796 illos
1389 1759 1492 1797 exire
1512 1760 1634 1812 justit.
1681 1761 1768 1800 Post
1792 1771 1922 1801 autem

521 1837 567 1861 ex
588 1822 785 1876 provincia
804 1822 929 1860 literas
950 1821 996 1860 ad
1016 1822 1226 1875 collegium
1252 1823 1368 1868 misit,
1404 1823 1452 1869 se,
1489 1838 1581 1864 curn
1612 1826 1754 1879 legeret
1787 1827 1921 1873 libros,

522 1889 763 1927 recordatum
793 1887 865 1926 esse
886 1888 980 1926 vitio
1011 1888 1080 1926 fibi
1111 1888 1402 1928 tabernaculum
1429 1899 1587 1944 captum
1607 1891 1716 1930 fuiffe
1743 1892 1781 1930 in
1800 1892 1923 1932 hortis

523 1956 728 2008 Scipionis,
750 1954 869 2006 quod,
887 1968 979 1992 cum
999 1955 1236 2007 pomoerium
1252 1956 1377 2010 postea
1393 1957 1574 2003 intrass'et,
1593 1957 1757 1997 habendi
1775 1959 1923 1999 senatus

522 2020 645 2066 causa,
676 2021 715 2058 in
751 2020 957 2065 redeundo,
994 2033 1086 2058 cum
1117 2020 1220 2059 idem
1253 2023 1489 2075 pomoerium
1526 2023 1708 2067 transiret,
1740 2024 1921 2078 auspicari

523 2087 612 2126 effct
631 2087 803 2126 oblitus:
835 2087 963 2138 itaque
998 2087 1091 2125 vitio
1122 2097 1266 2126 creatos
1289 2088 1474 2127 Consules
1505 2088 1589 2127 esse.
1636 2091 1812 2143 Augures
1841 2105 1921 2130 rem

522 2153 568 2192 ad
585 2153 756 2191 senatum
775 2167 784 2190 ε
808 2152 968 2197 senatus,
990 2162 1032 2191 ut
1053 2153 1294 2192 abdicarent:
1319 2154 1502 2193 Consules
1519 2155 1803 2194 abdicaverunt.
1824 2159 1922 2209 Qae

522 2219 729 2271 quaerimus
750 2219 925 2270 exempla
958 2219 1097 2270 majora
1116 2219 1128 2255 ?
1173 2219 1242 2257 Vir
1263 2219 1567 2272 sapientissimus,
1590 2230 1704 2274 atque
1725 2220 1826 2260 haud
1848 2223 1924 2262 scio

521 2298 569 2322 an
591 2285 769 2322 omnium
790 2284 1125 2337 praestantissimus,
1149 2294 1349 2338 peccatum
1371 2285 1497 2331 suum,
1530 2287 1634 2339 quod
1656 2287 1769 2325 celari
1791 2288 1921 2341 posset,

523 2350 696 2389 confiteri
719 2350 870 2395 maluit,
891 2364 1009 2403 quam
1030 2350 1169 2388 haerere
1191 2352 1229 2389 in
1251 2351 1446 2404 republica
1462 2353 1713 2406 religionem:
1737 2353 1923 2394 Consules

523 2417 720 2455 summum
753 2417 960 2469 imperium
982 2416 1106 2454 statim
1138 2416 1341 2469 deponere,
1369 2431 1486 2470 quam
1515 2418 1553 2456 id
1589 2429 1714 2457 tencre
1734 2422 1923 2473 punssum

522 2483 707 2535 temporis
728 2492 860 2520 contra
877 2481 1118 2535 religionem.
1152 2483 1298 2535 Magna
1317 2496 1505 2535 augurum
1524 2486 1739 2523 aut‘loritas.

579 2546 686 2597 Qid
709 2545 954 2599 haruspicum
981 2560 1052 2593 ars,
1085 2560 1210 2585 nonne
1236 2547 1391 2585 divina?
1425 2549 1521 2586 Haec
1553 2549 1846 2588 innumerabilia
1873 2563 1920 2589 ex

517 2613 657 2652 codem
688 2627 824 2666 genere
857 2613 926 2667 qui
956 2612 1095 2659 videat,
1132 2626 1259 2653 nonne
1288 2623 1448 2667 cogatur
1478 2615 1653 2655 confiteri
1684 2616 1787 2656 Deos
1819 2614 1919 2654 ess‘e?
