2330 2983
600 262 677 302 262
909 254 1684 297 TUSCULANARUM

598 359 635 397 ei
654 355 843 396 accidisset
863 355 1015 401 adverfi,
1045 368 1066 393 e
1096 368 1209 394 muro
1228 354 1262 393 se
1282 355 1323 394 in
1352 367 1455 393 mare
1484 353 1669 407 abjecisse,
1699 352 1799 392 lesto
1819 352 1989 392 Platonis

598 424 712 462 libro.
762 423 858 474 Ejus
889 430 1033 467 autem,
1064 434 1183 474 quem
1209 421 1305 467 dixi,
1336 420 1508 473 Hegefiae
1527 420 1625 458 liber
1643 419 1710 465 est,
1740 415 1989 472 Α’ποκιιςτεςῶν,

598 488 705 541 quod
725 501 746 526 a
768 488 844 526 vita
863 487 1022 540 quidam
1042 500 1108 540 per
1127 486 1293 525 inediam
1323 486 1516 524 discedens
1548 495 1744 524 revocatur
1763 485 1809 523 ab
1829 486 1988 530 amicis;

598 555 741 607 quibus
760 553 1002 606 respondens,
1037 553 1125 591 vitae
1157 552 1335 591 humanae
1365 561 1563 590 enumerat
1587 551 1846 590 incommoda.
1897 550 1990 590 Pos-

599 620 679 659 sem
710 619 750 657 id
778 618 900 657 facere
915 637 927 663 ;
958 619 1024 657 etsl
1059 619 1187 656 minus
1222 631 1340 670 quam
1373 618 1454 662 ille,
1484 618 1552 670 qui
1581 617 1743 656 omnino
1768 617 1892 655 vivere
1922 629 1992 655 ex-

598 685 728 739 pedire
748 684 895 723 nemini
914 693 1037 736 putat.
1096 684 1220 722 Mitto
1239 683 1346 722 alios.
1406 684 1585 721 Etiamne
1605 683 1716 721 nobis
1735 682 1903 736 expedit,
1925 681 1994 734 qui

600 760 639 789 et
668 750 885 789 domesticis
905 758 943 786 et
962 748 1172 787 forensibus
1204 748 1343 786 solatiis
1370 747 1677 799 ornamentisque
1697 748 1847 799 privati,
1877 756 1992 791 certe,

600 816 626 854 fi
647 825 733 853 ante
752 812 1034 858 occidissemus,
1065 826 1168 852 mors
1190 826 1257 851 nos
1278 827 1298 850 a
1318 812 1444 857 malis,
1479 825 1557 850 non
1588 825 1609 850 a
1641 812 1767 856 bonis,
1797 811 1994 850 abstraxis-

602 881 654 918 set
669 881 682 917 ?

655 945 826 984 XXXV.
859 944 914 983 Sit
943 944 1062 998 igitur
1080 944 1234 997 aliquis,
1265 943 1333 996 qui
1367 942 1466 982 nihil
1497 942 1591 981 mali
1621 941 1772 987 habeat,
1805 941 1956 981 nullum
1977 955 1998 980 a

601 1011 755 1051 fortuna
775 1011 914 1049 vulnus
931 1010 1132 1063 acceperit.
1180 1010 1367 1048 Metellus
1389 1009 1455 1048 ille
1474 1007 1680 1048 honoratus
1701 1018 1863 1061 quatuor
1880 1007 1994 1046 filiis:

600 1087 639 1116 at
658 1077 937 1131 quinquaginta
957 1077 1130 1115 Priamus
1147 1094 1158 1121 ς
1189 1076 1332 1128 quibus
1353 1075 1498 1128 septem
1527 1084 1565 1113 et
1585 1075 1734 1120 decem,
1761 1074 1860 1126 justa
1879 1087 1998 1112 uxore

602 1145 715 1182 natis.
761 1144 806 1182 In
824 1152 988 1195 utroque
1006 1142 1167 1180 eandem
1187 1141 1323 1180 habuit
1344 1141 1497 1180 fortuna
1515 1141 1762 1194 potestatem3
1794 1140 1856 1178 sed
1876 1140 1939 1178 usa
1957 1141 1996 1178 in

601 1209 722 1247 altero
739 1208 804 1246 est.
854 1207 1065 1246 Metellum
1085 1207 1191 1245 enim
1222 1207 1338 1245 multi
1359 1206 1444 1251 filii,
1475 1206 1576 1250 filiae,
1605 1215 1774 1258 nepotes,
1806 1214 1937 1258 neptes
1957 1205 1997 1243 in

603 1286 742 1326 rogum
762 1271 1028 1326 imposuerunt
1045 1287 1054 1310 ε
1088 1272 1287 1310 Priamum
1307 1280 1411 1310 tanta
1430 1272 1611 1324 progenie
1631 1271 1824 1315 orbatum,
1844 1284 1938 1308 cum
1958 1271 1998 1309 in

602 1352 706 1376 aram
725 1336 967 1390 confugiffet,
989 1336 1138 1375 hostilis
1158 1349 1294 1375 manus
1315 1337 1525 1375 interemit.
1563 1335 1643 1375 Hic
1664 1335 1691 1373 fi
1710 1335 1804 1373 vivis
1826 1335 1915 1373 filiis
1935 1335 1997 1373 in-

602 1404 751 1443 columi
771 1417 887 1456 regno
905 1403 1114 1448 occidisset,

741 1469 894 1522 Astante
913 1478 972 1522 ope
992 1468 1198 1513 barbarica,

742 1531 859 1573 Teati
876 1534 1025 1578 caelatis,
1055 1534 1242 1587 laqueatis,

605 1598 738 1639 utrum
769 1599 924 1638 tandem
945 1612 966 1636 a
996 1599 1122 1647 bonis,
1153 1612 1200 1637 an
1230 1612 1252 1636 a
1270 1599 1395 1644 malis,
1428 1597 1669 1637 disceffiffet?
1700 1599 1810 1637 Tum
1830 1597 2001 1651 profesto

605 1667 796 1704 videretur
815 1678 835 1702 a
856 1665 981 1703 bonis.
1013 1666 1068 1704 At
1087 1673 1188 1703 certe
1207 1665 1241 1702 ei
1262 1664 1399 1703 melius
1420 1663 1611 1710 evenisset,
1633 1677 1703 1702 nec
1725 1674 1804 1702 tam
1824 1663 2002 1702 flebiliter

606 1731 671 1769 illa
690 1739 927 1775 canerentur,

743 1798 838 1835 Haec
856 1796 971 1834 omnia
990 1795 1070 1834 vidi
1085 1796 1312 1849 inflammari,

749 1863 895 1901 Priamo
914 1863 959 1901 vi
974 1862 1091 1901 vitam
1110 1862 1261 1908 evitari,

743 1929 856 1982 Jovis
874 1929 1161 1981 aramstmguine
1180 1928 1341 1980 turpari.

607 1993 724 2046 Qasr
756 2007 844 2031 vero
874 1993 940 2030 ista
960 1994 997 2030 vi
1032 1992 1244 2045 quidquam
1267 2002 1351 2030 tum
1383 1993 1551 2045 potuerit
1584 1993 1618 2030 ei
1651 1993 1790 2031 melius
1819 1992 2001 2031 accidere.

608 2059 727 2111 Qod
748 2058 772 2097 sl
803 2067 889 2096 ante
909 2057 1117 2102 occidiffet,
1150 2067 1277 2096 tamen
1309 2067 1491 2095 eventum
1511 2057 1674 2096 omnino
1698 2057 1898 2102 amififfet;
1930 2056 2004 2096 hoc

608 2135 736 2162 autem
760 2134 929 2177 tempore
951 2123 1098 2161 sensum
1119 2123 1308 2161 malorum
1330 2123 1466 2160 amisit.

667 2189 852 2241 Pompeio
887 2189 1011 2226 nostro
1042 2187 1236 2231 familiari,
1271 2201 1362 2225 cum
1397 2188 1561 2239 graviter
1592 2196 1787 2240 argrotaret
1822 2187 2002 2240 Neapoli,

610 2256 748 2293 melius
768 2255 819 2293 est
836 2253 994 2292 snitum.
1018 2255 1202 2292 Coronati
1221 2269 1233 2292 i
1247 2254 1465 2306 *capolitani
1483 2253 1660 2291 fuerunt:
1685 2253 1872 2291 nimirum
1889 2254 2002 2291 etiam

612 2320 808 2359 Puteolani
831 2321 946 2372 vulgo
966 2333 1011 2357 ex
1033 2320 1184 2372 oppidis
1206 2320 1360 2372 publice
1379 2319 1678 2372 gratulabantur.
1719 2320 1900 2371 Ineptum
1924 2319 2006 2357 sane

611 2386 826 2438 negotium,
848 2395 885 2423 ct
907 2385 1130 2423 Graeculum
1151 2403 1160 2428 ;
1193 2385 1252 2422 scd
1274 2394 1398 2422 tamen
1421 2383 1674 2422 fortunatum.
1709 2383 1852 2422 Utrum
1874 2384 2004 2437 igitur.

610 2451 635 2489 si
659 2461 742 2488 tum
775 2450 861 2488 css‘et
891 2451 1097 2494 extinctus,
1137 2463 1156 2487 a
1176 2449 1286 2487 bonis
1319 2450 1443 2493 rebus,
1475 2463 1519 2487 an
1555 2463 1574 2486 a
1606 2450 1730 2494 malis,
1766 2448 2002 2487 disccffiss‘ct?

611 2518 726 2554 Certe
747 2530 766 2553 a
787 2516 943 2554 miseris.
968 2517 1059 2554 Non
1081 2517 1186 2554 enim
1206 2529 1297 2553 cum
1320 2515 1445 2553 socero
1463 2515 1608 2553 bellum
1626 2515 1806 2568 gelliffet5
1830 2528 1905 2553 non
1928 2514 2004 2551 im·

610 2593 760 2637 paratus
781 2596 885 2621 arma
903 2580 1138 2635 sumpsissem
1170 2595 1246 2621 non
1277 2581 1439 2621 domum
1470 2581 1676 2634 reliquilsct
1691 2600 1703 2628 5
1735 2594 1812 2619 non
1831 2594 1877 2619 ex
1900 2579 2006 2618 ltalia
