<?xml version="1.0" encoding="UTF-8"?>
<!DOCTYPE html PUBLIC "-//W3C//DTD XHTML 1.0 Transitional//EN"
    "http://www.w3.org/TR/xhtml1/DTD/xhtml1-transitional.dtd">
<html xmlns="http://www.w3.org/1999/xhtml" xml:lang="en" lang="en">
 <head>
  <title>
</title>
<meta http-equiv="Content-Type" content="text/html;charset=utf-8" />
  <meta name='ocr-system' content='tesseract 3.04.00' />
  <meta name='ocr-capabilities' content='ocr_page ocr_carea ocr_par ocr_line ocrx_word'/>
</head>
<body>
  <div class='ocr_page' id='page_1' title='image "./operacumindicibu02ciceuoft_0372.png"; bbox 0 0 2330 2983; ppageno 0'>
   <div class='ocr_carea' id='block_1_1' title="bbox 525 289 1608 347">
    <p class='ocr_par' dir='ltr' id='par_1_1' title="bbox 525 289 1608 347">
     <span class='ocr_line' id='line_1_1' title="bbox 525 289 1608 347; baseline 0.002 -18"><span class='ocrx_word' id='word_1_1' title='bbox 525 291 608 347; x_wconf 74' lang='lat'>364</span> <span class='ocrx_word' id='word_1_2' title='bbox 832 289 1608 331; x_wconf 87' lang='lat' dir='ltr'>TUSCULANARUM</span> 
     </span>
    </p>
   </div>
   <div class='ocr_carea' id='block_1_2' title="bbox 512 378 1914 2672">
    <p class='ocr_par' dir='ltr' id='par_1_2' title="bbox 523 378 1912 575">
     <span class='ocr_line' id='line_1_2' title="bbox 525 378 1912 443; baseline 0 -13"><span class='ocrx_word' id='word_1_3' title='bbox 525 391 702 430; x_wconf 88' lang='lat' dir='ltr'>animum</span> <span class='ocrx_word' id='word_1_4' title='bbox 721 390 768 428; x_wconf 84' lang='lat' dir='ltr'>ab</span> <span class='ocrx_word' id='word_1_5' title='bbox 786 389 854 428; x_wconf 85' lang='lat' dir='ltr'>ista</span> <span class='ocrx_word' id='word_1_6' title='bbox 872 389 1033 442; x_wconf 43' lang='lat' dir='ltr'>pietur&amp;</span> <span class='ocrx_word' id='word_1_7' title='bbox 1057 378 1366 443; x_wconf 79' lang='lat' dir='ltr'>imaginibusque</span> <span class='ocrx_word' id='word_1_8' title='bbox 1384 390 1587 436; x_wconf 87' lang='lat' dir='ltr'>virtutum,</span> <span class='ocrx_word' id='word_1_9' title='bbox 1609 389 1656 428; x_wconf 82' lang='lat' dir='ltr'>ad</span> <span class='ocrx_word' id='word_1_10' title='bbox 1673 401 1756 428; x_wconf 87' lang='lat' dir='ltr'>rem</span> <span class='ocrx_word' id='word_1_11' title='bbox 1773 391 1912 430; x_wconf 81' lang='lat' dir='ltr'>verita·</span> 
     </span>
     <span class='ocr_line' id='line_1_3' title="bbox 524 455 1912 510; baseline 0.002 -16"><span class='ocrx_word' id='word_1_12' title='bbox 524 465 682 508; x_wconf 89' lang='lat' dir='ltr'>temque</span> <span class='ocrx_word' id='word_1_13' title='bbox 700 455 909 494; x_wconf 83' lang='lat' dir='ltr'>traduxeris</span> <span class='ocrx_word' id='word_1_14' title='bbox 924 474 938 501; x_wconf 64' lang='grc' dir='ltr'><strong><em>ς</em></strong></span> <span class='ocrx_word' id='word_1_15' title='bbox 967 455 1044 494; x_wconf 91' lang='lat' dir='ltr'>hoc</span> <span class='ocrx_word' id='word_1_16' title='bbox 1063 456 1214 495; x_wconf 90' lang='lat' dir='ltr'>nudum</span> <span class='ocrx_word' id='word_1_17' title='bbox 1233 455 1477 509; x_wconf 84' lang='lat' dir='ltr'>relinquitur,</span> <span class='ocrx_word' id='word_1_18' title='bbox 1493 456 1654 510; x_wconf 85' lang='lat' dir='ltr'>poffitne</span> <span class='ocrx_word' id='word_1_19' title='bbox 1672 456 1760 509; x_wconf 79' lang='lat' dir='ltr'>quis</span> <span class='ocrx_word' id='word_1_20' title='bbox 1780 456 1912 497; x_wconf 78' lang='lat' dir='ltr'>beatus</span> 
     </span>
     <span class='ocr_line' id='line_1_4' title="bbox 523 521 1057 575; baseline -0.002 -14"><span class='ocrx_word' id='word_1_21' title='bbox 523 521 609 568; x_wconf 85' lang='lat' dir='ltr'>effe,</span> <span class='ocrx_word' id='word_1_22' title='bbox 630 521 802 575; x_wconf 85' lang='lat' dir='ltr'>quandiu</span> <span class='ocrx_word' id='word_1_23' title='bbox 817 530 1057 574; x_wconf 73' lang='lat' dir='ltr'><strong>torqueatur.</strong></span> 
     </span>
    </p>

    <p class='ocr_par' dir='ltr' id='par_1_3' title="bbox 515 587 1914 1084">
     <span class='ocr_line' id='line_1_5' title="bbox 580 587 1913 641; baseline 0 -15"><span class='ocrx_word' id='word_1_24' title='bbox 580 587 849 640; x_wconf 63' lang='lat' dir='ltr'>Quamobrem</span> <span class='ocrx_word' id='word_1_25' title='bbox 867 587 944 627; x_wconf 91' lang='lat' dir='ltr'>hoc</span> <span class='ocrx_word' id='word_1_26' title='bbox 967 601 1072 627; x_wconf 91' lang='lat' dir='ltr'>nunc</span> <span class='ocrx_word' id='word_1_27' title='bbox 1097 601 1322 641; x_wconf 80' lang='lat' dir='ltr'>quaeramus.</span> <span class='ocrx_word' id='word_1_28' title='bbox 1354 589 1526 628; x_wconf 83' lang='lat' dir='ltr'>Virtutes</span> <span class='ocrx_word' id='word_1_29' title='bbox 1545 598 1673 631; x_wconf 88' lang='lat' dir='ltr'>autem</span> <span class='ocrx_word' id='word_1_30' title='bbox 1693 588 1774 627; x_wconf 89' lang='lat' dir='ltr'>noli</span> <span class='ocrx_word' id='word_1_31' title='bbox 1793 588 1913 627; x_wconf 89' lang='lat' dir='ltr'>vereri</span> 
     </span>
     <span class='ocr_line' id='line_1_6' title="bbox 523 652 1912 706; baseline 0 -15"><span class='ocrx_word' id='word_1_32' title='bbox 523 665 574 691; x_wconf 86' lang='lat' dir='ltr'>ne</span> <span class='ocrx_word' id='word_1_33' title='bbox 591 652 843 706; x_wconf 83' lang='lat' dir='ltr'>expostulent,</span> <span class='ocrx_word' id='word_1_34' title='bbox 861 663 902 692; x_wconf 92' lang='lat' dir='ltr'>et</span> <span class='ocrx_word' id='word_1_35' title='bbox 920 662 1127 706; x_wconf 85' lang='lat' dir='ltr'>querantur</span> <span class='ocrx_word' id='word_1_36' title='bbox 1145 653 1181 692; x_wconf 84' lang='lat' dir='ltr'>se</span> <span class='ocrx_word' id='word_1_37' title='bbox 1200 667 1221 692; x_wconf 91' lang='lat' dir='ltr'>a</span> <span class='ocrx_word' id='word_1_38' title='bbox 1240 654 1346 692; x_wconf 87' lang='lat' dir='ltr'>beata</span> <span class='ocrx_word' id='word_1_39' title='bbox 1364 654 1443 693; x_wconf 90' lang='lat' dir='ltr'>vita</span> <span class='ocrx_word' id='word_1_40' title='bbox 1459 653 1532 692; x_wconf 85' lang='lat' dir='ltr'>effe</span> <span class='ocrx_word' id='word_1_41' title='bbox 1550 654 1711 693; x_wconf 61' lang='lat' dir='ltr'>relietas.</span> <span class='ocrx_word' id='word_1_42' title='bbox 1748 654 1786 692; x_wconf 91' lang='lat' dir='ltr'>Si</span> <span class='ocrx_word' id='word_1_43' title='bbox 1804 653 1912 692; x_wconf 86' lang='lat' dir='ltr'>enim</span> 
     </span>
     <span class='ocr_line' id='line_1_7' title="bbox 524 717 1911 772; baseline 0 -15"><span class='ocrx_word' id='word_1_44' title='bbox 524 717 633 756; x_wconf 85' lang='lat' dir='ltr'>nulla</span> <span class='ocrx_word' id='word_1_45' title='bbox 650 719 770 757; x_wconf 87' lang='lat' dir='ltr'>virtus</span> <span class='ocrx_word' id='word_1_46' title='bbox 786 719 987 772; x_wconf 63' lang='lat' dir='ltr'>prudentia</span> <span class='ocrx_word' id='word_1_47' title='bbox 1003 727 1125 764; x_wconf 88' lang='lat' dir='ltr'>vacat,</span> <span class='ocrx_word' id='word_1_48' title='bbox 1142 718 1344 772; x_wconf 84' lang='lat' dir='ltr'>prudentia</span> <span class='ocrx_word' id='word_1_49' title='bbox 1358 719 1436 771; x_wconf 86' lang='lat' dir='ltr'>ipsa</span> <span class='ocrx_word' id='word_1_50' title='bbox 1450 717 1526 757; x_wconf 91' lang='lat' dir='ltr'>hoc</span> <span class='ocrx_word' id='word_1_51' title='bbox 1544 719 1662 765; x_wconf 89' lang='lat' dir='ltr'>videt,</span> <span class='ocrx_word' id='word_1_52' title='bbox 1683 732 1761 757; x_wconf 90' lang='lat' dir='ltr'>non</span> <span class='ocrx_word' id='word_1_53' title='bbox 1775 731 1911 757; x_wconf 74' lang='lat' dir='ltr'>omnes</span> 
     </span>
     <span class='ocr_line' id='line_1_8' title="bbox 525 782 1910 836; baseline 0.001 -16"><span class='ocrx_word' id='word_1_54' title='bbox 525 782 645 821; x_wconf 88' lang='lat' dir='ltr'>bonos</span> <span class='ocrx_word' id='word_1_55' title='bbox 664 783 735 821; x_wconf 78' lang='lat' dir='ltr'>esse</span> <span class='ocrx_word' id='word_1_56' title='bbox 753 784 870 822; x_wconf 89' lang='lat' dir='ltr'>etiam</span> <span class='ocrx_word' id='word_1_57' title='bbox 896 784 1052 830; x_wconf 76' lang='lat' dir='ltr'>beat0s;</span> <span class='ocrx_word' id='word_1_58' title='bbox 1083 783 1283 836; x_wconf 89' lang='lat' dir='ltr'>multaque</span> <span class='ocrx_word' id='word_1_59' title='bbox 1311 783 1358 821; x_wconf 92' lang='lat' dir='ltr'>de</span> <span class='ocrx_word' id='word_1_60' title='bbox 1378 783 1441 821; x_wconf 94' lang='lat' dir='ltr'>M.</span> <span class='ocrx_word' id='word_1_61' title='bbox 1464 783 1603 828; x_wconf 86' lang='lat' dir='ltr'>Atilio,</span> <span class='ocrx_word' id='word_1_62' title='bbox 1634 783 1910 836; x_wconf 74' lang='lat' dir='ltr'>QCaepione,</span> 
     </span>
     <span class='ocr_line' id='line_1_9' title="bbox 523 847 1912 900; baseline 0 -14"><span class='ocrx_word' id='word_1_63' title='bbox 523 848 588 886; x_wconf 88' lang='lat' dir='ltr'>M.</span> <span class='ocrx_word' id='word_1_64' title='bbox 609 849 772 900; x_wconf 87' lang='lat' dir='ltr'>Aquilio</span> <span class='ocrx_word' id='word_1_65' title='bbox 799 850 1017 888; x_wconf 83' lang='lat' dir='ltr'>recordatur</span> <span class='ocrx_word' id='word_1_66' title='bbox 1029 867 1042 894; x_wconf 89' lang='lat'>;</span> <span class='ocrx_word' id='word_1_67' title='bbox 1073 849 1299 900; x_wconf 84' lang='lat' dir='ltr'>beatamque</span> <span class='ocrx_word' id='word_1_68' title='bbox 1317 849 1451 893; x_wconf 90' lang='lat' dir='ltr'>vitam,</span> <span class='ocrx_word' id='word_1_69' title='bbox 1486 848 1513 886; x_wconf 89' lang='lat' dir='ltr'><strong>fi</strong></span> <span class='ocrx_word' id='word_1_70' title='bbox 1532 847 1766 900; x_wconf 82' lang='lat' dir='ltr'>imaginibus</span> <span class='ocrx_word' id='word_1_71' title='bbox 1785 849 1912 900; x_wconf 81' lang='lat' dir='ltr'>potius</span> 
     </span>
     <span class='ocr_line' id='line_1_10' title="bbox 522 913 1914 967; baseline 0.001 -17"><span class='ocrx_word' id='word_1_72' title='bbox 522 913 718 965; x_wconf 89' lang='lat' dir='ltr'>utiquam</span> <span class='ocrx_word' id='word_1_73' title='bbox 749 914 861 953; x_wconf 92' lang='lat' dir='ltr'>rebus</span> <span class='ocrx_word' id='word_1_74' title='bbox 891 914 979 967; x_wconf 89' lang='lat' dir='ltr'>ipfis</span> <span class='ocrx_word' id='word_1_75' title='bbox 998 913 1136 967; x_wconf 87' lang='lat' dir='ltr'>placet,</span> <span class='ocrx_word' id='word_1_76' title='bbox 1167 923 1372 952; x_wconf 89' lang='lat' dir='ltr'>conantem</span> <span class='ocrx_word' id='word_1_77' title='bbox 1401 914 1456 952; x_wconf 90' lang='lat' dir='ltr'>ire</span> <span class='ocrx_word' id='word_1_78' title='bbox 1485 914 1527 951; x_wconf 91' lang='lat' dir='ltr'>in</span> <span class='ocrx_word' id='word_1_79' title='bbox 1546 913 1756 966; x_wconf 90' lang='lat' dir='ltr'>equuleum</span> <span class='ocrx_word' id='word_1_80' title='bbox 1775 913 1914 951; x_wconf 83' lang='lat' dir='ltr'>retinet</span> 
     </span>
     <span class='ocr_line' id='line_1_11' title="bbox 520 977 1913 1034; baseline 0.001 -18"><span class='ocrx_word' id='word_1_81' title='bbox 520 977 599 1031; x_wconf 85' lang='lat' dir='ltr'>ipsa</span> <span class='ocrx_word' id='word_1_82' title='bbox 616 979 831 1032; x_wconf 87' lang='lat' dir='ltr'>prudentia,</span> <span class='ocrx_word' id='word_1_83' title='bbox 852 989 1040 1034; x_wconf 87' lang='lat' dir='ltr'>negatque</span> <span class='ocrx_word' id='word_1_84' title='bbox 1057 979 1093 1018; x_wconf 90' lang='lat' dir='ltr'>ei</span> <span class='ocrx_word' id='word_1_85' title='bbox 1111 994 1204 1019; x_wconf 92' lang='lat' dir='ltr'>cum</span> <span class='ocrx_word' id='word_1_86' title='bbox 1222 979 1352 1019; x_wconf 89' lang='lat' dir='ltr'>dolore</span> <span class='ocrx_word' id='word_1_87' title='bbox 1370 989 1409 1018; x_wconf 91' lang='lat' dir='ltr'>et</span> <span class='ocrx_word' id='word_1_88' title='bbox 1428 979 1600 1019; x_wconf 86' lang='lat' dir='ltr'>cruciatu</span> <span class='ocrx_word' id='word_1_89' title='bbox 1614 980 1827 1033; x_wconf 87' lang='lat' dir='ltr'>quidquam</span> <span class='ocrx_word' id='word_1_90' title='bbox 1842 979 1913 1018; x_wconf 84' lang='lat' dir='ltr'>effe</span> 
     </span>
     <span class='ocr_line' id='line_1_12' title="bbox 515 1055 738 1084; baseline 0.009 -2"><span class='ocrx_word' id='word_1_91' title='bbox 515 1055 738 1084; x_wconf 88' lang='lat' dir='ltr'>commune.</span> 
     </span>
    </p>

    <p class='ocr_par' dir='ltr' id='par_1_4' title="bbox 512 1110 1912 2672">
     <span class='ocr_line' id='line_1_13' title="bbox 567 1110 1912 1165; baseline 0 -16"><span class='ocrx_word' id='word_1_92' title='bbox 567 1110 641 1149; x_wconf 85' lang='lat' dir='ltr'>Vl.</span> <span class='ocrx_word' id='word_1_93' title='bbox 672 1111 886 1150; x_wconf 64' lang='lat' dir='ltr'>MARcus.</span> <span class='ocrx_word' id='word_1_94' title='bbox 910 1112 1039 1151; x_wconf 89' lang='lat' dir='ltr'>Facile</span> <span class='ocrx_word' id='word_1_95' title='bbox 1056 1112 1193 1165; x_wconf 89' lang='lat' dir='ltr'>patior,</span> <span class='ocrx_word' id='word_1_96' title='bbox 1209 1121 1248 1150; x_wconf 93' lang='lat' dir='ltr'>te</span> <span class='ocrx_word' id='word_1_97' title='bbox 1265 1112 1335 1150; x_wconf 88' lang='lat' dir='ltr'>isto</span> <span class='ocrx_word' id='word_1_98' title='bbox 1354 1111 1472 1151; x_wconf 89' lang='lat' dir='ltr'>modo</span> <span class='ocrx_word' id='word_1_99' title='bbox 1490 1125 1598 1165; x_wconf 87' lang='lat' dir='ltr'>agere</span> <span class='ocrx_word' id='word_1_100' title='bbox 1609 1130 1621 1158; x_wconf 83' lang='lat'>;</span> <span class='ocrx_word' id='word_1_101' title='bbox 1642 1111 1709 1150; x_wconf 90' lang='lat' dir='ltr'>etfi</span> <span class='ocrx_word' id='word_1_102' title='bbox 1728 1111 1912 1164; x_wconf 82' lang='lat' dir='ltr'>iniquum</span> 
     </span>
     <span class='ocr_line' id='line_1_14' title="bbox 518 1175 1908 1231; baseline 0.001 -18"><span class='ocrx_word' id='word_1_103' title='bbox 518 1175 574 1214; x_wconf 88' lang='lat' dir='ltr'>est</span> <span class='ocrx_word' id='word_1_104' title='bbox 604 1176 843 1228; x_wconf 82' lang='lat' dir='ltr'>praescribere</span> <span class='ocrx_word' id='word_1_105' title='bbox 875 1176 975 1217; x_wconf 82' lang='lat' dir='ltr'>mihi</span> <span class='ocrx_word' id='word_1_106' title='bbox 1003 1186 1056 1223; x_wconf 86' lang='lat' dir='ltr'>te,</span> <span class='ocrx_word' id='word_1_107' title='bbox 1086 1178 1416 1230; x_wconf 89' lang='lat' dir='ltr'>quemadmodum</span> <span class='ocrx_word' id='word_1_108' title='bbox 1448 1191 1470 1216; x_wconf 85' lang='lat' dir='ltr'>a</span> <span class='ocrx_word' id='word_1_109' title='bbox 1498 1191 1562 1216; x_wconf 90' lang='lat' dir='ltr'>me</span> <span class='ocrx_word' id='word_1_110' title='bbox 1590 1177 1772 1231; x_wconf 87' lang='lat' dir='ltr'>disputari</span> <span class='ocrx_word' id='word_1_111' title='bbox 1799 1177 1908 1215; x_wconf 88' lang='lat' dir='ltr'>velis.</span> 
     </span>
     <span class='ocr_line' id='line_1_15' title="bbox 518 1240 1906 1296; baseline 0.002 -18"><span class='ocrx_word' id='word_1_112' title='bbox 518 1241 592 1279; x_wconf 89' lang='lat' dir='ltr'>Sed</span> <span class='ocrx_word' id='word_1_113' title='bbox 611 1255 754 1294; x_wconf 82' lang='lat' dir='ltr'>quaero‚</span> <span class='ocrx_word' id='word_1_114' title='bbox 783 1240 914 1281; x_wconf 69' lang='lat' dir='ltr'>utrum</span> <span class='ocrx_word' id='word_1_115' title='bbox 934 1243 1083 1296; x_wconf 86' lang='lat' dir='ltr'>aliquid</span> <span class='ocrx_word' id='word_1_116' title='bbox 1112 1246 1241 1282; x_wconf 64' lang='lat' dir='ltr'>aetum</span> <span class='ocrx_word' id='word_1_117' title='bbox 1264 1243 1515 1296; x_wconf 83' lang='lat' dir='ltr'>superioribus</span> <span class='ocrx_word' id='word_1_118' title='bbox 1534 1243 1683 1289; x_wconf 88' lang='lat' dir='ltr'>diebus,</span> <span class='ocrx_word' id='word_1_119' title='bbox 1714 1256 1761 1282; x_wconf 85' lang='lat' dir='ltr'>an</span> <span class='ocrx_word' id='word_1_120' title='bbox 1791 1241 1906 1287; x_wconf 88' lang='lat' dir='ltr'>nihil,</span> 
     </span>
     <span class='ocr_line' id='line_1_16' title="bbox 517 1306 1907 1361; baseline 0.001 -17"><span class='ocrx_word' id='word_1_121' title='bbox 517 1306 777 1346; x_wconf 89' lang='lat' dir='ltr'>arbitremur?</span> <span class='ocrx_word' id='word_1_122' title='bbox 824 1309 1054 1347; x_wconf 81' lang='lat' dir='ltr'>AumToR.</span> <span class='ocrx_word' id='word_1_123' title='bbox 1084 1310 1231 1347; x_wconf 60' lang='lat' dir='ltr'>Actum</span> <span class='ocrx_word' id='word_1_124' title='bbox 1260 1322 1363 1354; x_wconf 92' lang='lat' dir='ltr'>vero,</span> <span class='ocrx_word' id='word_1_125' title='bbox 1393 1317 1431 1346; x_wconf 92' lang='lat' dir='ltr'>et</span> <span class='ocrx_word' id='word_1_126' title='bbox 1463 1309 1704 1361; x_wconf 88' lang='lat' dir='ltr'>aliquantum</span> <span class='ocrx_word' id='word_1_127' title='bbox 1732 1309 1907 1360; x_wconf 90' lang='lat' dir='ltr'>quidem.</span> 
     </span>
     <span class='ocr_line' id='line_1_17' title="bbox 517 1371 1911 1428; baseline 0 -17"><span class='ocrx_word' id='word_1_128' title='bbox 517 1371 734 1412; x_wconf 80' lang='lat' dir='ltr'>MARcus.</span> <span class='ocrx_word' id='word_1_129' title='bbox 756 1374 895 1426; x_wconf 92' lang='lat' dir='ltr'>Atqui,</span> <span class='ocrx_word' id='word_1_130' title='bbox 916 1374 943 1414; x_wconf 82' lang='lat' dir='ltr'>fi</span> <span class='ocrx_word' id='word_1_131' title='bbox 962 1374 1015 1412; x_wconf 88' lang='lat' dir='ltr'>ita</span> <span class='ocrx_word' id='word_1_132' title='bbox 1031 1374 1098 1419; x_wconf 91' lang='lat' dir='ltr'>est,</span> <span class='ocrx_word' id='word_1_133' title='bbox 1118 1374 1316 1428; x_wconf 88' lang='lat' dir='ltr'>profligata</span> <span class='ocrx_word' id='word_1_134' title='bbox 1328 1375 1411 1426; x_wconf 88' lang='lat' dir='ltr'>jam</span> <span class='ocrx_word' id='word_1_135' title='bbox 1430 1373 1511 1412; x_wconf 81' lang='lat' dir='ltr'>haec</span> <span class='ocrx_word' id='word_1_136' title='bbox 1527 1383 1566 1413; x_wconf 88' lang='lat' dir='ltr'>et</span> <span class='ocrx_word' id='word_1_137' title='bbox 1580 1387 1676 1427; x_wconf 91' lang='lat' dir='ltr'>pene</span> <span class='ocrx_word' id='word_1_138' title='bbox 1695 1373 1742 1411; x_wconf 90' lang='lat' dir='ltr'>ad</span> <span class='ocrx_word' id='word_1_139' title='bbox 1760 1374 1911 1412; x_wconf 83' lang='lat' dir='ltr'>exitum</span> 
     </span>
     <span class='ocr_line' id='line_1_18' title="bbox 517 1437 1908 1493; baseline 0.001 -18"><span class='ocrx_word' id='word_1_140' title='bbox 517 1437 678 1477; x_wconf 70' lang='lat' dir='ltr'>addue‘ta</span> <span class='ocrx_word' id='word_1_141' title='bbox 695 1438 852 1491; x_wconf 87' lang='lat' dir='ltr'>quaestio</span> <span class='ocrx_word' id='word_1_142' title='bbox 870 1439 936 1478; x_wconf 91' lang='lat' dir='ltr'>est.</span> <span class='ocrx_word' id='word_1_143' title='bbox 978 1442 1206 1478; x_wconf 77' lang='lat' dir='ltr'>AumToR.</span> <span class='ocrx_word' id='word_1_144' title='bbox 1229 1441 1321 1493; x_wconf 85' lang='lat' dir='ltr'>Qo</span> <span class='ocrx_word' id='word_1_145' title='bbox 1341 1439 1495 1479; x_wconf 89' lang='lat' dir='ltr'>tandem</span> <span class='ocrx_word' id='word_1_146' title='bbox 1515 1439 1662 1479; x_wconf 87' lang='lat' dir='ltr'>modo?</span> <span class='ocrx_word' id='word_1_147' title='bbox 1692 1439 1908 1478; x_wconf 53' lang='lat' dir='ltr'>Mancus.</span> 
     </span>
     <span class='ocr_line' id='line_1_19' title="bbox 517 1503 1909 1559; baseline 0.001 -18"><span class='ocrx_word' id='word_1_148' title='bbox 517 1503 623 1554; x_wconf 84' lang='lat' dir='ltr'>Qia</span> <span class='ocrx_word' id='word_1_149' title='bbox 641 1513 770 1542; x_wconf 90' lang='lat' dir='ltr'>motus</span> <span class='ocrx_word' id='word_1_150' title='bbox 790 1505 1018 1551; x_wconf 88' lang='lat' dir='ltr'>turbulenti,</span> <span class='ocrx_word' id='word_1_151' title='bbox 1033 1506 1331 1559; x_wconf 67' lang='lat' dir='ltr'>jaCtationesque</span> <span class='ocrx_word' id='word_1_152' title='bbox 1349 1506 1568 1545; x_wconf 87' lang='lat' dir='ltr'>animorum</span> <span class='ocrx_word' id='word_1_153' title='bbox 1588 1506 1754 1544; x_wconf 85' lang='lat' dir='ltr'>incitatae</span> <span class='ocrx_word' id='word_1_154' title='bbox 1772 1514 1812 1543; x_wconf 91' lang='lat' dir='ltr'>et</span> <span class='ocrx_word' id='word_1_155' title='bbox 1829 1505 1909 1544; x_wconf 89' lang='lat' dir='ltr'>im-</span> 
     </span>
     <span class='ocr_line' id='line_1_20' title="bbox 515 1569 1907 1624; baseline 0.003 -18"><span class='ocrx_word' id='word_1_156' title='bbox 515 1577 611 1620; x_wconf 87' lang='lat' dir='ltr'>petu</span> <span class='ocrx_word' id='word_1_157' title='bbox 629 1569 902 1608; x_wconf 89' lang='lat' dir='ltr'>inconfiderato</span> <span class='ocrx_word' id='word_1_158' title='bbox 921 1570 1040 1615; x_wconf 84' lang='lat' dir='ltr'>elatae,</span> <span class='ocrx_word' id='word_1_159' title='bbox 1060 1571 1248 1609; x_wconf 87' lang='lat' dir='ltr'>rationem</span> <span class='ocrx_word' id='word_1_160' title='bbox 1268 1585 1426 1609; x_wconf 89' lang='lat' dir='ltr'>omnem</span> <span class='ocrx_word' id='word_1_161' title='bbox 1445 1571 1684 1624; x_wconf 82' lang='lat' dir='ltr'>repellentes,</span> <span class='ocrx_word' id='word_1_162' title='bbox 1710 1571 1798 1609; x_wconf 86' lang='lat' dir='ltr'>vitae</span> <span class='ocrx_word' id='word_1_163' title='bbox 1817 1571 1907 1609; x_wconf 84' lang='lat' dir='ltr'>bea-</span> 
     </span>
     <span class='ocr_line' id='line_1_21' title="bbox 515 1635 1908 1690; baseline 0.002 -18"><span class='ocrx_word' id='word_1_164' title='bbox 515 1641 565 1672; x_wconf 84' lang='lat' dir='ltr'>tae</span> <span class='ocrx_word' id='word_1_165' title='bbox 598 1635 746 1673; x_wconf 89' lang='lat' dir='ltr'>nullam</span> <span class='ocrx_word' id='word_1_166' title='bbox 772 1643 919 1687; x_wconf 89' lang='lat' dir='ltr'>partem</span> <span class='ocrx_word' id='word_1_167' title='bbox 948 1635 1184 1688; x_wconf 90' lang='lat' dir='ltr'>relinquunt.</span> <span class='ocrx_word' id='word_1_168' title='bbox 1217 1637 1316 1688; x_wconf 82' lang='lat' dir='ltr'>Qis</span> <span class='ocrx_word' id='word_1_169' title='bbox 1348 1637 1454 1674; x_wconf 90' lang='lat' dir='ltr'>enim</span> <span class='ocrx_word' id='word_1_170' title='bbox 1479 1636 1612 1690; x_wconf 91' lang='lat' dir='ltr'>potest,</span> <span class='ocrx_word' id='word_1_171' title='bbox 1644 1646 1810 1675; x_wconf 89' lang='lat' dir='ltr'>mortem</span> <span class='ocrx_word' id='word_1_172' title='bbox 1842 1645 1908 1674; x_wconf 88' lang='lat' dir='ltr'>aut</span> 
     </span>
     <span class='ocr_line' id='line_1_22' title="bbox 516 1697 1907 1754; baseline 0.002 -18"><span class='ocrx_word' id='word_1_173' title='bbox 516 1697 689 1737; x_wconf 91' lang='lat' dir='ltr'>dolorem</span> <span class='ocrx_word' id='word_1_174' title='bbox 711 1708 900 1744; x_wconf 87' lang='lat' dir='ltr'>metuens,</span> <span class='ocrx_word' id='word_1_175' title='bbox 931 1713 1098 1752; x_wconf 91' lang='lat' dir='ltr'>quorum</span> <span class='ocrx_word' id='word_1_176' title='bbox 1128 1701 1290 1739; x_wconf 87' lang='lat' dir='ltr'>alterum</span> <span class='ocrx_word' id='word_1_177' title='bbox 1309 1701 1403 1754; x_wconf 84' lang='lat' dir='ltr'>saepe</span> <span class='ocrx_word' id='word_1_178' title='bbox 1433 1701 1546 1746; x_wconf 86' lang='lat' dir='ltr'>adest,</span> <span class='ocrx_word' id='word_1_179' title='bbox 1578 1702 1741 1740; x_wconf 86' lang='lat' dir='ltr'>alterum</span> <span class='ocrx_word' id='word_1_180' title='bbox 1761 1701 1907 1754; x_wconf 89' lang='lat' dir='ltr'>semper</span> 
     </span>
     <span class='ocr_line' id='line_1_23' title="bbox 516 1763 1904 1819; baseline 0.003 -18"><span class='ocrx_word' id='word_1_181' title='bbox 516 1763 728 1816; x_wconf 88' lang='lat' dir='ltr'>impendet,</span> <span class='ocrx_word' id='word_1_182' title='bbox 758 1763 830 1801; x_wconf 85' lang='lat' dir='ltr'>effe</span> <span class='ocrx_word' id='word_1_183' title='bbox 849 1777 927 1802; x_wconf 89' lang='lat' dir='ltr'>non</span> <span class='ocrx_word' id='word_1_184' title='bbox 947 1764 1090 1802; x_wconf 83' lang='lat' dir='ltr'>miser?</span> <span class='ocrx_word' id='word_1_185' title='bbox 1121 1765 1242 1816; x_wconf 86' lang='lat' dir='ltr'>Qid‚</span> <span class='ocrx_word' id='word_1_186' title='bbox 1260 1765 1287 1803; x_wconf 87' lang='lat' dir='ltr'>fi</span> <span class='ocrx_word' id='word_1_187' title='bbox 1306 1765 1409 1804; x_wconf 90' lang='lat' dir='ltr'>idem</span> <span class='ocrx_word' id='word_1_188' title='bbox 1441 1766 1568 1818; x_wconf 91' lang='lat' dir='ltr'>(quod</span> <span class='ocrx_word' id='word_1_189' title='bbox 1588 1767 1815 1819; x_wconf 89' lang='lat' dir='ltr'>plerumque</span> <span class='ocrx_word' id='word_1_190' title='bbox 1836 1766 1904 1818; x_wconf 87' lang='lat' dir='ltr'>fit)</span> 
     </span>
     <span class='ocr_line' id='line_1_24' title="bbox 515 1829 1904 1883; baseline 0.004 -17"><span class='ocrx_word' id='word_1_191' title='bbox 515 1838 791 1883; x_wconf 88' lang='lat' dir='ltr'>paupertatem,</span> <span class='ocrx_word' id='word_1_192' title='bbox 821 1829 1094 1882; x_wconf 88' lang='lat' dir='ltr'>ignominiam,</span> <span class='ocrx_word' id='word_1_193' title='bbox 1116 1829 1318 1869; x_wconf 88' lang='lat' dir='ltr'>infamiam</span> <span class='ocrx_word' id='word_1_194' title='bbox 1337 1831 1472 1876; x_wconf 81' lang='lat' dir='ltr'>timet;</span> <span class='ocrx_word' id='word_1_195' title='bbox 1504 1832 1529 1873; x_wconf 71' lang='lat' dir='ltr'>si</span> <span class='ocrx_word' id='word_1_196' title='bbox 1547 1832 1799 1877; x_wconf 86' lang='lat' dir='ltr'>debilitatem,</span> <span class='ocrx_word' id='word_1_197' title='bbox 1829 1846 1904 1871; x_wconf 71' lang='grc' dir='ltr'>ειε-</span> 
     </span>
     <span class='ocr_line' id='line_1_25' title="bbox 516 1894 1905 1950; baseline 0.003 -19"><span class='ocrx_word' id='word_1_198' title='bbox 516 1895 673 1933; x_wconf 87' lang='lat' dir='ltr'>citatem</span> <span class='ocrx_word' id='word_1_199' title='bbox 690 1913 702 1939; x_wconf 63' lang='grc' dir='ltr'><strong><em>ς</em></strong></span> <span class='ocrx_word' id='word_1_200' title='bbox 734 1895 760 1933; x_wconf 79' lang='lat' dir='ltr'>si</span> <span class='ocrx_word' id='word_1_201' title='bbox 780 1894 958 1947; x_wconf 85' lang='lat' dir='ltr'>denique,</span> <span class='ocrx_word' id='word_1_202' title='bbox 986 1896 1089 1948; x_wconf 91' lang='lat' dir='ltr'>quod</span> <span class='ocrx_word' id='word_1_203' title='bbox 1109 1909 1185 1935; x_wconf 91' lang='lat' dir='ltr'>non</span> <span class='ocrx_word' id='word_1_204' title='bbox 1205 1896 1361 1949; x_wconf 88' lang='lat' dir='ltr'>fingulis</span> <span class='ocrx_word' id='word_1_205' title='bbox 1380 1895 1622 1942; x_wconf 88' lang='lat' dir='ltr'>hominibus,</span> <span class='ocrx_word' id='word_1_206' title='bbox 1655 1897 1715 1935; x_wconf 88' lang='lat' dir='ltr'>sed</span> <span class='ocrx_word' id='word_1_207' title='bbox 1735 1898 1905 1950; x_wconf 90' lang='lat' dir='ltr'>potenti-</span> 
     </span>
     <span class='ocr_line' id='line_1_26' title="bbox 517 1958 1906 2013; baseline 0.004 -18"><span class='ocrx_word' id='word_1_208' title='bbox 517 1958 589 1996; x_wconf 91' lang='lat' dir='ltr'>bus</span> <span class='ocrx_word' id='word_1_209' title='bbox 620 1958 772 2011; x_wconf 90' lang='lat' dir='ltr'>populis</span> <span class='ocrx_word' id='word_1_210' title='bbox 802 1958 897 2010; x_wconf 72' lang='lat' dir='ltr'>saepe</span> <span class='ocrx_word' id='word_1_211' title='bbox 929 1960 1136 2012; x_wconf 88' lang='lat' dir='ltr'>contingit,</span> <span class='ocrx_word' id='word_1_212' title='bbox 1171 1960 1389 1999; x_wconf 90' lang='lat' dir='ltr'>servitutem</span> <span class='ocrx_word' id='word_1_213' title='bbox 1406 1979 1418 2005; x_wconf 67' lang='grc' dir='ltr'><strong><em>ς</em></strong></span> <span class='ocrx_word' id='word_1_214' title='bbox 1451 1961 1569 2013; x_wconf 88' lang='lat' dir='ltr'>potest</span> <span class='ocrx_word' id='word_1_215' title='bbox 1602 1975 1644 1999; x_wconf 87' lang='lat' dir='ltr'>ea</span> <span class='ocrx_word' id='word_1_216' title='bbox 1674 1963 1815 2000; x_wconf 88' lang='lat' dir='ltr'>timens</span> <span class='ocrx_word' id='word_1_217' title='bbox 1834 1961 1906 2000; x_wconf 83' lang='lat' dir='ltr'>esse</span> 
     </span>
     <span class='ocr_line' id='line_1_27' title="bbox 512 2023 1903 2076; baseline 0.003 -15"><span class='ocrx_word' id='word_1_218' title='bbox 512 2023 721 2075; x_wconf 86' lang='lat' dir='ltr'>quisquam</span> <span class='ocrx_word' id='word_1_219' title='bbox 742 2024 873 2061; x_wconf 86' lang='lat' dir='ltr'>beatus</span> <span class='ocrx_word' id='word_1_220' title='bbox 892 2023 905 2060; x_wconf 92' lang='lat'>?</span> <span class='ocrx_word' id='word_1_221' title='bbox 936 2024 1057 2076; x_wconf 84' lang='lat' dir='ltr'>Qid,</span> <span class='ocrx_word' id='word_1_222' title='bbox 1088 2025 1157 2076; x_wconf 91' lang='lat' dir='ltr'>qui</span> <span class='ocrx_word' id='word_1_223' title='bbox 1177 2039 1253 2064; x_wconf 89' lang='lat' dir='ltr'>non</span> <span class='ocrx_word' id='word_1_224' title='bbox 1274 2026 1389 2064; x_wconf 93' lang='lat' dir='ltr'>modo</span> <span class='ocrx_word' id='word_1_225' title='bbox 1413 2039 1455 2063; x_wconf 93' lang='lat' dir='ltr'>ea</span> <span class='ocrx_word' id='word_1_226' title='bbox 1474 2025 1601 2064; x_wconf 87' lang='lat' dir='ltr'>futura</span> <span class='ocrx_word' id='word_1_227' title='bbox 1623 2027 1748 2070; x_wconf 87' lang='lat' dir='ltr'>timet,</span> <span class='ocrx_word' id='word_1_228' title='bbox 1770 2040 1903 2065; x_wconf 82' lang='lat' dir='ltr'>verum</span> 
     </span>
     <span class='ocr_line' id='line_1_28' title="bbox 517 2087 1903 2143; baseline 0.002 -17"><span class='ocrx_word' id='word_1_229' title='bbox 517 2089 633 2127; x_wconf 88' lang='lat' dir='ltr'>etiam</span> <span class='ocrx_word' id='word_1_230' title='bbox 646 2087 720 2126; x_wconf 92' lang='lat' dir='ltr'>fert</span> <span class='ocrx_word' id='word_1_231' title='bbox 735 2087 964 2141; x_wconf 88' lang='lat' dir='ltr'>sustinetque</span> <span class='ocrx_word' id='word_1_232' title='bbox 979 2089 1172 2143; x_wconf 73' lang='lat' dir='ltr'>praesentia</span> <span class='ocrx_word' id='word_1_233' title='bbox 1187 2090 1200 2127; x_wconf 88' lang='lat'>?</span> <span class='ocrx_word' id='word_1_234' title='bbox 1223 2090 1333 2128; x_wconf 91' lang='lat' dir='ltr'>Adde</span> <span class='ocrx_word' id='word_1_235' title='bbox 1352 2089 1487 2128; x_wconf 76' lang='lat' dir='ltr'>eodem</span> <span class='ocrx_word' id='word_1_236' title='bbox 1502 2090 1629 2136; x_wconf 81' lang='lat' dir='ltr'>exilia,</span> <span class='ocrx_word' id='word_1_237' title='bbox 1644 2090 1781 2135; x_wconf 67' lang='lat' dir='ltr'>lue&#39;tus,</span> <span class='ocrx_word' id='word_1_238' title='bbox 1796 2092 1903 2129; x_wconf 85' lang='lat' dir='ltr'>orbi-</span> 
     </span>
     <span class='ocr_line' id='line_1_29' title="bbox 518 2154 1903 2210; baseline 0.002 -17"><span class='ocrx_word' id='word_1_239' title='bbox 518 2164 625 2194; x_wconf 84' lang='lat' dir='ltr'>tates.</span> <span class='ocrx_word' id='word_1_240' title='bbox 643 2156 725 2207; x_wconf 83' lang='lat' dir='ltr'>Qi</span> <span class='ocrx_word' id='word_1_241' title='bbox 742 2155 852 2193; x_wconf 86' lang='lat' dir='ltr'>rebus</span> <span class='ocrx_word' id='word_1_242' title='bbox 873 2154 932 2193; x_wconf 89' lang='lat' dir='ltr'>his</span> <span class='ocrx_word' id='word_1_243' title='bbox 949 2155 1088 2194; x_wconf 59' lang='lat' dir='ltr'>fractus</span> <span class='ocrx_word' id='word_1_244' title='bbox 1104 2156 1327 2209; x_wconf 82' lang='lat' dir='ltr'>aegritudine</span> <span class='ocrx_word' id='word_1_245' title='bbox 1342 2156 1510 2201; x_wconf 86' lang='lat' dir='ltr'>eliditur,</span> <span class='ocrx_word' id='word_1_246' title='bbox 1528 2157 1648 2210; x_wconf 84' lang='lat' dir='ltr'>potest</span> <span class='ocrx_word' id='word_1_247' title='bbox 1665 2157 1816 2196; x_wconf 80' lang='lat' dir='ltr'>tandem</span> <span class='ocrx_word' id='word_1_248' title='bbox 1833 2157 1903 2196; x_wconf 77' lang='lat' dir='ltr'>effe</span> 
     </span>
     <span class='ocr_line' id='line_1_30' title="bbox 518 2220 1900 2274; baseline 0.002 -16"><span class='ocrx_word' id='word_1_249' title='bbox 518 2234 595 2258; x_wconf 91' lang='lat' dir='ltr'>non</span> <span class='ocrx_word' id='word_1_250' title='bbox 617 2220 877 2259; x_wconf 87' lang='lat' dir='ltr'>miserrimus?</span> <span class='ocrx_word' id='word_1_251' title='bbox 952 2221 1016 2259; x_wconf 89' lang='lat' dir='ltr'>uid</span> <span class='ocrx_word' id='word_1_252' title='bbox 1036 2235 1124 2260; x_wconf 89' lang='lat' dir='ltr'>vero</span> <span class='ocrx_word' id='word_1_253' title='bbox 1142 2221 1270 2268; x_wconf 90' lang='lat' dir='ltr'>illum,</span> <span class='ocrx_word' id='word_1_254' title='bbox 1301 2235 1418 2274; x_wconf 87' lang='lat' dir='ltr'>quem</span> <span class='ocrx_word' id='word_1_255' title='bbox 1439 2222 1664 2261; x_wconf 89' lang='lat' dir='ltr'>libidinibus</span> <span class='ocrx_word' id='word_1_256' title='bbox 1686 2222 1900 2262; x_wconf 81' lang='lat' dir='ltr'>inflamma-</span> 
     </span>
     <span class='ocr_line' id='line_1_31' title="bbox 518 2285 1901 2341; baseline 0.004 -18"><span class='ocrx_word' id='word_1_257' title='bbox 518 2295 602 2324; x_wconf 87' lang='lat' dir='ltr'>tum</span> <span class='ocrx_word' id='word_1_258' title='bbox 622 2296 660 2324; x_wconf 87' lang='lat' dir='ltr'>et</span> <span class='ocrx_word' id='word_1_259' title='bbox 680 2285 870 2325; x_wconf 88' lang='lat' dir='ltr'>furentem</span> <span class='ocrx_word' id='word_1_260' title='bbox 892 2287 1122 2333; x_wconf 84' lang='lat' dir='ltr'>videbimus,</span> <span class='ocrx_word' id='word_1_261' title='bbox 1152 2289 1283 2326; x_wconf 84' lang='lat' dir='ltr'>omnia</span> <span class='ocrx_word' id='word_1_262' title='bbox 1303 2288 1428 2326; x_wconf 83' lang='lat' dir='ltr'>rabide</span> <span class='ocrx_word' id='word_1_263' title='bbox 1457 2298 1699 2341; x_wconf 82' lang='lat' dir='ltr'>appetentem</span> <span class='ocrx_word' id='word_1_264' title='bbox 1726 2303 1818 2328; x_wconf 90' lang='lat' dir='ltr'>cum</span> <span class='ocrx_word' id='word_1_265' title='bbox 1839 2290 1901 2328; x_wconf 85' lang='lat' dir='ltr'>in-</span> 
     </span>
     <span class='ocr_line' id='line_1_32' title="bbox 515 2351 1900 2408; baseline 0.003 -19"><span class='ocrx_word' id='word_1_266' title='bbox 515 2352 698 2404; x_wconf 86' lang='lat' dir='ltr'>explebili</span> <span class='ocrx_word' id='word_1_267' title='bbox 719 2351 940 2404; x_wconf 85' lang='lat' dir='ltr'>cupiditate,</span> <span class='ocrx_word' id='word_1_268' title='bbox 971 2353 1125 2405; x_wconf 72' lang='lat' dir='ltr'>qudque</span> <span class='ocrx_word' id='word_1_269' title='bbox 1144 2353 1360 2392; x_wconf 84' lang='lat' dir='ltr'>affluentius</span> <span class='ocrx_word' id='word_1_270' title='bbox 1379 2354 1591 2407; x_wconf 79' lang='lat' dir='ltr'>voluptates</span> <span class='ocrx_word' id='word_1_271' title='bbox 1613 2355 1783 2408; x_wconf 90' lang='lat' dir='ltr'>undique</span> <span class='ocrx_word' id='word_1_272' title='bbox 1802 2354 1900 2394; x_wconf 81' lang='lat' dir='ltr'>hau-</span> 
     </span>
     <span class='ocr_line' id='line_1_33' title="bbox 517 2419 1899 2471; baseline 0.004 -16"><span class='ocrx_word' id='word_1_273' title='bbox 517 2420 600 2462; x_wconf 79' lang='lat' dir='ltr'>riat,</span> <span class='ocrx_word' id='word_1_274' title='bbox 627 2419 672 2456; x_wconf 72' lang='lat' dir='ltr'>co</span> <span class='ocrx_word' id='word_1_275' title='bbox 692 2419 840 2471; x_wconf 83' lang='lat' dir='ltr'>gravius</span> <span class='ocrx_word' id='word_1_276' title='bbox 860 2419 1122 2471; x_wconf 84' lang='lat' dir='ltr'>ardentiusque</span> <span class='ocrx_word' id='word_1_277' title='bbox 1143 2420 1345 2465; x_wconf 83' lang='lat' dir='ltr'>sitientem,</span> <span class='ocrx_word' id='word_1_278' title='bbox 1378 2435 1503 2459; x_wconf 81' lang='lat' dir='ltr'>nonne</span> <span class='ocrx_word' id='word_1_279' title='bbox 1525 2424 1621 2460; x_wconf 70' lang='lat' dir='ltr'>rcCte</span> <span class='ocrx_word' id='word_1_280' title='bbox 1641 2422 1899 2460; x_wconf 82' lang='lat' dir='ltr'>miserrimum</span> 
     </span>
     <span class='ocr_line' id='line_1_34' title="bbox 515 2484 1899 2538; baseline 0.004 -18"><span class='ocrx_word' id='word_1_281' title='bbox 515 2484 652 2521; x_wconf 80' lang='lat' dir='ltr'>dixeris</span> <span class='ocrx_word' id='word_1_282' title='bbox 671 2485 683 2521; x_wconf 89' lang='lat'>?</span> <span class='ocrx_word' id='word_1_283' title='bbox 715 2484 822 2537; x_wconf 84' lang='lat' dir='ltr'>Qid</span> <span class='ocrx_word' id='word_1_284' title='bbox 852 2484 971 2523; x_wconf 80' lang='lat' dir='ltr'>elatus</span> <span class='ocrx_word' id='word_1_285' title='bbox 1004 2485 1069 2523; x_wconf 87' lang='lat' dir='ltr'>ille</span> <span class='ocrx_word' id='word_1_286' title='bbox 1100 2485 1263 2531; x_wconf 82' lang='lat' dir='ltr'>levitate,</span> <span class='ocrx_word' id='word_1_287' title='bbox 1295 2486 1473 2538; x_wconf 83' lang='lat' dir='ltr'>inanique</span> <span class='ocrx_word' id='word_1_288' title='bbox 1503 2487 1633 2526; x_wconf 67' lang='lat' dir='ltr'>laetitia</span> <span class='ocrx_word' id='word_1_289' title='bbox 1661 2487 1834 2526; x_wconf 73' lang='lat' dir='ltr'>exultans</span> <span class='ocrx_word' id='word_1_290' title='bbox 1861 2497 1899 2525; x_wconf 85' lang='lat' dir='ltr'>et</span> 
     </span>
     <span class='ocr_line' id='line_1_35' title="bbox 516 2549 1897 2604; baseline 0.004 -20"><span class='ocrx_word' id='word_1_291' title='bbox 516 2557 656 2586; x_wconf 80' lang='lat' dir='ltr'>temere</span> <span class='ocrx_word' id='word_1_292' title='bbox 674 2549 847 2601; x_wconf 79' lang='lat' dir='ltr'>gestiens,</span> <span class='ocrx_word' id='word_1_293' title='bbox 878 2564 1003 2589; x_wconf 89' lang='lat' dir='ltr'>nonne</span> <span class='ocrx_word' id='word_1_294' title='bbox 1024 2559 1128 2590; x_wconf 88' lang='lat' dir='ltr'>tanto</span> <span class='ocrx_word' id='word_1_295' title='bbox 1159 2551 1340 2596; x_wconf 88' lang='lat' dir='ltr'>miserior,</span> <span class='ocrx_word' id='word_1_296' title='bbox 1372 2561 1515 2604; x_wconf 80' lang='lat' dir='ltr'>quanto</span> <span class='ocrx_word' id='word_1_297' title='bbox 1535 2553 1602 2591; x_wconf 81' lang='lat' dir='ltr'>fibi</span> <span class='ocrx_word' id='word_1_298' title='bbox 1629 2552 1778 2591; x_wconf 79' lang='lat' dir='ltr'>videtur</span> <span class='ocrx_word' id='word_1_299' title='bbox 1808 2551 1897 2589; x_wconf 81' lang='lat' dir='ltr'>bea-</span> 
     </span>
     <span class='ocr_line' id='line_1_36' title="bbox 515 2614 1896 2672; baseline 0.004 -21"><span class='ocrx_word' id='word_1_300' title='bbox 515 2614 587 2652; x_wconf 85' lang='lat' dir='ltr'>tior</span> <span class='ocrx_word' id='word_1_301' title='bbox 606 2615 618 2652; x_wconf 84' lang='lat'>?</span> <span class='ocrx_word' id='word_1_302' title='bbox 652 2616 768 2668; x_wconf 82' lang='lat' dir='ltr'>Ergo,</span> <span class='ocrx_word' id='word_1_303' title='bbox 801 2626 843 2654; x_wconf 90' lang='lat' dir='ltr'>ut</span> <span class='ocrx_word' id='word_1_304' title='bbox 861 2615 901 2655; x_wconf 86' lang='lat' dir='ltr'>hi</span> <span class='ocrx_word' id='word_1_305' title='bbox 927 2616 1066 2663; x_wconf 87' lang='lat' dir='ltr'>miseri,</span> <span class='ocrx_word' id='word_1_306' title='bbox 1097 2618 1145 2658; x_wconf 83' lang='lat' dir='ltr'>sic</span> <span class='ocrx_word' id='word_1_307' title='bbox 1165 2616 1297 2658; x_wconf 52' lang='lat' dir='ltr'>contr&amp;</span> <span class='ocrx_word' id='word_1_308' title='bbox 1315 2617 1374 2657; x_wconf 84' lang='lat' dir='ltr'>illi</span> <span class='ocrx_word' id='word_1_309' title='bbox 1395 2618 1506 2666; x_wconf 77' lang='lat' dir='ltr'>beati,</span> <span class='ocrx_word' id='word_1_310' title='bbox 1538 2632 1634 2672; x_wconf 82' lang='lat' dir='ltr'>quos</span> <span class='ocrx_word' id='word_1_311' title='bbox 1655 2618 1750 2657; x_wconf 82' lang='lat' dir='ltr'>nulli</span> <span class='ocrx_word' id='word_1_312' title='bbox 1772 2628 1896 2657; x_wconf 82' lang='lat' dir='ltr'>metus</span> 
     </span>
    </p>
   </div>
  </div>
 </body>
</html>
