2330 2983
720 246 994 285 LIBER
1052 243 1482 296 QurNTUS.
1723 243 1797 294 385

411 346 609 384 summum
628 345 791 388 bonum,
821 344 862 381 in
891 343 1060 395 ejusdem
1079 342 1155 379 vita
1185 343 1292 380 beata
1312 342 1380 380 fit:
1413 342 1465 380 ita
1485 339 1529 378 fit
1552 339 1696 392 semper
1722 339 1799 376 vita

412 412 520 450 beata
537 410 727 464 sapientis.
773 409 920 453 Habes,
941 421 1026 459 quae
1045 406 1245 445 fortiffime
1265 407 1311 444 de
1331 407 1440 444 beata
1459 407 1535 444 vita
1554 406 1630 443 dici
1651 414 1798 458 putem,

411 485 462 520 et,
493 488 570 527 quo
591 474 708 512 modo
726 485 830 511 nunc
850 472 918 517 est,
949 471 1017 510 nisi
1037 471 1133 523 quid
1159 480 1201 509 tu
1222 469 1360 508 melius
1387 471 1572 514 attuleris,
1598 470 1713 508 etiam
1735 483 1799 507 ve-

413 539 564 579 flffime

438 605 590 644 XXIX.
613 605 840 643 AUD1TOR.
856 601 1002 641 Melius
1016 601 1173 653 quidem
1191 599 1321 639 afferre
1338 599 1437 638 nihil
1453 599 1600 653 poffum
1618 615 1626 638 :
1649 599 1710 637 sed
1727 612 1746 636 a
1766 609 1802 636 te

410 670 649 723 impetrarim
669 669 846 713 libenter,
869 667 937 705 nisi
958 667 1162 705 molestum
1177 667 1235 710 fit,
1255 666 1458 718 (quoniam
1480 676 1516 704 te
1531 665 1637 703 nulla
1651 664 1803 703 vincula

411 736 631 789 impediunt
650 734 765 773 ullius
795 743 907 772 certae
926 732 1149 786 disciplinae,
1180 731 1349 784 libasque
1379 745 1425 769 ex
1447 731 1644 776 omnibus,
1678 731 1802 783 quod-

412 815 566 854 cunque
585 811 622 839 te
641 801 809 839 maxime
829 799 951 852 specie
970 799 1136 837 veritatis
1157 798 1306 849 movet)
1342 798 1448 850 quod
1478 798 1592 850 paulo
1612 807 1699 836 ante
1730 798 1802 836 Pe-

412 868 630 921 ripateticos
649 876 897 918 veteremque
916 865 1166 904 Academiam
1186 863 1329 903 hortari
1354 863 1542 909 videbare,
1574 873 1618 902 ut
1647 864 1722 902 fine
1743 878 1802 901 re-

413 935 633 973 tractatione
652 934 770 971 libere
789 933 912 971 dicere
926 932 1119 976 auderent,
1134 931 1315 984 sapientes
1327 930 1399 969 effe
1419 930 1565 983 semper
1581 930 1802 982 beatfftn055

413 1000 453 1038 id
473 999 590 1037 velim
609 998 752 1042 audire,
779 997 1112 1050 quemadmodum
1131 995 1191 1035 his
1211 1005 1321 1049 putes
1349 995 1646 1033 consentaneum
1665 995 1734 1033 effe
1766 995 1805 1032 id

412 1065 550 1103 dicere.
582 1064 716 1102 Multa
733 1064 841 1102 enim
860 1076 880 1100 a
901 1072 937 1101 te
967 1071 1100 1101 contra
1119 1061 1228 1100 istam
1253 1061 1480 1099 sententiam
1507 1060 1607 1098 dista
1638 1060 1737 1104 sunt,
1768 1069 1806 1097 et

412 1131 632 1169 Stoicorum
650 1130 796 1168 ratione
814 1128 1005 1167 conclusa.

466 1195 682 1234 MARCUS.
704 1195 874 1233 Utamur
892 1194 1011 1246 igitur
1029 1192 1219 1236 libertate,
1244 1205 1320 1244 qua
1339 1192 1450 1230 nobis
1467 1192 1555 1230 solis
1576 1192 1615 1230 in
1636 1191 1805 1244 philoso-

413 1260 505 1315 phia
533 1262 626 1300 licet
644 1261 701 1298 uti
717 1278 730 1305 3
761 1274 929 1314 quorum
948 1259 1070 1297 oratio
1089 1258 1189 1297 nihil
1209 1258 1287 1311 ipsa
1305 1258 1467 1310 judicat,
1498 1258 1559 1296 sed
1578 1257 1740 1296 habetur
1766 1259 1806 1297 in

414 1341 548 1366 omnes
569 1336 706 1379 partes,
738 1336 780 1364 ut
810 1326 856 1364 ab
876 1326 960 1364 aliis
979 1325 1091 1379 poffit
1110 1325 1188 1378 ipsa
1218 1338 1284 1377 per
1307 1324 1393 1369 sese,
1423 1324 1568 1362 nullius
1588 1324 1808 1363 auctoritate

415 1394 604 1445 adjunsta,
630 1392 809 1445 judicari.
855 1393 908 1430 Et
927 1391 1113 1444 quoniam
1133 1390 1271 1429 videris
1291 1389 1367 1429 hoc
1387 1390 1497 1435 velle,
1533 1400 1590 1435 ut,
1622 1403 1806 1442 quaecun-

415 1473 491 1512 que
511 1459 811 1497 dissentientium
830 1457 1148 1511 philosophorum
1168 1457 1351 1495 sententia
1369 1457 1414 1494 fit
1434 1456 1480 1494 de
1501 1456 1658 1500 finibus,
1679 1466 1808 1493 tamen

416 1526 535 1564 virtus
554 1525 638 1563 satis
669 1524 806 1562 habeat
825 1524 871 1561 ad
900 1524 1020 1561 vitam
1040 1523 1188 1560 beatam
1208 1521 1382 1574 praefidii,
1408 1521 1512 1573 quod
1531 1520 1691 1572 quidem
1712 1522 1807 1559 Car-

415 1591 575 1630 neadem
596 1590 784 1643 disputare
803 1589 959 1627 solitum
979 1589 1197 1641 accepimus
1214 1606 1225 1632 ς
1258 1587 1318 1626 sed
1337 1588 1384 1632 is,
1418 1596 1460 1625 ut
1493 1596 1626 1626 contra
1646 1587 1807 1632 Stoicos,

416 1669 514 1709 quos
534 1654 793 1694 studiofiffime
812 1654 958 1707 semper
989 1652 1198 1697 refellebat,
1228 1662 1266 1690 et
1291 1662 1423 1690 contra
1448 1666 1615 1704 quorum
1636 1652 1808 1704 discipli-

417 1735 506 1760 nam
526 1720 727 1774 ingenium
747 1721 827 1772 ejus
847 1719 1028 1758 exarserat
1043 1736 1055 1761 ;
1087 1731 1156 1756 nos
1175 1717 1273 1755 illud
1304 1717 1464 1768 quidem
1484 1729 1576 1754 cum
1596 1729 1687 1769 pace
1720 1730 1809 1768 age-

417 1800 518 1825 mus.
564 1787 602 1824 Si
622 1786 728 1824 enim
748 1786 866 1823 Stoici
896 1784 990 1823 fines
1021 1784 1215 1822 bonorum
1247 1783 1346 1820 reete
1373 1781 1605 1834 posuerunt;
1636 1780 1810 1819 confecta

417 1864 473 1889 res
494 1851 572 1888 est:
605 1848 746 1887 necesse
775 1848 827 1886 est
846 1848 994 1901 semper
1024 1847 1180 1886 beatum
1210 1846 1280 1884 esse
1306 1845 1526 1899 sapientem.
1572 1846 1643 1884 Sed
1664 1859 1808 1898 quaera·

418 1929 505 1954 mus
527 1928 840 1967 unamquamque
859 1914 1094 1966 reliquorum
1113 1912 1352 1956 sententiam,
1369 1912 1395 1950 fi
1415 1911 1496 1950 fieri
1516 1911 1651 1964 potest,
1673 1920 1715 1949 ut
1736 1910 1809 1950 hoc

417 1981 643 2034 praeclarum
669 1980 772 2032 quasl
802 1980 1001 2019 decretum
1031 1979 1149 2018 beatae
1168 1978 1255 2017 vitae
1283 1977 1397 2032 poffit
1415 1977 1594 2016 omnium
1615 1977 1809 2016 sententiis

417 2058 457 2087 et
476 2047 687 2101 disciplinis
706 2047 922 2085 convenire.

475 2115 606 2152 XXX.
639 2115 734 2151 Sunt
753 2122 880 2151 autern
901 2112 959 2151 hae
978 2113 1024 2151 de
1044 2108 1200 2156 finibus,
1222 2121 1265 2149 ut
1285 2111 1434 2163 opinor,
1457 2119 1608 2150 retentae
1629 2109 1808 2148 defensae-

421 2193 497 2232 que
527 2179 742 2218 sententiae:
777 2180 949 2232 primum
979 2178 1167 2231 fimplices
1189 2187 1378 2230 quatuor:
1411 2176 1526 2216 Nihil
1548 2178 1709 2220 bonum,
1742 2177 1809 2214 nisi

423 2245 638 2290 honestum,
671 2255 714 2282 ut
745 2246 888 2284 Stoici:
925 2244 1040 2284 Nihil
1076 2245 1239 2289 bonum,
1270 2243 1337 2282 nifi
1367 2243 1617 2296 voluptatem,
1648 2252 1692 2280 ut
1712 2243 1809 2295 Epi-

422 2325 536 2350 curus
556 2327 565 2350 :
597 2310 713 2350 Nihil
734 2311 895 2357 bonum,
928 2312 994 2350 nisi
1015 2312 1245 2350 vacuitatem
1265 2310 1422 2355 doloris,
1454 2319 1498 2348 ut
1518 2310 1778 2359 Hieronymus
1797 2322 1807 2346 ε

423 2376 540 2416 Nihil
561 2377 722 2422 bonum,
754 2377 821 2415 nisi
843 2387 983 2416 naturae
1014 2377 1149 2430 primis
1170 2377 1280 2415 bonis
1300 2386 1365 2415 aut
1389 2375 1570 2414 omnibus
1601 2383 1665 2411 aut
1685 2374 1810 2411 maxi-

424 2443 498 2481 mis
519 2442 608 2488 frui,
626 2452 669 2480 ut
685 2444 895 2482 Carneades
915 2453 1047 2482 contra
1067 2444 1213 2482 Stoicos
1234 2442 1442 2481 differebat.
1466 2441 1562 2478 Haec
1583 2440 1700 2492 igitur
1720 2439 1811 2477 fim-

425 2509 553 2562 plicia.
586 2509 655 2547 Illa
674 2509 808 2548 mixta.
841 2510 935 2548 Tria
954 2523 1089 2562 genera
1108 2509 1312 2552 bonorum,
1335 2507 1502 2545 maxima
1522 2505 1656 2550 aniini,
1678 2505 1812 2543 secun-

425 2575 473 2613 da
501 2575 682 2627 corpori5‚
714 2584 868 2614 externa
897 2576 1021 2619 tertia,
1051 2584 1094 2614 ut
1113 2573 1355 2627 Peripatetici
1372 2591 1384 2617 ς
1415 2585 1484 2610 nec
1516 2571 1643 2610 multo
1674 2581 1813 2610 veteres

525 2647 753 2686 T0M.11.
1400 2644 1516 2683 Ccc
