2330 2983
577 207 652 246 228
993 203 1538 244 D'EFINIBUS

576 305 713 344 morbo
727 303 940 357 graviffimo
951 303 1121 349 affectus,
1137 304 1241 349 exul,
1258 303 1387 348 orbus,
1401 316 1528 357 egem,
1543 312 1764 356 torqueatur
1777 304 1966 356 equuleo:

577 384 692 422 quem
727 369 830 407 hunc
865 369 1046 422 appellas,
1082 369 1193 408 Zeno
1211 370 1224 407 ?
1256 371 1431 414 Beatum,
1459 369 1601 422 inquit.
1642 370 1775 408 Etiam
1802 369 1968 408 beatiffi·

576 449 686 473 mum
704 436 717 472 ?
792 435 923 488 uippe,
942 435 1092 487 inquiet
1105 454 1116 480 5
1149 449 1240 474 cum
1262 444 1342 474 tam
1359 435 1575 481 docuerim,
1595 435 1732 488 gradus
1759 435 1869 474 istam
1888 447 1971 474 rem

575 515 651 539 non
672 500 823 546 habere,
844 499 960 554 quam
982 502 1177 547 virtutem,
1199 502 1238 540 in
1259 516 1336 555 qua
1354 502 1398 540 fit
1416 502 1531 540 etiam
1553 502 1680 554 ipsum
1700 502 1871 542 beatum.

630 566 724 604 Tibi
757 565 832 604 hoc
853 565 1091 611 incredibile,
1113 567 1204 618 quia
1222 566 1494 605 beatiffimum.
1540 567 1649 617 Qid
1670 575 1783 605 tuum
1801 567 1814 603 ?
1843 565 1969 604 credi-

576 631 653 669 bile
671 633 684 669 ?
716 632 755 670 Si
773 632 879 670 enim
898 631 944 669 ad
961 632 1152 685 populum
1179 645 1243 670 me
1262 645 1371 670 vocas
1388 650 1400 677 ς
1431 645 1536 677 eum,
1567 633 1636 684 qui
1661 632 1713 671 ita
1732 632 1778 670 sit
1795 630 1970 676 affectus,

577 696 731 735 beatum
751 709 950 748 nunquam
969 697 1162 749 probabis.
1181 697 1219 735 Si
1234 697 1279 734 ad
1294 697 1497 749 prudentes
1510 715 1523 741 ς
1544 696 1708 735 alterum
1727 695 1875 736 fortasse
1893 696 1969 734 du-

578 762 770 806 bitabunt,
802 762 896 799 fitne
915 755 1066 800 tantum
1098 762 1138 800 in
1158 762 1311 806 virtute,
1342 771 1386 799 ut
1404 774 1447 799 ea
1474 762 1637 813 praediti,
1672 762 1733 799 vel
1761 761 1803 799 in
1829 760 1969 799 Phala-

577 827 668 866 ridis
689 837 795 865 tauro
825 827 925 865 beati
945 827 1042 872 fint;
1074 826 1236 865 alterum
1266 840 1344 865 non
1375 826 1623 871 dubitabunt,
1653 827 1749 879 quin
1783 835 1822 864 et
1851 824 1972 864 Stoici

576 892 841 931 convenientia
858 892 927 930 fibi
946 892 1089 937 dicant,
1119 900 1158 930 et
1176 905 1243 931 vos
1263 892 1528 946 repugnantia.
1552 890 1816 945 ,Theophrasti
1834 891 1970 944 igitur,

576 959 718 1011 inquit,
751 958 823 996 tibi
843 957 939 996 liber
968 957 1034 995 ille
1053 957 1179 1011 placet
1197 957 1244 996 de
1275 958 1383 996 beata
1401 957 1505 996 vita?
1535 959 1689 996 Tamen
1713 957 1931 996 aberramus
1950 969 1972 994 a

576 1023 796 1076 proposito:
827 1032 880 1068 et,
915 1036 961 1061 ne
992 1023 1158 1076 longius,
1189 1023 1354 1075 prorsus,
1387 1023 1564 1076 inquam,
1599 1023 1698 1068 Piso,
1726 1023 1751 1061 fi
1772 1023 1839 1061 ista
1870 1021 1973 1061 mala

578 1089 678 1133 sunt,
699 1089 836 1141 placet.
867 1089 1010 1127 Nonne
1030 1089 1149 1141 igitur
1169 1089 1240 1126 tibi
1260 1089 1451 1133 videntur,
1473 1089 1614 1141 inquit,
1635 1089 1734 1127 mala
1751 1088 1765 1125 ?
1797 1088 1847 1126 Id
1862 1101 1970 1142 quae-

578 1155 666 1192 res?
698 1155 857 1206 inquam
873 1172 884 1198 ;
919 1154 959 1191 in
979 1167 1070 1206 quo,
1104 1163 1234 1192 utrum
1264 1154 1503 1207 respondero,
1535 1154 1654 1192 verses
1685 1164 1721 1192 te
1751 1153 1829 1191 huc
1855 1162 1972 1205 atque

579 1219 672 1257 illuc
693 1219 834 1257 necesse
853 1219 919 1257 est.
951 1220 1043 1272 Qo
1063 1219 1216 1257 tandem
1236 1220 1366 1265 modo,
1386 1220 1515 1272 inquit
1533 1220 1546 1257 ?
1579 1220 1683 1270 Qia
1702 1219 1728 1257 fi
1749 1219 1850 1258 mala
1868 1219 1970 1263 sunt,

579 1285 625 1328 is,
647 1284 714 1335 qui
734 1284 805 1321 erit
823 1284 864 1320 in
884 1282 960 1327 his,
982 1284 1112 1321 beatus
1131 1297 1208 1322 non
1227 1285 1311 1322 erit.
1344 1285 1381 1322 Si
1399 1285 1499 1322 mala
1519 1297 1598 1322 non
1611 1284 1824 1334 sunt,jacet
1842 1283 1971 1322 omnis

579 1350 674 1387 ratio
694 1349 1048 1401 Peripateticorum.
1094 1349 1147 1386 Et
1167 1348 1232 1386 ille
1252 1349 1391 1394 ridens,
1423 1349 1547 1394 video,
1569 1349 1711 1401 inquit,
1743 1347 1839 1401 quid
1854 1360 1939 1400 agas
1957 1365 1970 1391 ς

580 1428 625 1450 ne
655 1413 889 1465 discipulum
919 1413 1122 1458 abducam,
1144 1413 1272 1452 times.
1302 1415 1369 1452 Tu
1389 1427 1492 1459 vero,
1523 1414 1700 1466 inquam,
1720 1413 1835 1452 ducas
1864 1413 1972 1457 licet,

579 1479 603 1516 si
626 1478 798 1530 sequatur
816 1493 825 1516 z
856 1478 926 1516 erit
945 1478 1052 1516 enim
1072 1492 1244 1523 mecum,
1266 1479 1290 1516 fi
1312 1488 1441 1518 tecum
1461 1480 1545 1518 erit.

624 1544 775 1583 XXIX.
798 1544 902 1582 Audi
923 1544 1054 1596 igitur,
1076 1545 1216 1596 inquit,
1242 1546 1356 1583 Luci.
1388 1547 1540 1584 Tecum
1559 1546 1678 1591 enim,
1701 1545 1801 1585 mihi
1819 1546 1973 1585 institu-

578 1610 674 1648 enda
692 1609 812 1648 oratio
831 1609 896 1647 est.
930 1610 1072 1648 Omnis
1092 1611 1291 1648 auctoritas
1308 1610 1572 1664 philosophiae,
1594 1622 1637 1651 ut
1656 1613 1708 1651 ait
1723 1612 1970 1665 Theophras-

581 1686 655 1720 ωε,
683 1675 849 1713 confistit
881 1675 921 1713 in
941 1675 1049 1713 beata
1067 1676 1143 1714 vita
1169 1677 1444 1729 comparanda:
1478 1678 1582 1716 beate
1601 1679 1707 1716 enim
1727 1679 1879 1716 vivendi
1898 1691 1970 1716 cu-

581 1741 737 1793 piditate
759 1739 896 1778 incensi
914 1753 1048 1778 omnes
1065 1740 1209 1779 sumus.
1230 1741 1321 1780 Hoc
1340 1741 1439 1780 mihi
1453 1756 1546 1780 cum
1564 1753 1630 1781 tuo
1646 1742 1759 1782 fratre
1774 1744 1968 1782 convenit.

581 1808 708 1857 Qare
739 1804 815 1844 hoc
847 1805 1060 1844 videndum
1089 1805 1158 1851 est,
1191 1807 1351 1859 possitne
1369 1808 1480 1845 nobis
1511 1807 1586 1846 hoc
1608 1810 1700 1846 ratio
1720 1807 1971 1861 philosopho-

582 1886 668 1909 rum
681 1872 780 1910 dare.
804 1871 1013 1910 Pollicetur
1032 1881 1147 1910 certe.
1170 1873 1254 1911 Nifi
1270 1873 1375 1911 enim
1391 1873 1431 1911 id
1444 1872 1594 1918 faceret,
1609 1887 1678 1912 cur
1698 1874 1807 1913 Plato
1819 1875 1970 1927 AEgyp-

582 1948 666 1975 turn
687 1938 910 1990 peragravit,
934 1947 976 1975 ut
1009 1951 1030 1975 a
1061 1937 1314 1978 sacerdotibus
1336 1939 1500 1978 barbaris
1531 1953 1710 1979 numeros
1744 1950 1782 1978 et
1814 1939 1975 1979 caelestia

581 2003 794 2056 acciperet?
826 2005 906 2041 Cur
937 2003 1019 2055 post
1038 2005 1254 2043 Tarentum
1285 2005 1329 2042 ad
1361 2004 1602 2056 Archytam?
1635 2007 1717 2044 Cur
1748 2007 1794 2044 ad
1820 2016 1972 2044 caeteros

583 2068 855 2121 Pythagoreos,
878 2067 1143 2114 Echecratem,
1165 2070 1378 2114 Timaeum,
1399 2071 1606 2108 Actionem
1627 2071 1786 2115 Locros,
1808 2080 1864 2115 ut,
1878 2084 1976 2111 cum

582 2136 773 2172 Socratem
808 2133 1046 2186 expreffiffet,
1088 2135 1309 2188 adjungeret
1354 2134 1680 2188 Pythagoreorum
1714 2136 1971 2189 disciplinam,

581 2211 711 2250 caque,
733 2213 816 2250 quae
837 2201 1004 2236 Socrates
1025 2200 1259 2253 repudiabat,
1280 2200 1484 2238 addisceret
1503 2202 1514 2238 ?
1544 2203 1626 2239 Cur
1645 2200 1720 2254 ipse
1742 2200 1972 2254 Pythagoras

582 2274 618 2301 et
640 2265 856 2316 AEgyptum
877 2263 1060 2309 lustravit,
1093 2275 1130 2303 et
1152 2265 1346 2304 Persarum
1367 2280 1499 2319 magos
1517 2266 1609 2305 adiit
1627 2267 1639 2304 ?
1672 2268 1753 2305 Cur
1773 2276 1892 2305 tantas
1913 2280 1971 2305 re·

582 2329 713 2380 giones
735 2329 977 2367 barbarorum
996 2330 1156 2382 pedibus
1175 2331 1271 2368 obiit
1288 2332 1300 2367 ?
1333 2341 1388 2369 tot
1405 2332 1522 2369 maria
1542 2331 1772 2370 transmisit?
1795 2334 1876 2370 Cur
1891 2331 1972 2371 haec

582 2395 714 2432 eadem
755 2395 1001 2433 Democritus
1020 2394 1033 2431 ?
1075 2395 1142 2447 qui
1179 2397 1296 2447 (vere,
1331 2395 1486 2441 falsone,
1522 2398 1791 2449 quaereremus)
1831 2397 1973 2436 dicitur

582 2460 704 2497 oculis
738 2458 772 2497 se
792 2459 944 2512 privaffe
964 2475 973 2498 ε
1004 2470 1103 2498 certe
1125 2470 1166 2498 ut
1186 2475 1302 2513 quam
1325 2462 1486 2500 minime
1506 2464 1656 2500 animus
1678 2477 1697 2501 a
1723 2462 1970 2515 cogitationi·

584 2526 654 2563 bus
684 2525 946 2572 abduceretur,
968 2526 1244 2579 patrimonium
1265 2528 1448 2581 neglexit,
1479 2541 1586 2582 agros
1609 2529 1771 2571 deseruit
1790 2527 1971 2574 incultos,
