2330 2983
487 201 561 254 358
789 198 1564 238 TUSCULANARUM

482 308 625 343 tamen,
647 307 690 336 ut
709 298 755 336 de
775 298 923 335 Socrate
942 297 1096 335 dicitur.
1134 298 1240 335 Cum
1260 298 1385 336 multa
1402 297 1443 336 in
1462 306 1655 336 conventu
1673 297 1765 336 vitia
1783 297 1866 336 col-

481 363 626 416 legisset
645 364 684 400 in
704 375 794 400 eum
815 362 1008 414 Zopyrus,
1034 361 1104 414 qui
1123 361 1158 400 se
1177 370 1351 401 naturam
1371 362 1554 415 cujusque
1572 376 1619 401 ex
1638 361 1763 401 forma
1780 375 1867 414 per-

483 429 624 481 spicere
644 427 905 480 profitebatur,
926 427 1067 466 derisus
1085 427 1140 466 est
1158 441 1179 466 a
1197 429 1354 473 caeteris,
1376 429 1443 481 qui
1464 429 1530 467 illa
1548 430 1590 468 in
1610 430 1759 467 Socrate
1777 427 1869 465 vitia

481 507 557 532 non
578 492 819 546 agnoscerent
835 507 845 531 ι
876 493 923 531 ab
942 492 1024 546 ipso
1042 502 1171 531 autem
1191 495 1339 532 Socrate
1359 493 1586 540 sublevatus,
1605 507 1698 532 cum
1713 493 1779 531 illa
1798 491 1867 531 fibi

479 558 596 612 figna,
616 558 678 596 sed
697 559 841 596 ratione
858 571 880 595 a
898 557 934 596 se
953 557 1095 610 dejecta
1113 558 1270 598 diceret.

535 625 654 677 Ergo,
687 633 730 662 ut
748 623 897 676 optima
915 623 1001 675 quis
1021 624 1237 663 valetudine
1256 623 1410 663 affectus
1436 624 1558 677 potest
1577 624 1710 669 videri,
1741 633 1779 662 at
1797 635 1866 661 na-

480 688 565 726 tura
593 688 641 726 ad
673 688 841 740 aliquem
875 688 1059 726 morbum
1077 688 1306 740 proclivior,
1337 689 1387 727 fic
1417 690 1567 727 animus
1593 689 1688 726 alius
1721 688 1767 726 ad
1796 688 1869 726 alia

411 798 423 808 ·
478 753 571 791 vitia
589 753 818 805 propensior.
848 753 929 804 Qi
949 761 1077 791 autem
1098 767 1175 792 non
1195 753 1341 798 natura,
1362 752 1424 790 sed
1443 752 1558 804 culpa
1575 753 1696 815 vitiosi
1715 753 1786 791 esse
1804 753 1867 790 di-

479 827 633 862 cuntur,
649 830 785 855 eorum
803 817 895 854 vitia
915 817 1086 855 constant
1105 831 1126 855 e
1145 816 1245 856 falfis
1263 817 1510 869 opinionibus
1531 829 1660 854 rerum
1679 817 1868 855 bonarum

479 896 522 921 ac
541 882 743 927 malarum,
774 891 817 920 ut
836 882 881 920 fit
910 882 1005 920 alius
1036 883 1082 920 ad
1112 882 1204 921 alios
1231 891 1361 921 motus
1380 882 1757 935 perturbationesque
1775 894 1868 935 pro-

479 948 629 987 clivior.
674 947 902 986 Inveteratio
932 958 1074 993 autem,
1106 957 1148 986 ut
1173 948 1214 986 in
1234 948 1470 1001 corporibus,
1500 948 1634 1000 aegrius
1665 947 1868 1000 depellitur

479 1025 597 1066 quam
617 1012 850 1065 perturbatio
861 1031 874 1058 ,ς
896 1013 1083 1066 citiusque
1101 1013 1320 1066 repentinus
1339 1013 1543 1052 oculorum
1559 1022 1690 1052 tumor
1706 1012 1866 1058 sanatur,

477 1091 598 1131 quam
617 1078 796 1116 diuturna
815 1078 1008 1130 lippitudo
1027 1078 1245 1130 depellitur.

523 1143 756 1182 XXXVIII.
779 1144 850 1182 Sed
869 1143 1024 1196 cognita
1036 1145 1119 1195 jam
1139 1143 1247 1182 causa
1266 1144 1612 1197 perturbationum,
1628 1157 1713 1197 quae
1731 1146 1866 1183 omnes

477 1209 654 1248 oriuntur
685 1223 732 1247 ex
755 1209 914 1261 judiciis
933 1210 1164 1262 opinionum
1193 1219 1230 1248 et
1260 1210 1538 1255 voluntatibus,
1567 1210 1613 1248 fit
1636 1211 1719 1262 jam
1751 1209 1866 1262 hujus

476 1274 742 1326 disputationis
762 1274 913 1312 modus.
957 1274 1058 1312 Scire
1087 1282 1216 1312 autem
1243 1287 1312 1312 nos
1345 1283 1506 1326 oportet,
1536 1276 1716 1327 cognitiS,
1743 1275 1868 1327 quoad

476 1339 629 1392 possunt
647 1339 694 1377 ab
712 1337 874 1377 homine
892 1339 1086 1392 cognosci,
1108 1339 1300 1378 bonorum
1320 1348 1358 1378 et
1377 1339 1569 1378 malorum
1588 1339 1745 1384 finibus,
1766 1339 1868 1378 nihil

477 1419 497 1443 a
517 1403 760 1458 philosophia
777 1403 879 1457 poffe
898 1413 963 1443 aut
982 1405 1106 1457 majus
1125 1401 1350 1456 aut'utilius
1367 1405 1505 1458 optari,
1526 1418 1644 1458 quam
1663 1403 1759 1451 haec,
1783 1418 1869 1457 quae

478 1484 499 1508 a
517 1471 629 1509 nobis
649 1469 724 1508 hoc
744 1470 947 1522 quatriduo
968 1470 1155 1523 disputata
1173 1471 1273 1510 sunt.
1299 1472 1430 1510 Morte
1449 1471 1555 1509 enim
1573 1479 1809 1524 contempta,
1828 1479 1868 1510 et

478 1535 608 1574 dolore
627 1535 673 1573 ad
693 1535 918 1587 patiendum
937 1535 1074 1580 levato,
1091 1536 1336 1587 adjunximus
1356 1536 1588 1575 sedationem
1605 1536 1839 1589 aegritudinis
1851 1555 1865 1582 ς

477 1614 554 1654 qua
572 1601 725 1639 nullum
758 1599 911 1639 homini
940 1601 1089 1648 malum
1109 1602 1232 1653 majus
1251 1601 1317 1640 est.
1360 1601 1439 1640 Etfi
1465 1602 1569 1640 enim
1589 1602 1717 1640 omnis
1747 1601 1868 1641 animi

477 1666 712 1720 perturbatio
731 1667 853 1718 gravis
873 1666 937 1711 est,
970 1679 1039 1704 nec
1059 1667 1230 1705 multum
1252 1665 1382 1705 differt
1401 1667 1447 1705 ab
1467 1667 1645 1712 amentia,
1667 1676 1794 1706 tamen
1814 1668 1866 1706 ita

477 1740 644 1776 caeteros,
665 1744 757 1769 cum
779 1731 851 1768 smt
870 1731 910 1768 in
931 1731 1057 1783 aliqua
1074 1732 1359 1784 perturbatione
1377 1741 1442 1770 aut
1461 1732 1600 1777 metus,
1622 1741 1687 1771 aut
1712 1732 1864 1777 laetitiae,

478 1807 542 1835 aut
578 1797 800 1849 cupiditatis
818 1825 830 1841 ,
865 1806 1082 1835 commotos
1114 1797 1232 1835 modo
1262 1806 1300 1835 et
1330 1799 1565 1850 perturbatos
1605 1798 1730 1836 dicere
1768 1798 1863 1836 sole-

478 1876 565 1901 mus
582 1881 593 1906 ;
626 1872 663 1900 at
696 1875 773 1907 eOS,
804 1862 872 1914 qui
903 1861 938 1900 se
970 1862 1185 1915 :egritudini
1215 1862 1455 1907 dediderunt,
1490 1863 1660 1907 miseros,
1690 1862 1864 1909 afflictos,

477 1927 722 1973 aerumnosos,
747 1927 997 1966 calamitosos.
1031 1929 1162 1980 Itaque
1180 1942 1257 1967 non
1277 1927 1438 1967 fortuito
1458 1927 1603 1967 factum
1623 1929 1785 1973 videtur,
1803 1929 1866 1968 sed

477 2007 497 2031 a
518 2003 553 2031 te
574 1993 717 2030 ratione
735 1992 990 2045 propositum,
1022 2003 1063 2030 ut
1084 1993 1281 2045 separatim
1301 1994 1348 2031 de
1368 1993 1604 2045 aegritudine,
1624 2003 1661 2031 et
1680 1994 1726 2032 de
1752 2003 1864 2032 caete-

478 2059 527 2097 ris
548 2058 896 2111 perturbationibus
927 2057 1218 2110 disputaremus.
1265 2059 1309 2096 In
1334 2071 1375 2096 ea
1393 2058 1444 2096 est
1464 2059 1568 2096 enim
1588 2057 1674 2097 fons
1695 2059 1864 2097 miseria-

478 2138 564 2163 rum
584 2133 621 2162 et
641 2133 768 2177 caput.
801 2124 870 2161 Sed
891 2133 927 2161 et
948 2124 1180 2176 aegritudinis
1196 2134 1233 2162 et
1250 2125 1484 2176 reliquorum
1505 2125 1622 2162 animi
1639 2125 1864 2164 morborum

478 2203 552 2228 una
572 2189 710 2227 sanatio
730 2188 808 2232 est;
839 2202 970 2226 omnes
999 2189 1209 2241 opinabiles
1235 2189 1306 2227 effe
1336 2198 1373 2227 et
1404 2188 1650 2234 voluntarios,
1679 2203 1721 2227 ea
1750 2204 1865 2242 reque

477 2254 628 2307 suscipi,
650 2254 754 2306 quod
775 2254 826 2292 ita
846 2255 990 2291 rectum
1012 2253 1082 2292 effe
1103 2254 1284 2292 videatur.
1331 2255 1451 2292 Hunc
1472 2268 1651 2299 errorem,
1682 2255 1784 2307 quasi
1804 2269 1864 2293 ra-

477 2319 604 2357 dicem
630 2318 820 2357 malorum
853 2320 1046 2363 omnium,
1078 2319 1245 2371 stirpitus
1276 2317 1516 2372 philosophia
1550 2319 1584 2358 se
1613 2321 1863 2359 extracturam

479 2384 693 2437 pollicetur.
740 2385 889 2423 Demus
908 2398 997 2436 ergo
1018 2398 1085 2422 nos
1117 2383 1208 2422 huic
1230 2384 1470 2430 excolendos,
1504 2386 1766 2438 patiamurque
1796 2400 1863 2426 nos

480 2450 606 2487 sanari.
640 2449 716 2488 His
736 2450 841 2488 enim
863 2449 971 2488 malis
994 2449 1240 2487 insidentibus
1262 2463 1336 2487 non
1359 2450 1475 2488 modo
1495 2450 1608 2495 beati,
1637 2451 1696 2489 sed
1718 2464 1763 2489 ne
1787 2451 1863 2490 sani

480 2515 653 2567 quidem,
684 2514 753 2554 esse
784 2514 993 2568 possumus.
1036 2516 1115 2554 Aut
1137 2515 1253 2568 igitur
1273 2528 1455 2569 negemus
1476 2517 1690 2569 quidquam
1720 2517 1864 2555 ratione
