2330 2983
639 274 911 314 LIBER
967 271 1459 312 SECUNDUS.
1666 285 1734 322 291

362 375 465 414 haud
485 375 560 414 scio
578 387 625 413 an
644 375 695 412 ita
715 374 772 419 fit,
790 383 833 412 ut
852 387 954 411 nunc
974 373 1031 411 fit.
1057 375 1162 412 Cum
1181 386 1267 411 vero
1286 373 1406 412 sontes
1426 371 1526 410 ferro
1544 371 1739 423 depugna-

362 441 468 485 bant,
503 440 654 478 auribus
674 438 821 477 fortass‘e
849 437 996 482 multae,
1026 438 1147 475 oculis
1180 439 1336 488 quidem
1366 437 1471 475 nulla
1499 445 1644 489 poterat
1672 435 1741 473 effe

361 504 497 543 fortior
515 514 646 542 contra
665 503 835 542 dolorem
854 511 892 540 et
912 510 1078 540 mortem
1097 502 1307 553 disciplina.

420 569 573 607 XVIII.
610 569 671 606 De
701 567 980 611 exercitatione,
1001 575 1039 604 et
1057 566 1339 610 consuetudine,
1364 574 1402 603 et
1419 567 1742 603 commentatione

362 633 456 672 dixi.
506 632 650 685 Agefis,
682 646 784 670 nunc
814 632 860 670 de
880 631 1022 669 ratione
1042 631 1234 668 videamus
1251 649 1262 675 ;
1294 629 1361 668 nis1
1381 630 1474 681 quid
1493 630 1548 667 vis
1581 629 1626 666 ad
1645 628 1739 666 haec.

362 699 593 736 AUD1TOR.
628 699 762 750 Egone
782 706 824 735 ut
854 706 890 734 te
910 696 1175 748 interpellem?
1206 695 1268 734 Ne
1288 694 1361 733 hoc
1386 694 1543 746 quidem
1572 693 1710 732 vellem
1728 711 1739 737 ;

362 762 415 801 ita
433 776 496 801 me
526 763 572 801 ad
596 763 828 801 credendum
848 771 912 800 tua
930 762 1038 800 ducit
1057 762 1188 800 oratio.
1247 761 1459 799 MAfncus.
1492 760 1595 798 Sitne
1625 759 1742 810 igitur

364 827 512 866 malum
532 827 671 872 dolere,
692 840 823 872 necne,
846 826 963 864 Stoici
981 826 1157 871 viderint,
1187 826 1254 878 qui
1273 825 1496 864 contortulis
1515 824 1742 876 quibusdam

363 905 406 930 ac
426 893 586 931 minutis
605 891 939 935 conclusiunculis,
970 904 1040 929 nec
1070 891 1117 928 ad
1149 889 1271 928 sensus
1292 889 1615 942 permanantibus,
1643 888 1743 926 effici

364 958 512 1002 volunt,
533 970 611 996 non
630 957 700 995 esse
719 957 866 995 malurn
886 956 1072 994 dolorem.
1114 956 1199 1008 Ego
1219 955 1328 1000 illud,
1360 955 1550 1008 quidquid
1568 955 1626 998 fit,
1658 962 1743 991 tan-

365 1030 451 1059 tum
469 1020 553 1066 effe,
581 1030 770 1073 quantum
799 1020 983 1065 videatur,
1015 1033 1091 1058 non
1111 1029 1232 1072 puto;
1262 1019 1426 1071 falsaque
1445 1021 1524 1070 ejus
1543 1019 1682 1056 visione
1706 1026 1745 1056 et

364 1086 486 1139 specie
512 1087 656 1125 moveri
675 1086 852 1123 homines
872 1085 958 1123 dico
977 1084 1254 1129 vehementius,
1285 1085 1533 1136 doloremque
1551 1085 1631 1135 ejus
1657 1097 1742 1122 om-

364 1165 455 1190 nem
484 1151 554 1189 effe
586 1151 837 1189 tolerabilem.
883 1150 997 1188 Unde
1016 1150 1135 1202 igitur
1154 1150 1305 1187 ordiar?
1337 1151 1401 1187 An
1432 1150 1563 1187 eadem
1583 1149 1744 1188 breviter

364 1217 566 1269 attingam,
600 1230 684 1269 quae
717 1216 834 1255 modo
863 1215 958 1260 dixi,
993 1228 1070 1267 quo
1103 1214 1253 1254 facilius
1281 1216 1402 1254 oratio
1428 1215 1604 1268 progredi
1636 1214 1746 1267 poffit

365 1282 518 1335 longius
533 1283 546 1319 ?

420 1349 525 1386 Inter
556 1360 689 1386 omnes
723 1347 841 1399 igitur
869 1346 944 1385 hoc
963 1347 1121 1392 constat,
1155 1359 1224 1384 nec
1258 1347 1386 1384 doc‘tos
1411 1343 1586 1384 homines
1607 1344 1744 1391 solum,

367 1412 429 1451 sed
460 1413 575 1451 etiam
608 1413 794 1457 indoctos,
822 1412 992 1450 virorum
1021 1411 1091 1450 effe
1123 1409 1300 1456 fortium,
1329 1421 1367 1449 et
1397 1411 1745 1464 magnanimorum,

366 1487 405 1517 et
423 1478 666 1531 patientium,
688 1486 726 1516 et
754 1477 922 1515 humana
940 1478 1193 1523 vincentium,
1227 1478 1429 1515 toleranter
1447 1477 1619 1515 dolorem
1637 1476 1717 1528 pati
1734 1490 1744 1514 ε

366 1557 438 1582 nec
468 1557 557 1582 vero
586 1543 788 1595 quisquam
808 1541 896 1586 fuit,
929 1542 997 1593 qui
1030 1555 1134 1587 eum,
1166 1542 1235 1593 qui
1253 1542 1305 1579 ita
1323 1550 1525 1594 pateretur,
1556 1554 1634 1579 non
1663 1541 1747 1579 lau-

367 1609 537 1647 dandum
557 1617 718 1660 putaret.
764 1607 881 1660 Qod
899 1620 989 1659 ergo
1007 1616 1045 1645 et
1073 1607 1282 1660 postulatur
1301 1620 1321 1645 a
1339 1605 1517 1652 fortibus,
1550 1615 1589 1644 et
1618 1606 1747 1644 lauda-

368 1683 444 1720 tur,
477 1688 569 1712 cum
589 1673 647 1719 fit,
677 1673 716 1711 id
743 1682 807 1711 aut
825 1673 1068 1711 extimescere
1094 1673 1262 1718 veniens,
1282 1682 1346 1711 aut
1364 1686 1441 1711 non
1461 1671 1557 1710 ferre
1576 1672 1746 1725 praesens,

368 1752 495 1778 nonne
515 1749 624 1792 turpe
643 1739 694 1777 est
713 1739 725 1776 ?
755 1738 879 1791 Atqui
898 1738 997 1783 vide,
1018 1751 1080 1783 ne,
1100 1751 1189 1776 cum
1210 1751 1341 1776 omnes
1362 1739 1469 1775 rectae
1487 1737 1606 1775 animi
1632 1736 1748 1775 affec-

369 1805 490 1843 tiones
519 1805 678 1843 virtutes
702 1804 954 1856 appellentur,
984 1817 1061 1841 non
1091 1803 1134 1841 fit
1167 1802 1242 1841 hoc
1266 1803 1463 1855 proprium
1490 1815 1630 1840 nomen
1660 1816 1748 1841 om-

369 1870 480 1909 nium
495 1888 506 1913 3
538 1869 598 1907 sed
617 1869 662 1906 ab
681 1882 735 1912 ea,
770 1882 854 1919 quae
881 1881 955 1905 una
972 1868 1113 1906 caeteris
1133 1867 1353 1911 excellebat,
1383 1880 1516 1905 omnes
1546 1867 1749 1905 nominatae

371 1933 456 1971 fint.
487 1933 688 1986 Appellata
707 1932 758 1970 est
776 1933 882 1970 enim
902 1945 922 1970 a
947 1934 1028 1971 viro
1047 1933 1163 1970 virtus
1179 1951 1191 1977 3
1223 1933 1294 1969 viri
1309 1941 1436 1969 autem
1457 1932 1608 1984 propria
1623 1932 1748 1970 maxi-

372 2011 434 2036 me
452 1999 504 2036 est
522 1998 708 2037 fortitudo
725 2013 733 2036 :
756 1999 865 2049 cujus
886 2011 1043 2036 munera
1062 1998 1138 2036 duo
1155 1997 1239 2036 sunt
1257 1997 1447 2042 maxima5
1470 1998 1618 2042 mortis,
1639 1997 1749 2036 dolo-

370 2063 495 2115 risque
514 2063 764 2115 contemptio.
797 2062 998 2101 Utendum
1018 2063 1070 2100 est
1089 2063 1206 2115 igitur
1226 2062 1300 2108 his,
1320 2062 1345 2100 fi
1366 2063 1517 2100 virtutis
1538 2072 1748 2115 compotes,

371 2129 430 2167 vel
451 2130 577 2182 potius
598 2130 623 2167 fi
644 2129 727 2173 viri,
749 2129 926 2167 volumus
946 2127 1030 2173 effe,
1052 2128 1234 2181 quoniam
1255 2141 1275 2165 a
1294 2128 1381 2165 viris
1401 2129 1519 2166 virtus
1539 2141 1679 2166 nomen
1698 2127 1751 2166 est

372 2204 560 2233 mutuata.

427 2260 537 2297 XIX.
571 2260 724 2310 Qaeres
746 2258 906 2303 fortasse,
925 2272 1003 2311 quo
1021 2259 1136 2297 modo
1152 2277 1163 2303 3
1186 2268 1223 2296 et
1243 2261 1353 2297 recte.
1389 2259 1527 2298 Talem
1547 2259 1650 2296 enim
1666 2271 1748 2296 me-

373 2324 539 2362 dicinam
560 2324 799 2377 philosophia
818 2325 1028 2377 profitetur.
1075 2325 1192 2363 Venit
1213 2325 1416 2377 Epicurus,
1450 2324 1569 2362 homo
1589 2324 1750 2361 minime

375 2389 511 2433 malus,
542 2389 597 2426 vel
615 2390 740 2441 potius
761 2390 816 2426 vir
835 2390 1004 2442 optimus
1024 2405 1033 2427 :
1066 2400 1215 2428 tantum
1236 2399 1379 2433 monet,
1402 2398 1587 2441 quantum
1604 2388 1748 2425 intelli-

374 2455 444 2506 git.
490 2454 651 2506 Nglige,
683 2455 822 2507 inquit,
857 2455 1014 2494 delorem.
1060 2456 1159 2507 Qis
1190 2455 1264 2492 hoc
1295 2455 1415 2492 dicit?
1448 2453 1569 2497 Idem,
1591 2453 1658 2504 qui
1679 2452 1749 2490 do-

375 2520 496 2557 lorem
519 2519 714 2557 summum
744 2520 904 2562 malum.
951 2520 1028 2558 Vix
1063 2520 1146 2558 satis
1167 2519 1388 2557 constanter.
1439 2518 1666 2555 Audiamus.
1713 2518 1756 2556 Si

362 2587 523 2638 summus
544 2585 636 2624 dolor
655 2586 711 2638 est,
735 2586 876 2638 inquit,
896 2585 1016 2638 nectſj&
1040 2585 1083 2638 ‹st
1101 2586 1240 2624 brevem
1256 2583 1325 2637 effen
1373 2584 1588 2622 Itemndum
1619 2583 1751 2621 eadem

1327 2651 1362 2688 O
1380 2664 1402 2687 o
1433 2662 1454 2688 2
