2330 2983
638 242 913 283 LIBER
971 241 1407 295 QUARTUS.
1652 245 1720 284 181

326 347 476 384 Eorum
492 345 599 384 enim
617 344 813 388 omnium,
831 344 954 382 multa
967 343 1360 396 praetermittentium‚
1375 343 1470 382 dum
1491 343 1634 397 eligant
1653 346 1724 383 ali-

326 413 436 465 quid,
454 412 558 464 quod
577 411 793 463 sequantur,
816 410 919 462 quasi
939 419 1046 447 curta
1063 409 1248 447 sententia
1262 428 1274 454 3
1306 420 1343 448 at
1362 424 1450 448 vero
1471 411 1536 448 illa
1562 411 1727 464 perfea‘ta

326 487 441 530 atque
461 478 585 530 plena,
605 490 755 520 eorum,
783 477 866 528 qui,
899 488 992 513 cum
1012 475 1058 512 de
1084 474 1255 512 hominis
1276 475 1429 513 summo
1449 477 1551 515 bono
1579 491 1725 529 quaere-

324 552 423 587 rent,
459 542 608 580 nullam
637 542 679 579 in
697 555 742 592 eo
763 553 887 593 neque
918 541 1039 578 animi
1062 553 1187 592 neque
1206 541 1376 593 corporis
1396 551 1545 595 partem
1565 557 1727 582 vacuam

325 608 446 645 tutela
465 607 715 659 reliquerunt.

381 673 461 711 Vos
482 682 625 718 autem,
661 674 774 717 Cato,
806 672 896 725 quia
921 671 1056 717 virtus,
1085 680 1129 710 ut
1145 686 1278 711 omnes
1299 671 1478 717 fatemur,
1500 673 1725 712 altiffimum

325 738 458 777 locum
491 739 532 776 in
562 737 722 776 homine
752 747 790 776 et
820 738 991 776 maxime
1021 738 1275 777 excellentem
1303 747 1422 784 tenet,
1452 747 1490 776 et
1520 739 1626 790 quod
1646 752 1724 784 eos,

325 805 394 856 qui
415 804 598 857 sapientes
632 804 734 849 sunt,
764 803 955 842 absolutos
989 812 1026 842 et
1051 803 1237 857 perfectos
1257 814 1452 857 putamus,
1483 805 1605 842 aciem
1639 806 1724 843 ani-

326 884 483 908 morum
503 870 718 908 nostrorum
740 870 892 908 virtutis
913 869 1111 922 splendore
1129 870 1394 923 perstringitis.
1427 871 1471 908 In
1489 871 1599 909 omni
1618 872 1724 910 enim

324 936 518 974 animante
537 936 589 973 est
618 936 817 973 summum
838 935 983 987 aliquid
1014 945 1128 988 atque
1158 936 1369 989 optimum,
1403 946 1445 974 ut
1470 937 1510 974 in
1531 938 1653 989 equis,
1682 938 1724 975 in

324 1002 483 1039 canibus
499 1020 510 1046 ς
542 1001 684 1053 quibus
706 1010 834 1039 tamen
854 1010 892 1038 et
912 1001 1042 1038 dolore
1061 1014 1190 1039 vacare
1210 1015 1306 1053 opus
1327 1002 1394 1047 est,
1415 1011 1453 1040 et
1479 1003 1614 1040 valere.
1661 1004 1722 1041 Sic

321 1066 441 1119 igitur
460 1068 501 1104 in
521 1065 682 1104 homine
700 1065 884 1118 perfectio
903 1066 973 1104 ista
988 1066 1028 1103 in
1061 1079 1106 1104 eo
1124 1066 1378 1118 potiffimum,
1414 1067 1520 1118 quod
1539 1067 1590 1105 est
1616 1069 1721 1120 opti-

322 1146 450 1178 mum,
471 1133 511 1170 id
531 1132 597 1177 est,
618 1132 659 1169 in
680 1132 833 1177 virtute,
851 1131 1039 1170 laudatur.
1072 1133 1206 1184 Itaque
1218 1132 1319 1170 mihi
1335 1147 1414 1171 non
1434 1133 1519 1171 satis
1537 1134 1722 1172 videmini

322 1199 567 1244 considerare,
589 1198 694 1251 quod
714 1199 784 1236 iter
803 1198 848 1237 fit
867 1208 1024 1243 naturae,
1046 1212 1208 1250 quaeque
1234 1199 1451 1251 progreffio.
1497 1200 1591 1238 Non
1614 1200 1721 1239 enim

322 1264 412 1311 hoc,
446 1266 551 1319 quod
583 1264 677 1302 facit
707 1265 748 1302 in
767 1264 960 1317 frugibus,
990 1274 1047 1308 ut,
1084 1279 1176 1303 cum
1202 1266 1248 1302 ad
1268 1265 1412 1317 spicam
1435 1266 1654 1318 perduxerit
1674 1267 1721 1305 ab

322 1330 454 1376 herba,
486 1332 676 1383 relinquat
698 1339 736 1368 et
754 1344 823 1383 pro
842 1329 967 1368 nihilo
987 1329 1124 1368 habeat
1143 1330 1318 1375 herbam,
1350 1332 1453 1370 idem
1474 1331 1565 1370 facit
1586 1333 1626 1370 in
1646 1332 1720 1371 ho-

323 1398 443 1441 mine,
474 1410 567 1435 cum
587 1410 677 1434 eum
696 1396 742 1434 ad
761 1396 916 1434 rationis
932 1395 1112 1434 habitum
1131 1396 1323 1449 perduxit.
1361 1399 1517 1450 Semper
1536 1399 1642 1436 enim
1668 1400 1721 1437 ita

324 1462 475 1501 assumit
495 1462 654 1515 aliquid,
676 1471 718 1499 ut
737 1475 792 1507 ea,
814 1475 898 1514 quae
917 1463 1042 1514 prima
1061 1463 1219 1506 dederit,
1242 1476 1290 1500 ne
1310 1462 1463 1501 deserat.

379 1529 510 1581 Itaque
541 1528 704 1565 senfibus
736 1527 922 1564 rationem
954 1527 1130 1579 adjunxit
1149 1546 1160 1571 3
1196 1538 1246 1572 et,
1281 1529 1424 1566 ratione
1457 1528 1602 1574 effecta,
1634 1530 1717 1568 sen-

324 1594 383 1632 sus
404 1607 479 1632 non
499 1593 669 1645 reliquit.
716 1593 773 1629 Ut
792 1592 819 1629 s1
839 1592 989 1629 cultura
1009 1593 1163 1637 vitium,
1199 1594 1309 1644 cujus
1330 1592 1406 1632 hoc
1427 1608 1568 1633 munus
1588 1595 1653 1640 est,
1677 1606 1719 1635 ut

322 1659 474 1703 efficiat,
506 1667 548 1696 ut
568 1658 656 1696 vitis
675 1671 767 1696 cum
787 1658 958 1710 partibus
975 1657 1050 1696 suis
1068 1659 1251 1697 omnibus
1275 1673 1393 1712 quam
1413 1661 1561 1712 optime
1580 1661 1616 1699 se
1646 1660 1716 1700 ha-

322 1725 431 1764 beat:
467 1723 546 1775 (sed
571 1723 621 1762 fic
620 1723 930 1784 *intelligamuffi
962 1723 1054 1762 licet
1088 1725 1207 1769 enim,
1240 1734 1283 1763 ut
1304 1739 1368 1763 vos
1390 1740 1546 1778 quoque
1573 1727 1717 1774 soletis,

317 1789 459 1843 fingere
485 1791 632 1842 aliquid
664 1790 826 1828 docendi
852 1790 977 1842 causa)
1021 1790 1047 1828 fi
1078 1791 1197 1843 igitur
1229 1791 1294 1828 illa
1327 1793 1480 1830 cultura
1503 1793 1643 1832 vitium
1675 1795 1717 1833 in

318 1857 395 1894 vite
415 1856 516 1900 infit,
547 1855 625 1907 ipsa
644 1866 788 1900 caetera,
821 1855 948 1900 credo,
980 1855 1085 1900 velit,
1118 1870 1202 1908 quae
1222 1856 1266 1893 ad
1287 1857 1486 1895 colendam
1509 1858 1625 1896 vitem
1656 1870 1716 1897 at·

317 1921 510 1965 tinebunt‚
535 1920 630 1958 ficut
649 1930 758 1958 antea
773 1938 786 1965 3
818 1921 853 1958 se
872 1930 1001 1959 autem
1022 1922 1204 1960 omnibus
1226 1922 1314 1960 vitis
1335 1923 1506 1975 partibus
1528 1923 1714 1973 praeferat,

317 1984 527 2038 statuatque
546 1984 646 2023 nihil
665 1985 735 2023 effe
755 1986 894 2023 melius
914 1987 954 2023 in
971 1986 1048 2023 vite
1063 1999 1180 2038 quam
1194 1986 1229 2024 se
1244 2004 1256 2031 3
1280 1987 1454 2026 similiter
1469 1988 1606 2033 sensim,
1621 2003 1714 2029 cum

315 2051 464 2090 aceeffit
494 2052 540 2090 ad
561 2060 749 2096 naturam,
786 2060 914 2090 tuetur
940 2052 1046 2090 illam
1068 2052 1243 2104 quidem,
1273 2052 1333 2091 sed
1353 2055 1469 2091 etiam
1501 2064 1629 2092 tuetur
1649 2056 1711 2094 se:

316 2131 406 2155 cum
427 2126 556 2156 autem
576 2117 762 2170 affumpta
782 2118 877 2156 ratio
897 2118 961 2163 est,
980 2127 1086 2156 tanto
1105 2119 1145 2156 in
1162 2119 1365 2158 dominatu
1383 2120 1544 2165 locatur,
1562 2131 1604 2159 ut
1623 2135 1712 2160 om-

315 2183 379 2221 nia
398 2183 463 2220 illa
482 2183 607 2235 prima
626 2191 767 2221 naturae
786 2182 901 2235 hujus
928 2183 1054 2221 tutelae
1074 2183 1337 2235 subjiciantur.

371 2248 504 2299 Itaque
539 2261 617 2285 non
637 2247 795 2285 discedit
814 2249 861 2286 ab
890 2261 1025 2286 eorum
1045 2249 1254 2294 curatione,
1276 2250 1416 2302 quibus
1437 2252 1631 2303 praeposita
1651 2252 1710 2289 vi-

316 2321 396 2351 tam
428 2326 586 2351 omnem
607 2313 720 2351 debet
749 2314 957 2366 gubernare
970 2333 982 2360 ς
1014 2324 1057 2353 ut
1077 2315 1206 2353 mirari
1226 2315 1311 2354 satis
1336 2330 1469 2354 eorum
1492 2317 1711 2355 inconstan-

315 2379 411 2418 tiam
431 2393 508 2417 non
537 2378 733 2431 poffimus.
793 2381 1021 2418 Naturalem
1041 2382 1147 2419 enim
1173 2383 1462 2435 appetitionem,
1494 2397 1609 2434 quarn
1639 2397 1709 2421 vo-

316 2454 406 2483 cant
425 2443 529 2494 ὁρμῆν,
551 2445 721 2497 itemque
740 2446 929 2492 officium,
952 2447 1071 2499 ipsam
1091 2448 1205 2486 etiam
1227 2449 1423 2492 virtutem,
1445 2457 1617 2486 tuentem
1637 2448 1709 2486 effe

314 2510 452 2552 volunt
471 2525 601 2551 earum
620 2525 761 2559 rerum,
783 2527 866 2566 quae
887 2513 1097 2553 secundum
1118 2523 1291 2553 naturam
1323 2514 1422 2553 sunt.
1456 2516 1559 2554 Cum
1579 2525 1712 2555 autem
