2330 2983
608 222 931 262 LIBER
1004 222 1419 264 PRIMUS.
1670 237 1719 276 91

319 320 467 360 dolore.
498 320 619 372 Qod
639 333 733 358 cum
750 321 803 358 ita
822 320 880 366 sit,
902 319 1147 374 perspicuum
1166 320 1219 359 est
1237 334 1373 360 omnes
1394 322 1509 360 rectas
1530 333 1587 359 res
1607 329 1722 373 atque

320 385 529 424 laudabiles
547 399 592 424 eo
613 384 756 430 referri,
778 395 823 424 ut
840 399 934 424 cum
953 385 1149 438 voluptate
1168 387 1327 426 vivatur.
1370 386 1570 439 Qoniam
1590 395 1720 425 autem

317 452 360 490 id
378 451 432 489 est
447 451 506 489 vel
526 451 726 489 summum
746 452 952 496 bonorum,
974 452 1033 489 vel
1054 452 1257 497 ultimum,
1281 453 1341 490 vel
1360 462 1594 497 extremum,
1615 453 1719 506 quod

317 517 449 556 Graeci
468 514 585 560 τὲλΘ·
602 518 821 563 nominant,
855 517 961 570 quod
980 517 1106 570 ipsum
1127 518 1276 557 nullam
1296 518 1342 556 ad
1362 518 1475 556 aliam
1496 532 1592 563 rem,
1614 519 1660 556 ad
1679 518 1720 558 id

317 592 447 621 autem
467 595 524 621 res
542 581 760 622 referuntur
770 596 907 623 omnes
923 600 936 629 5
957 582 1160 621 fatendum
1179 583 1244 629 est,
1262 583 1463 622 summum
1482 583 1554 622 effe
1567 583 1718 622 bonum

308 650 485 702 jucunde
503 649 644 689 vivere.

372 716 487 755 XIII.
521 715 567 754 Id
586 716 655 769 qui
674 716 715 755 in
735 729 811 754 una
828 717 969 760 virtute
988 724 1152 770 ponunt,
1168 724 1207 754 et
1225 715 1423 770 splendore
1438 715 1607 754 nominis
1627 728 1717 767 cap-

317 782 363 827 ti,
393 782 488 835 quid
507 790 640 820 natura
658 781 837 835 postulet,
858 796 935 821 non
954 781 1181 834 intelligunt
1191 799 1204 827 3
1225 795 1348 821 errore
1368 781 1554 826 maximo,
1575 781 1602 820 fi
1619 781 1717 833 Epi·-

317 860 459 885 curum
484 847 615 891 audire
642 847 850 893 voluerint,
883 848 1162 887 liberabuntur.
1195 848 1402 896 Istaevenim
1421 847 1548 886 vestrae
1567 847 1719 885 eximiae

316 913 567 966 pulchraeque
586 914 744 952 virtutes
764 914 834 952 nifi
849 914 1088 968 voluptatem
1099 914 1309 960 efficerent,
1324 915 1410 967 quis
1430 927 1490 952 eas
1503 923 1568 951 aut
1583 912 1715 951 lauda-

319 979 430 1025 biles,
461 990 526 1018 aut
545 979 774 1032 expetendas
804 980 1079 1018 arbitraretur?
1110 982 1168 1018 Ut
1193 981 1299 1019 enim
1329 980 1573 1025 medicorum
1591 979 1716 1017 scien-

317 1045 426 1090 tiam,
448 1058 527 1083 non
546 1045 660 1097 ipfius
680 1045 784 1091 artis,
814 1045 878 1084 sed
896 1045 1006 1084 bonae
1025 1045 1254 1084 valetudinis
1270 1045 1392 1090 causa,
1411 1045 1622 1098 probamus
1638 1062 1651 1089 5
1679 1053 1718 1082 et

315 1110 579 1163 gubernatoris
605 1123 677 1156 arS,
708 1111 799 1164 quia
827 1111 925 1149 bene
943 1111 1147 1164 navigandi
1167 1111 1356 1149 rationem
1375 1110 1506 1155 habet,
1535 1110 1715 1155 utilitate,

316 1189 396 1214 non
415 1185 507 1221 arte,
528 1175 701 1214 laudatur
712 1194 725 1222 3
747 1176 797 1214 fic
817 1175 1010 1230 sapientia,
1027 1190 1112 1229 quae
1127 1189 1184 1214 ars
1198 1176 1353 1215 vivendi
1373 1175 1541 1229 putanda
1559 1175 1625 1220 est,
1639 1188 1718 1214 non

315 1251 570 1294 expeteretur,
601 1242 629 1280 fi
649 1241 750 1280 nihil
768 1241 935 1281 efficeret
946 1261 958 1287 5
990 1255 1094 1281 nunc
1112 1242 1317 1295 expetitur,
1336 1241 1443 1294 quod
1461 1241 1515 1280 est
1533 1250 1718 1294 tanquam

317 1307 455 1347 artifex
475 1307 744 1360 conquirendae
763 1316 801 1346 et
820 1308 1083 1361 comparandae
1102 1307 1326 1360 voluptatis.

373 1373 507 1424 Qam
525 1383 654 1411 autem
684 1373 812 1411 dicam
830 1373 1069 1426 voluptatem
1083 1374 1167 1425 jam
1186 1373 1339 1418 videtis,
1373 1385 1421 1411 ne
1440 1372 1585 1410 invidia
1611 1372 1718 1410 verbi

318 1438 566 1478 labefactetur
581 1439 702 1477 oratio
731 1452 830 1478 mea.
879 1439 986 1478 Nam
1004 1453 1097 1478 cum
1117 1439 1356 1491 ignoratione
1379 1452 1508 1477 rerum
1528 1439 1718 1477 bonarum

318 1514 358 1543 et
376 1505 566 1543 malarum
585 1505 756 1543 maxime
775 1503 985 1547 hominum
1004 1505 1083 1542 vita
1100 1513 1271 1550 vexetur,
1292 1505 1343 1543 ob
1363 1517 1532 1556 eumque
1550 1517 1717 1543 errorem

316 1580 357 1610 et
375 1570 637 1624 voluptatibus
654 1570 835 1608 maximis
856 1570 951 1624 saepe
971 1570 1183 1623 priventur,
1203 1579 1240 1608 et
1259 1569 1484 1623 praviffimis
1506 1570 1626 1617 animi
1643 1570 1716 1608 do-

317 1636 462 1675 loribus
493 1644 741 1688 torqueantur
754 1654 766 1682 5
798 1635 979 1689 sapientia
1003 1635 1056 1676 est
1074 1635 1303 1682 adhibenda,
1325 1650 1425 1688 quae,
1452 1645 1491 1674 et
1510 1636 1717 1674 terroribus

314 1701 667 1755 cupiditatibusque
687 1701 878 1748 detractis,
899 1711 937 1741 et
953 1703 1136 1741 omnium
1153 1701 1331 1741 falsarum
1347 1702 1578 1755 opinionum
1594 1712 1717 1741 teme-

316 1768 426 1806 ritate
457 1768 618 1821 direpta‚
648 1768 896 1807 certiffimam
915 1768 951 1809 se
984 1769 1096 1808 nobis
1116 1768 1256 1806 ducem
1275 1769 1441 1821 praebeat
1471 1768 1516 1805 ad
1536 1768 1716 1821 volupta-

317 1843 412 1873 tem.
472 1834 662 1887 Sapientia
679 1834 786 1872 enim
805 1834 858 1873 est
887 1847 974 1880 una,
1003 1848 1088 1887 quae
1107 1834 1330 1872 moestitiam
1349 1834 1464 1887 pellat
1484 1847 1531 1872 ex
1561 1834 1715 1880 animis,

315 1914 403 1953 quae
423 1912 490 1938 nos
511 1899 773 1938 exhorrescere
792 1910 900 1940 metu
920 1914 999 1939 non
1018 1901 1111 1939 finat
1126 1919 1138 1946 5
1171 1914 1246 1953 qua
1276 1900 1519 1953 praeceptrice
1539 1900 1579 1937 in
1611 1909 1715 1938 tran-

314 1965 510 2018 quillitate
528 1966 605 2004 vivi
625 1966 761 2018 potest,
776 1967 957 2005 omnium
976 1966 1236 2019 cupiditatum
1256 1965 1388 2003 ardore
1407 1965 1597 2003 restinffi‘co.
1631 1966 1714 2003 Cu-

315 2031 494 2084 piditates
514 2033 620 2070 enim
635 2031 723 2070 sunt
739 2032 966 2072 insatiabiles
984 2047 993 2071 ε
1012 2046 1096 2085 quae
1114 2047 1192 2071 non
1207 2032 1325 2070 modo
1341 2031 1507 2084 singulos
1520 2030 1714 2076 homines,

314 2098 378 2140 sed
408 2098 596 2141 universas
616 2097 795 2144 familias,
827 2109 1003 2138 evertunt
1019 2119 1030 2144 5
1062 2109 1185 2138 totam
1213 2099 1330 2137 etiam
1360 2097 1586 2136 labefafflnt
1620 2098 1715 2150 saepe

314 2164 614 2217 rempublicam.
646 2165 708 2202 Ex
729 2165 1006 2218 cupiditatibus
1025 2165 1126 2210 odia,
1147 2164 1304 2210 diffidia,
1327 2163 1534 2209 discordiae,
1559 2162 1714 2201 seditio-

315 2229 518 2275 nes‚‚bella
532 2230 749 2269 nascuntur.
773 2231 858 2269 Nec
879 2230 937 2269 hae
957 2231 1029 2269 sese
1049 2230 1140 2269 foris
1160 2230 1285 2269 solum
1300 2231 1459 2282 jad'tant,
1477 2243 1545 2267 nec
1563 2226 1715 2266 tantum

316 2296 357 2334 in
377 2296 468 2334 alios
490 2310 590 2334 caeco
609 2297 757 2349 impetu
777 2298 993 2343 incurrunt,
1011 2298 1071 2336 sed
1091 2298 1194 2336 intus
1210 2298 1326 2335 etiam
1347 2297 1387 2334 in
1407 2296 1546 2334 animis
1562 2294 1716 2332 inclusae

317 2361 417 2399 inter
436 2361 510 2399 sese
528 2361 704 2400 diffident
729 2373 842 2415 atque
862 2363 1075 2402 discordant
1091 2382 1104 2408 5
1135 2377 1182 2401 ex
1203 2377 1282 2415 quo
1301 2363 1420 2400 vitam
1445 2360 1715 2399 amariffimmn

317 2426 460 2465 necesse
479 2427 532 2465 est
551 2428 651 2467 effici
670 2444 678 2467 :
711 2438 754 2467 ut
774 2429 916 2482 sapiens
937 2429 1076 2474 solum,
1098 2438 1293 2482 amputata
1311 2427 1612 2479 circumcisaque
1631 2426 1715 2463 ina-

318 2494 436 2531 nitate
455 2494 565 2531 omni
596 2504 634 2532 et
653 2508 789 2540 errore,
822 2505 963 2535 naturae
983 2496 1126 2535 finibus
1147 2504 1366 2538 contentus,
1395 2493 1472 2531 fine
1492 2491 1717 2545 aegritudine

307 2558 443 2615 possit,
466 2569 504 2597 et
522 2557 597 2598 sine
614 2569 733 2606 metu,
756 2561 893 2601 vivere.

1370 2625 1420 2664 M
1443 2637 1464 2664 2
