2330 2983
667 266 943 328 L1BER
1006 266 1368 305 PRIMUS.
1639 280 1715 322 253

373 368 557 419 Cumque
588 364 687 404 nihil
710 378 861 410 ESSET,
894 375 936 404 ut
957 366 1139 405 omnibus
1159 366 1254 405 locis
1285 380 1306 404 a
1326 366 1484 406 Platone
1513 366 1718 413 differitur,

305 432 440 484 <nihil
461 433 566 471 enim
592 431 658 469 ille
679 441 787 483 putat
820 431 905 476 ess'e,
937 432 1041 483 quod
1061 432 1204 470 oriatur
1223 442 1261 470 et
1295 433 1480 478 intereat;
1513 434 1628 486 idque
1657 434 1718 473 so-

317 499 404 538 lum
424 497 507 542 effe,
538 496 644 548 quod
671 496 818 549 semper
849 496 922 534 tale
953 496 1011 541 fit,
1042 496 1198 548 qualem
1217 497 1328 535 ideam
1349 499 1513 550 appellat
1539 500 1618 544 ille,
1649 513 1718 538 nos

302 563 485 617 speciem)
520 576 598 600 non
618 563 747 614 potuit
777 563 928 600 animus
950 560 1031 600 haec
1051 562 1092 600 in
1123 575 1282 615 corpore
1302 563 1470 602 inclusus
1504 565 1718 616 agnoscere,

316 629 472 681 cognita
492 627 647 666 attulit:
679 641 727 665 ex
747 641 825 680 quo
846 637 924 666 tam
946 627 1158 666 multarum
1179 642 1307 667 rerum
1336 629 1570 682 cognitionis
1592 631 1718 668 admi-

317 695 413 733 ratio
434 694 600 732 tollitur.
632 693 774 745 Neque
793 707 836 732 ea
855 694 965 746 plane
985 695 1090 732 videt
1110 694 1275 739 animus,
1296 708 1389 733 cum
1408 705 1561 748 repente
1581 696 1621 733 in
1641 705 1720 734 tam

316 760 531 805 insolitum,
547 769 704 812 tamque
719 761 987 812 perturbatum
1002 761 1250 799 domicilium
1266 761 1505 814 immigravit
1518 780 1528 806 ;
1551 762 1611 800 sed
1627 775 1721 801 cum

318 826 355 864 se
381 826 554 878 collegit,
576 835 691 878 atque
721 826 914 871 recreavit,
946 836 1032 864 tum
1051 827 1222 879 agnoscit
1253 826 1318 865 illa
1338 826 1630 867 reminiscendo.
1664 830 1724 867 Ita

321 890 420 930 nihil
442 891 546 930 aliud
564 891 630 936 est,
652 891 804 937 discere,
825 892 892 930 nisi
914 893 1116 932 recordari.

375 959 462 1010 Ego
481 967 612 995 autem
643 958 786 1009 majore
805 958 922 996 etiam
944 959 1112 1010 quodam
1133 959 1252 997 modo
1283 961 1511 998 memoriam
1537 961 1720 999 admiror.

320 1023 430 1074 Qid
450 1022 503 1060 est
522 1023 627 1060 enim
644 1022 755 1067 illud,
773 1036 852 1074 quo
871 1024 1126 1062 meminimus
1142 1025 1155 1061 ?
1177 1034 1243 1063 aut
1259 1038 1377 1076 quam
1392 1025 1508 1064 habet
1527 1027 1605 1064 vim
1623 1025 1635 1062 ?
1657 1035 1723 1063 aut

317 1089 418 1128 unde
437 1098 566 1127 natam
585 1089 598 1126 ?
630 1089 725 1127 Non
747 1102 890 1140 quaero,
921 1089 1064 1141 quanta
1084 1091 1273 1128 memoria
1295 1091 1510 1130 Simonides
1530 1091 1639 1130 fuiffe
1659 1092 1722 1129 di-

317 1164 438 1200 catur,
470 1163 613 1206 quanta
643 1152 898 1199 Theodectes,
930 1164 1073 1207 quanta
1102 1156 1148 1201 is,
1179 1157 1248 1208 qui
1278 1169 1299 1194 a
1322 1156 1470 1208 Pyrrho
1500 1158 1646 1211 legatus
1677 1157 1724 1195 ad

318 1221 490 1260 senatum
521 1220 574 1259 est
605 1220 753 1266 miffus,
783 1221 937 1266 Cineas,
968 1231 1112 1274 quanta
1141 1235 1264 1275 nuper
1283 1222 1534 1268 Charmadas,
1565 1232 1721 1276 quanta,

319 1288 388 1340 qui
407 1288 527 1327 modo
545 1286 637 1332 fuit,
668 1287 837 1340 Scepsius
859 1288 1122 1334 Metrodorus,
1153 1298 1296 1341 quanta
1322 1290 1446 1328 noster
1466 1290 1692 1329 Hortenfius
1710 1305 1722 1328 ι

321 1353 368 1392 de
387 1354 593 1393 communi
612 1354 792 1391 omnium
813 1355 1001 1392 memoria
1020 1355 1173 1407 loquor,
1206 1364 1245 1393 et
1275 1369 1409 1394 eorum
1441 1356 1625 1401 maxime,
1655 1357 1724 1409 qui

321 1419 361 1458 in
381 1420 513 1472 aliquo
533 1421 676 1472 majore
695 1420 820 1458 studio
841 1429 879 1458 et
909 1430 986 1458 arte
1010 1421 1202 1459 versantur
1216 1440 1229 1466 ς
1260 1436 1429 1474 quorum
1450 1431 1593 1475 quanta
1612 1436 1725 1461 mens

321 1486 378 1532 fit,
401 1486 561 1525 difficile
580 1486 633 1524 est
652 1487 891 1532 existimare5
914 1488 966 1525 ita
986 1488 1110 1526 multa
1129 1489 1405 1527 meminerunt.

374 1553 508 1591 XXV.
541 1552 714 1604 Qorsus
734 1553 854 1605 igitur
873 1551 954 1591 haec
976 1553 1116 1606 spectat
1134 1554 1285 1592 oratio?
1316 1555 1416 1606 Qae
1436 1554 1480 1592 s1t
1500 1553 1567 1592 illa
1585 1555 1656 1600 vis,
1684 1561 1724 1593 et

321 1618 437 1663 unde,
458 1617 757 1670 intelligendum
776 1627 887 1671 puto.
918 1619 1013 1657 Non
1034 1619 1087 1657 est
1106 1628 1207 1658 certe
1226 1633 1296 1658 nec
1317 1620 1456 1665 cordis,
1478 1634 1548 1658 nec
1568 1621 1722 1673 sangui-

321 1683 393 1727 nis,
411 1695 480 1721 nec
500 1682 660 1727 cerebri,
682 1696 754 1720 nec
774 1693 1008 1722 atomorum.
1041 1685 1188 1722 Anima
1206 1685 1252 1723 fit
1272 1686 1439 1731 animus,
1456 1685 1615 1737 ignisve,
1637 1686 1722 1724 nes-

319 1749 381 1787 cio
396 1766 408 1793 ;
441 1762 511 1786 nec
533 1762 597 1786 me
612 1748 745 1801 pudet,
776 1758 820 1787 ut
838 1749 942 1795 istos,
972 1749 1082 1788 fateri
1102 1750 1244 1788 nescire
1274 1751 1378 1803 quod
1398 1751 1577 1790 nesciam.
1618 1751 1724 1790 Illud

318 1814 346 1853 fi
366 1814 444 1852 ulla
463 1814 536 1851 alia
554 1814 601 1852 de
623 1828 661 1852 re
688 1814 845 1853 obscura
864 1816 1052 1853 affirmare
1070 1815 1230 1868 poffem,
1247 1816 1321 1854 five
1350 1817 1491 1862 anima,
1523 1818 1596 1855 five
1621 1818 1723 1871 ignis

319 1880 365 1919 fit
383 1880 550 1925 animus,
571 1893 662 1918 eum
675 1880 845 1931 jurarem
865 1880 936 1918 effe
955 1881 1148 1920 divinum.
1191 1882 1300 1934 Qid
1318 1883 1424 1921 enim
1440 1883 1453 1920 ?
1484 1883 1642 1922 obsecro
1670 1893 1722 1928 te,

320 1947 467 1985 terrane
487 1946 575 1991 tibi,
606 1955 670 1984 aut
699 1945 774 1984 hoc
804 1947 990 1985 nebuloso
1016 1957 1054 1985 et
1073 1948 1280 2000 caliginoso
1305 1949 1412 1994 caelo,
1443 1958 1508 1987 aut
1536 1949 1624 1995 sata,
1656 1959 1722 1987 aut

320 2021 496 2052 concreta
515 2012 664 2051 videtur
685 2021 789 2050 tanta
807 2013 863 2051 vis
884 2014 1078 2052 memoriae
1097 2014 1111 2051 ?
1133 2015 1185 2059 Si,
1207 2015 1302 2067 quid
1318 2015 1364 2053 fit
1378 2013 1468 2061 hoc,
1491 2029 1567 2054 non
1587 2016 1690 2053 vides
1706 2033 1720 2060 ;

321 2087 378 2131 at,
392 2078 504 2131 quale
524 2078 582 2123 fit,
601 2077 723 2116 vides.
770 2078 808 2116 Si
827 2092 875 2116 ne
904 2078 944 2116 id
964 2079 1123 2132 quidem
1140 2098 1152 2125 ⁵
1184 2089 1234 2125 at,
1256 2089 1448 2132 quantum
1468 2081 1526 2126 fit,
1549 2080 1722 2134 profecto

320 2143 439 2183 vides.
491 2143 600 2195 Qid
618 2143 738 2196 igitur
755 2145 769 2181 ?
801 2141 933 2182 utrum
963 2145 1214 2197 capacitatem
1244 2145 1415 2198 aliquam
1434 2147 1474 2184 in
1495 2147 1625 2185 animo
1645 2160 1720 2199 pu-

322 2217 448 2247 tamus
467 2208 553 2253 effe,
583 2211 662 2261 quo
683 2219 866 2261 tanquam
897 2210 937 2247 in
971 2211 1127 2263 aliquod
1157 2224 1219 2249 vas
1253 2224 1308 2257 ea,
1339 2225 1424 2264 quae
1453 2213 1721 2256 meminimus,

322 2273 578 2312 infundantur
595 2274 608 2310 ?
633 2273 865 2312 Absurdum
885 2275 926 2312 id
944 2275 1129 2328 quidem3
1161 2276 1229 2328 qui
1249 2276 1355 2314 enim
1375 2276 1533 2322 fundus,
1555 2286 1620 2314 aut
1635 2290 1721 2328 quae

322 2339 408 2377 talis
429 2339 551 2377 animi
571 2339 693 2392 figura
711 2340 877 2394 intelligi
896 2342 1045 2394 potest?
1076 2351 1141 2380 aut
1160 2356 1245 2395 quae
1268 2352 1370 2380 tanta
1388 2344 1548 2381 omnino
1568 2343 1720 2394 capaci-

322 2405 409 2442 tas?
441 2405 506 2442 An
525 2404 702 2457 imprimi
727 2407 829 2458 quafi
850 2420 975 2446 ceram
1007 2409 1182 2446 animum
1202 2417 1397 2460 putamus,
1427 2418 1464 2446 et
1490 2408 1722 2445 memoriam

323 2469 394 2508 effe
415 2469 645 2522 signatarum
666 2485 794 2511 rerum
809 2473 849 2511 in
870 2483 1000 2512 mente
1015 2473 1196 2526 vestigia?
1218 2475 1316 2525 Qae
1331 2473 1482 2526 poffunt
1497 2473 1719 2517 verborum,

323 2549 407 2588 quae
439 2549 566 2574 rerum
600 2537 781 2589 ipsarum,
825 2539 895 2577 effe
927 2539 1079 2592 vestigia
1096 2541 1109 2577 ?
1152 2541 1250 2591 Qae
1280 2552 1393 2591 porro
1425 2549 1502 2579 tam
1532 2539 1723 2579 immensa

322 2601 564 2656 magnitudo,
586 2616 670 2657 quae
689 2604 756 2643 illa
776 2613 856 2645 tam
875 2605 998 2644 multa
1014 2605 1126 2658 poffit
1146 2605 1324 2658 effingere
1342 2605 1356 2642 ?
