2330 2983
434 227 508 282 388
741 217 1516 261 TUSCULANARUM

429 324 556 378 Qid?
585 337 649 361 vos
667 320 836 375 hesterna,
864 318 1006 371 inquit,
1037 317 1174 357 caenulcff
1189 330 1256 355 non
1276 315 1500 368 intellexssis,
1521 327 1574 352 me
1585 315 1737 367 pecunia
1755 329 1822 353 note

428 388 560 443 egere?
604 388 715 438 Qos
743 399 837 424 cum
858 384 1036 424 tristiores
1055 381 1216 428 vidisset,
1248 395 1336 421 xxx
1360 381 1483 419 minas
1503 381 1666 433 accepit,
1698 393 1746 418 ne
1765 380 1822 418 as-

429 454 576 508 pernari
597 453 696 505 regis
716 450 984 490 liberalitatem
1002 448 1207 487 videretur.

485 523 541 559 At
570 532 660 557 vero
694 517 886 570 Diogenes
911 516 1084 560 liberius,
1118 524 1162 552 ut
1196 514 1381 565 Cynicus,
1412 511 1632 551 Alexandro
1658 509 1822 564 roganti,

430 596 474 625 ut
493 586 649 630 diceret,
669 583 695 622 s1
714 583 810 636 quid
824 594 919 636 opus
935 580 1036 625 effet,
1050 581 1162 619 Nunc
1177 578 1310 633 quidem
1323 578 1524 631 paululum,
1541 577 1683 629 inquit,
1704 591 1728 615 a
1733 576 1821 629 sole.

431 651 625 690 Offecerat
644 649 823 687 videlicet
853 646 1052 700 apricanti.
1098 646 1150 683 Et
1181 644 1244 682 hic
1275 644 1435 696 quidem
1460 642 1647 695 disputare
1667 641 1823 685 solebat,

430 720 575 770 quanto
609 729 737 767 regem
773 713 968 752 Persarum
999 709 1077 749 vita
1109 709 1341 761 fortunaque
1375 709 1575 761 superaret.
1617 708 1698 746 Sibi
1723 706 1823 745 nihil

429 781 547 820 deeffe
559 800 571 826 3
603 780 662 818 illi
682 777 782 817 nihil
802 777 887 816 satis
908 789 1082 829 unquam
1102 773 1196 812 fore.
1230 775 1275 811 Se
1294 773 1375 825 ejus
1395 773 1608 824 voluptates
1628 784 1707 809 non
1726 771 1823 809 defi-

429 847 572 891 derare,
605 843 748 897 quibus
779 854 980 895 nunquam
1010 839 1133 878 satiari
1166 838 1231 876 ille
1249 837 1369 890 posset
1383 855 1396 882 3
1427 836 1508 875 suas
1535 848 1626 875 eum
1644 835 1825 888 consequi

431 911 539 950 nullo
559 909 677 948 modo
696 907 812 962 poffe.

485 975 680 1014 XXXIII.
712 973 845 1019 Vides,
865 972 994 1018 credo,
1014 980 1059 1010 ut
1078 970 1271 1024 Epicurus
1291 969 1548 1022 cupiditatum
1568 981 1706 1020 genera
1724 966 1825 1005 divi-

432 1043 518 1082 serit
534 1061 545 1087 ;
578 1055 655 1080 non
677 1040 794 1079 nimis
825 1038 973 1078 fortasse
1003 1038 1206 1082 subtiliter,
1238 1036 1384 1074 utiliter
1404 1045 1558 1074 tamen:
1591 1034 1730 1088 partim
1755 1033 1826 1071 effe

431 1107 634 1153 naturales,
665 1115 704 1144 et
734 1103 974 1149 neceffarias;
1005 1103 1146 1156 partim
1177 1101 1379 1146 naturales,
1410 1110 1448 1138 et
1478 1115 1555 1139 non
1582 1099 1794 1138 neceffarias
1811 1117 1823 1143 ;

429 1173 572 1228 partim
605 1181 801 1210 neutrum.
847 1169 1077 1209 Neceffarias
1098 1167 1220 1206 satiari
1243 1166 1343 1220 poffe
1372 1179 1469 1219 pene
1488 1165 1640 1210 nihilo;
1676 1165 1826 1203 divitias

431 1239 537 1276 enim
557 1246 700 1275 naturae
714 1234 900 1288 parabiles
919 1234 1004 1272 effe.
1031 1233 1250 1272 Secundum
1270 1242 1399 1270 autem
1414 1245 1535 1283 genus
1550 1231 1825 1284 cupiditatum,

431 1317 501 1343 nec
521 1303 567 1341 ad
586 1301 817 1356 potiendum
847 1300 1005 1339 difficile
1035 1298 1107 1337 effe
1138 1298 1277 1343 censet,
1312 1311 1380 1335 nec
1411 1310 1498 1335 vero
1531 1297 1578 1335 ad
1602 1296 1824 1334 carendum.

431 1370 595 1414 Tertias,
617 1368 721 1422 quod
740 1366 858 1405 essent
877 1365 988 1420 plane
1007 1365 1152 1409 inanes,
1181 1376 1306 1416 neque
1326 1362 1582 1401 neceffitatem
1603 1361 1735 1406 modo,
1766 1361 1829 1400 sed

433 1449 479 1474 ne
499 1445 674 1474 naturam
694 1433 855 1487 quidem
873 1432 1119 1485 attingerent,
1150 1429 1326 1469 funditus
1346 1429 1549 1482 ejiciendas
1570 1428 1732 1482 putavit.

487 1502 578 1539 Hoc
610 1501 697 1539 loco
726 1499 850 1537 multa
874 1499 922 1537 ab
942 1498 1143 1551 Epicureis
1175 1496 1428 1549 disputantur,
1461 1508 1590 1548 eaeque
1612 1494 1829 1547 voluptates

433 1565 653 1619 singillatim
673 1572 928 1603 extenuantur
942 1581 954 1608 ;
987 1575 1151 1615 quarum
1165 1574 1305 1614 genera
1326 1574 1402 1599 non
1422 1568 1693 1603 contemnunt,
1720 1572 1827 1611 quae-

433 1642 522 1671 runt
554 1641 681 1669 tamen
712 1630 879 1682 copiam.
929 1629 1036 1667 Nam
1070 1638 1107 1666 et
1137 1627 1332 1665 obscoenas
1362 1625 1588 1679 voluptates,
1618 1625 1666 1662 de
1685 1625 1826 1676 quibus

433 1698 554 1736 multa
573 1697 620 1734 ab
641 1695 718 1733 illis
738 1694 902 1732 habetur
919 1694 1054 1737 oratio,
1085 1692 1229 1736 faciles,
1261 1705 1503 1736 communes,
1534 1692 1575 1728 in
1595 1690 1723 1728 medio
1744 1689 1826 1726 fitas

433 1763 503 1801 esse
523 1763 682 1806 dicunt3
714 1759 860 1812 easque,
883 1759 908 1797 si
929 1768 1061 1797 natura
1087 1758 1264 1810 requirat,
1286 1770 1362 1795 non
1383 1769 1533 1809 genere,
1554 1765 1620 1794 aut
1639 1756 1740 1799 loco,
1761 1764 1827 1792 aut

432 1829 578 1872 ordine,
601 1827 661 1865 sed
681 1825 818 1871 forma,
840 1833 962 1869 aetate,
984 1823 1105 1877 figura
1124 1823 1335 1862 metiendas
1355 1831 1515 1875 putant:
1551 1821 1598 1859 ab
1618 1820 1737 1872 iisque
1757 1821 1826 1858 ab·

435 1895 568 1932 ssinere
589 1893 751 1931 minime
770 1890 841 1929 effe
871 1890 1042 1935 difficile,
1077 1890 1103 1927 fi
1133 1898 1198 1927 aut
1218 1889 1410 1934 valetudo,
1445 1897 1509 1926 aut
1538 1886 1728 1930 officium,
1762 1894 1828 1923 aut

434 1960 536 1998 fama
557 1958 742 2011 postulet:
778 1956 1016 2008 omninoque
1035 1969 1154 2008 genus
1185 1954 1260 1992 hoc
1290 1955 1533 2007 voluptatum
1553 1951 1722 2005 optabile
1741 1951 1825 1994 esse,

437 2027 460 2063 fi
484 2039 558 2063 non
579 2023 675 2062 obsit
692 2041 703 2068 ς
727 2021 892 2075 prodesse
912 2034 1125 2074 nunquam.
1159 2021 1386 2071 Totumque
1407 2018 1480 2056 hoc
1500 2017 1547 2055 de
1566 2017 1762 2068 voluptate
1776 2015 1826 2053 sic

436 2091 500 2129 ille
521 2090 712 2144 praecepst,
736 2098 778 2127 ut
798 2087 1036 2141 voluptatem
1057 2086 1176 2140 ipsam
1199 2100 1263 2139 per
1282 2085 1330 2130 se,
1348 2085 1438 2137 quia
1457 2083 1629 2136 voluptas
1651 2081 1708 2125 sit,
1727 2080 1825 2118 scm-

437 2171 501 2209 per
519 2156 723 2209 optandam
743 2154 1073 2207 expetendamque
1092 2162 1223 2206 putet5
1254 2151 1463 2202 eademque
1485 2149 1628 2188 ratione
1654 2147 1825 2185 dolorem

435 2223 486 2260 ob
507 2222 544 2259 id
567 2220 706 2274 ipsum,
728 2221 818 2272 quia
846 2219 955 2257 dolor
976 2219 1033 2263 sit,
1057 2218 1201 2270 semper
1221 2215 1291 2255 else
1311 2215 1554 2268 fugiendum.
1602 2214 1735 2265 Imque
1755 2211 1825 2250 hac

437 2289 594 2326 usurum
616 2286 921 2339 compensatione
937 2285 1154 2338 sapientem,
1170 2293 1212 2321 ut
1228 2283 1464 2335 voluptatem
1487 2280 1621 2333 fugiat,
1638 2279 1661 2317 fi
1682 2292 1723 2316 ea
1741 2291 1824 2316 ma-

433 2356 555 2406 jorem
577 2352 747 2390 dolorem
764 2350 941 2389 effectura
963 2351 1029 2395 (ιω
1051 2361 1087 2387 ct
1108 2349 1278 2386 dolorem
1299 2347 1484 2399 suscipiat,
1503 2347 1686 2397 majorem
1703 2343 1825 2381 effici-

437 2429 564 2456 entem
586 2418 820 2470 voluptatem
837 2435 846 2461 ;
873 2416 1078 2466 omniaque
1093 2414 1277 2466 jucund-1,
1295 2425 1513 2464 quanquam
1538 2411 1640 2448 sensu
1657 2408 1825 2461 corporis

433 2485 665 2535 judicentur,
698 2483 740 2520 ad
762 2483 937 2520 animum
959 2480 1084 2518 referri
1108 2490 1249 2518 tamen.
1294 2478 1487 2529 (roirca
1507 2489 1645 2529 corpus
1664 2474 1824 2527 gaudere
