2330 2983
589 259 665 309 248
894 254 1672 296 TUSCULANARUM

633 358 746 397 XIX.
769 356 946 401 Accedit,
968 365 1012 394 ut
1030 370 1075 394 eo
1094 354 1246 394 facilius
1267 355 1418 394 animus
1438 355 1570 393 evadat
1589 369 1637 393 ex
1656 353 1731 394 hoc
1750 367 1847 401 aere,
1863 369 1983 408 quem

588 425 682 477 saepe
709 424 792 476 jam
821 422 972 475 appello
991 422 1166 467 craffum,
1197 435 1365 474 eumque
1393 431 1628 474 perrumpat,
1663 421 1767 474 quod
1797 420 1897 460 nihil
1930 422 1984 460 est

587 491 716 528 animo
736 489 904 527 velocius
922 507 934 533 ;
966 488 1072 526 nulla
1090 488 1143 526 est
1162 487 1346 532 celeritas,
1381 501 1466 540 qua:
1486 488 1598 540 pofiit
1617 501 1708 525 cum
1733 487 1852 526 animi
1879 487 1982 526 cele·

589 555 697 594 ritate
716 554 958 593 contendere.
997 554 1079 606 Qi
1099 554 1126 592 fi
1145 563 1342 607 permanet
1366 554 1625 606 incorruptus,
1655 553 1789 606 suique
1820 553 1952 591 similis
1970 571 1982 597 3

587 619 731 659 necesse
763 621 816 658 est
845 620 898 657 ita
916 618 1070 665 seratur,
1102 629 1145 658 ut
1164 628 1336 672 penetret
1367 628 1405 656 et
1434 619 1579 657 dividat
1598 632 1715 657 omne
1734 619 1872 657 caelum
1893 617 1982 663 hoc,

588 687 628 724 in
648 700 727 739 quo
746 686 882 730 nubes,
903 685 1061 729 imbres,
1083 685 1264 737 ventique
1280 694 1472 737 coguntur
1483 703 1495 728 ;
1518 684 1622 736 quod
1640 694 1679 722 et
1696 683 1923 729 humidum,
1946 693 1985 722 et

588 751 842 804 caliginosum
875 750 941 795 est,
976 759 1132 802 propter
1164 749 1422 788 exhalationes
1455 758 1575 788 terrae.
1626 751 1758 800 Qam
1791 750 1986 802 regionem

589 831 682 856 cum
700 817 886 870 superavit
907 816 1072 860 animus,
1094 825 1346 868 naturamque
1362 815 1415 853 sui
1432 815 1594 853 similem
1612 815 1791 867 contigit,
1807 824 1846 852 et
1864 827 1984 868 agno-

589 883 645 920 vit
661 901 672 927 ;
698 884 856 935 junctus
877 895 924 919 ex
943 882 1072 919 anima
1092 881 1211 926 tenui,
1244 890 1282 919 et
1301 894 1346 919 ex
1367 881 1496 918 ardore
1517 880 1604 918 solis
1624 889 1848 933 temperato,
1880 880 1985 932 igni-

590 948 662 986 bus
682 947 830 991 infistit,
851 956 890 984 et
907 946 1026 984 finem
1046 946 1159 984 altius
1180 946 1214 984 se
1229 945 1409 984 efferendi
1430 945 1535 984 facit.
1559 947 1664 984 Cum
1680 945 1785 983 enim
1801 945 1858 983 sui
1877 944 1984 983 fimi-

589 1013 669 1052 lem
689 1023 727 1051 et
747 1013 956 1057 levitatem,
988 1021 1026 1050 et
1044 1012 1210 1050 calorem
1240 1012 1398 1065 adeptus
1418 1012 1483 1056 est,
1519 1021 1700 1064 tanquam
1720 1011 1875 1064 paribus
1894 1023 1984 1049 exa-

590 1079 758 1117 minatus
779 1079 1025 1131 ponderibus,
1042 1077 1188 1116 nullam
1209 1079 1248 1116 in
1262 1088 1407 1131 partem
1425 1087 1600 1116 movetur
1613 1097 1623 1122 ;
1646 1091 1764 1130 eaque
1779 1078 1813 1115 ei
1826 1077 1986 1115 demum

591 1145 772 1183 naturalis
792 1144 844 1182 est
865 1144 980 1189 sedes,
1001 1158 1093 1182 cum
1114 1144 1160 1182 ad
1180 1143 1235 1182 sui
1263 1144 1427 1182 similem
1448 1144 1673 1196 penetravit,
1708 1143 1748 1181 in
1783 1156 1861 1195 quo
1882 1141 1988 1180 nulla

590 1225 630 1249 re
647 1224 759 1263 egens
779 1210 900 1248 aletur
918 1220 956 1248 et
975 1209 1241 1248 sustentabitur
1261 1210 1394 1248 iisdem
1414 1210 1540 1254 rebus,
1568 1210 1711 1262 quibus
1731 1209 1823 1247 astra
1841 1208 1985 1247 susten-

592 1286 721 1315 tantur
739 1286 778 1314 et
797 1276 964 1314 aluntur.

645 1341 828 1395 Cumque
861 1342 1029 1395 corporis
1064 1340 1212 1379 facibus
1244 1341 1475 1379 inflammari
1496 1341 1682 1379 soleamus
1708 1341 1753 1379 ad
1774 1353 1907 1378 omnes
1927 1339 1987 1378 fe-

591 1421 630 1447 re
649 1408 894 1461 cupiditates,
924 1421 1045 1460 eoque
1075 1407 1198 1460 magis
1232 1407 1399 1451 incendi,
1431 1407 1536 1459 quod
1568 1407 1614 1444 iis
1645 1407 1887 1451 aemulemur,
1920 1406 1989 1458 qui

590 1488 634 1512 ea
652 1473 828 1518 habeant,
859 1487 944 1526 quae
973 1486 1042 1511 nos
1067 1472 1207 1511 habere
1238 1473 1440 1525 cupiamus
1456 1491 1468 1517 ;
1498 1471 1672 1525 profesto
1701 1472 1800 1510 beati
1830 1472 1988 1516 erimus,

591 1553 698 1584 cum,
729 1539 953 1591 corporibus
980 1538 1135 1582 relictis,
1165 1547 1204 1575 et
1223 1537 1498 1590 cupiditatum,
1533 1546 1570 1575 et
1591 1537 1881 1576 aemulationum
1911 1537 1989 1575 eri-

592 1619 679 1644 mus
700 1613 869 1657 expertes
888 1619 896 1642 :
929 1604 1110 1657 quodque
1136 1617 1239 1642 nunc
1259 1603 1438 1648 facimus,
1471 1617 1564 1641 cum
1585 1604 1699 1642 laxati
1719 1604 1821 1641 curis
1842 1603 1987 1647 sumus,

593 1680 636 1709 ut
657 1671 818 1724 spectare
850 1670 998 1722 aliquid
1029 1670 1194 1708 velimus
1229 1679 1267 1708 et
1297 1669 1426 1714 visere,
1457 1669 1497 1707 id
1526 1669 1653 1708 multo
1687 1678 1771 1707 tum
1803 1668 1988 1706 faciemus

591 1737 775 1781 liberius;
808 1735 982 1787 totosque
1016 1748 1084 1774 nos
1115 1736 1155 1773 in
1184 1735 1492 1787 contemplandis
1513 1734 1624 1772 rebus
1647 1733 1990 1788 perspiciendisque

592 1815 794 1856 ponemus,
826 1811 1022 1855 propterea
1041 1801 1146 1854 quod
1171 1810 1209 1839 et
1242 1800 1375 1839 natura
1407 1800 1501 1839 inest
1531 1801 1727 1839 mentibus
1759 1800 1891 1838 nostris
1926 1800 1990 1837 in-

593 1869 772 1907 satiabilis
803 1868 976 1921 quaedam
997 1868 1186 1920 cupiditas
1219 1867 1298 1905 veri
1318 1867 1496 1911 videndi;
1527 1875 1566 1904 et
1594 1879 1667 1904 ora:
1698 1866 1784 1919 ipsa:
1815 1866 1991 1904 locorum

593 1935 767 1979 illorum,
794 1947 874 1987 quo
894 1934 1190 1986 pervenerimus,
1227 1947 1306 1986 quo
1335 1931 1549 1971 faciliorem
1583 1933 1694 1971 nobis
1725 1932 1991 1985 cognitionem

594 2014 722 2039 rerum
749 1999 971 2043 caelestium‚
992 2012 1038 2037 eo
1064 2000 1248 2051 majorem
1269 1998 1520 2051 cognoscendi
1551 1997 1805 2051 cupiditatem
1829 1998 1989 2036 dabunt.

597 2067 694 2105 Haec
715 2066 820 2105 enim
856 2064 1106 2119 pulchritudo
1136 2065 1252 2103 etiam
1285 2065 1323 2102 in
1346 2065 1453 2102 terris
1474 2064 1635 2117 patriam
1656 2063 1763 2102 ill-arn
1793 2073 1831 2102 et
1850 2063 1994 2101 avitam

597 2136 659 2183 (ut
679 2133 731 2171 ait
751 2130 1058 2185 Theophrastus)
1090 2130 1389 2185 philosophiam,
1421 2130 1655 2184 cognitionis
1686 2129 1894 2182 cupiditate
1929 2130 1992 2167 in-

594 2199 760 2244 censam,
792 2198 986 2237 excitavit.
1037 2198 1230 2251 Praecipue
1258 2211 1346 2236 vero
1379 2196 1554 2235 fruentur
1573 2210 1628 2241 ea,
1659 2197 1726 2249 qui
1754 2205 1839 2234 tum
1859 2196 1992 2240 etiam,

595 2278 702 2310 cum,
717 2264 783 2303 has
803 2274 916 2303 terras
938 2263 1164 2308 incolentes,
1191 2262 1413 2302 circumfusi
1435 2271 1541 2302 erant
1566 2262 1744 2315 caligine,
1767 2270 1894 2300 tamen
1914 2261 1994 2300 acie

597 2331 738 2369 mentis
758 2329 940 2383 dispicere
959 2329 1179 2383 cupiebant.

651 2398 742 2435 XX.
776 2396 935 2435 Etenim
969 2396 995 2434 si
1033 2407 1135 2434 nunc
1167 2394 1311 2447 aliquid
1341 2393 1478 2447 assequi
1502 2393 1537 2433 se
1567 2404 1718 2448 putant,
1753 2393 1822 2448 qui
1852 2393 1993 2433 ostium

598 2462 710 2502 Ponti
732 2461 923 2508 viderunt,
952 2470 992 2501 et
1017 2474 1077 2500 eas
1103 2460 1304 2514 angustias,
1328 2473 1392 2514 per
1412 2473 1505 2512 quas
1526 2461 1738 2515 penetravit
1754 2474 1810 2506 ea,
1838 2472 1922 2513 qua·
1940 2456 1994 2496 est

600 2537 797 2567 nominata

734 2596 853 2649 Argo,
875 2595 958 2649 quia
976 2593 1122 2648 Argivi
1138 2593 1174 2633 in
1193 2607 1247 2639 ea,
1269 2591 1391 2632 delet-71·
1406 2592 1496 2638 viri,
