2330 2983
580 288 658 328 442
838 275 931 313 DE
988 271 1311 312 NATURA
1368 270 1706 309 DEORUM

581 375 735 415 rationis
755 373 807 412 est
827 385 974 426 expers,
1006 372 1046 410 id
1064 383 1240 424 generare
1269 383 1315 409 ex
1336 369 1371 408 se
1391 368 1512 422 potest
1531 368 1784 412 animantem,
1803 379 1965 421 compo-

582 450 739 492 temque
759 438 928 476 rationis.
949 437 1126 476 Mundus
1139 445 1267 475 autem
1278 443 1431 489 generat
1450 434 1676 479 animantes,
1696 432 1969 486 compotesque

582 505 752 544 rationis.
783 504 973 543 Animans
993 502 1046 541 est
1062 503 1180 555 igitur
1199 501 1380 545 mundus,
1402 499 1636 553 composque
1655 498 1850 538 rationis.''

636 570 823 622 Idemque
852 568 1116 612 fimilitudine‚
1150 576 1193 606 ut
1223 567 1315 620 saepe
1342 565 1449 611 solet,
1480 566 1665 604 rationem
1688 562 1874 602 conclufit
1893 561 1969 601 hoc

581 636 699 675 modo
713 654 726 680 ;
754 642 782 659 “
799 635 837 674 Si
856 648 902 673 ex
929 633 1030 672 oliva
1047 633 1242 672 modulate
1261 641 1436 671 canentes
1457 631 1558 670 tibiae
1578 630 1842 673 nascerentur-5
1872 640 1970 666 num

583 701 788 746 dubitares,
809 700 903 753 quin
923 698 1054 738 ineffet
1072 699 1114 736 in
1131 698 1231 736 oliva
1250 697 1420 736 tibicinis
1435 697 1610 750 quaedam
1629 694 1810 734 scientia?
1843 692 1968 744 Qid,

583 768 609 819 fi
630 767 772 821 platani
791 765 963 804 fidiculas
982 764 1126 803 ferrent
1144 763 1343 802 numerose
1362 763 1561 801 sonantes?
1588 762 1693 800 idem
1712 760 1858 800 scilicet
1875 770 1969 798 cen-

583 833 691 885 seres,
721 833 763 871 in
794 831 955 886 platanis
981 829 1095 868 ineffe
1115 830 1314 872 musicam.
1352 830 1434 867 Cur
1454 828 1572 880 igitur
1601 826 1769 865 mundus
1787 838 1867 863 non
1885 823 1970 861 ani-

583 912 707 943 mans,
729 896 946 950 sapiensque
958 895 1166 948 judicetur,
1187 908 1280 933 cum
1299 907 1346 932 ex
1366 893 1402 931 se
1420 901 1592 946 procreet
1609 891 1836 935 animantes,
1856 898 1974 941 atque

584 963 770 1017 sapientes
786 962 826 998 ?'’

637 1029 710 1068 IX.
743 1027 813 1067 Sed
832 1027 1016 1080 quoniam
1034 1026 1137 1080 coepi
1155 1025 1259 1065 secus
1277 1037 1401 1078 agere,
1416 1032 1530 1076 atque
1548 1021 1663 1062 initio
1677 1020 1851 1060 dixeram
1859 1037 1873 1064 ;
1900 1031 1972 1057 ne·

583 1107 712 1147 garam
730 1093 836 1132 enim
854 1091 955 1133 hanc
973 1093 1140 1146 primam
1158 1101 1306 1144 partem
1325 1104 1436 1144 egere
1451 1089 1633 1134 oratione,
1653 1086 1758 1140 quod
1776 1084 1864 1124 effet
1880 1097 1973 1123 om·-

584 1158 700 1211 nibus
716 1157 975 1210 perspicuum,
996 1157 1102 1196 Deos
1125 1155 1195 1194 effe
1209 1174 1223 1201 5
1253 1164 1383 1193 tamen
1408 1154 1449 1192 id
1466 1153 1593 1206 ipsum
1613 1151 1822 1191 rationibus
1840 1148 1975 1203 phyfi-

586 1224 641 1261 cis
662 1222 879 1261 confirmari
898 1222 998 1261 volo.
1042 1222 1103 1261 Sic
1122 1221 1227 1263 enim
1248 1234 1304 1258 res
1325 1218 1358 1258 se
1373 1219 1502 1265 habet,
1533 1228 1577 1257 ut
1595 1219 1738 1262 omnia,
1759 1230 1843 1268 quae
1865 1215 1972 1252 alan·

584 1297 647 1326 tur
671 1296 708 1325 et
727 1287 910 1332 crescant,
929 1287 1151 1327 contineant
1170 1287 1211 1324 in
1241 1285 1278 1323 se
1296 1285 1376 1323 vim
1396 1285 1531 1323 caloris
1547 1302 1560 1328 ;
1591 1284 1667 1322 fine
1686 1295 1762 1334 qua
1781 1293 1903 1332 neque
1922 1279 1977 1317 ali

584 1352 744 1405 poffent,
765 1365 887 1404 neque
905 1350 1079 1390 crescere.
1101 1351 1209 1389 Nam
1227 1363 1357 1394 omne,
1373 1349 1478 1402 quod
1491 1347 1544 1386 est
1561 1347 1730 1386 calidum
1745 1355 1790 1384 et.
1798 1346 1973 1398 igneum,

585 1418 707 1456 cietur
725 1426 763 1457 et
783 1417 908 1470 agitur
936 1425 1049 1456 motu
1080 1415 1160 1465 suo.
1209 1415 1328 1467 Qod
1347 1423 1478 1454 autem
1496 1413 1611 1452 alitur
1628 1421 1666 1451 et
1686 1411 1833 1455 crescit,
1862 1418 1978 1448 motu

584 1483 754 1535 quodam
776 1483 898 1521 utitur
914 1490 1019 1521 certo
1036 1490 1077 1520 et
1095 1481 1273 1534 aequabili
1288 1499 1300 1526 3
1323 1481 1391 1533 qui
1409 1479 1593 1533 quamdiu
1609 1486 1776 1516 remanet
1792 1477 1832 1515 in
1848 1475 1974 1519 nobis,

586 1548 734 1586 tamdiu
754 1547 877 1586 sensus
895 1556 936 1586 et
950 1547 1030 1585 vita
1044 1556 1213 1585 remanet
1224 1565 1237 1591 ς
1269 1545 1486 1597 refrigerato
1511 1553 1641 1583 autem
1660 1552 1699 1582 et
1722 1542 1891 1582 extincto
1909 1552 1975 1578 ca·

585 1614 679 1657 lore,
699 1611 915 1651 occidimus
935 1610 1020 1662 ipsi,
1034 1619 1074 1647 et
1087 1609 1367 1661 extinguimur.

641 1677 760 1729 Qod
780 1676 939 1729 quidem
959 1673 1162 1714 Cleanthes
1196 1673 1261 1712 his.
1284 1673 1401 1711 etiam
1426 1672 1662 1725 argumentis
1694 1671 1820 1716 docet,
1849 1683 1975 1723 quan-

587 1753 625 1781 ta
645 1743 700 1780 vis
721 1741 807 1779 infit
828 1739 962 1779 caloris
981 1740 1024 1777 in
1053 1739 1162 1777 omni
1181 1751 1350 1790 corpore.
1401 1738 1529 1790 Negat
1548 1738 1653 1776 enim
1680 1736 1806 1775 ullum
1825 1735 1896 1774 effe
1913 1736 1973 1774 ci-

588 1808 682 1846 bum
704 1816 783 1845 tam
802 1818 971 1859 gravem,
992 1804 1087 1857 quin
1106 1803 1138 1841 is
1158 1803 1219 1841 die
1238 1812 1275 1841 et
1294 1804 1405 1841 noete
1423 1812 1708 1855 concoquatur5
1730 1802 1838 1854 cujus
1857 1801 1975 1839 etiam

588 1873 627 1912 in
648 1871 818 1924 reliquiis
838 1869 932 1908 inest
949 1869 1052 1907 calor
1083 1868 1143 1914 iis,
1174 1881 1266 1921 quas
1286 1877 1415 1906 natura
1434 1868 1628 1920 respuerit.
1660 1869 1747 1918 Jam
1766 1880 1855 1904 vero
1874 1877 1979 1905 venae

590 1947 627 1975 et
646 1937 787 1975 arteriae
810 1936 949 1974 micare
969 1947 1046 1972 non
1065 1933 1254 1979 desinunt,
1276 1933 1378 1985 quasi
1398 1933 1565 1985 quodam
1593 1934 1707 1986 igneo
1726 1941 1835 1971 motu
1850 1949 1863 1976 ς
1894 1932 1979 1970 ani-

591 2001 905 2051 madversumque
935 1999 1027 2050 saepe
1055 1998 1239 2054 est,·cum
1269 2012 1334 2036 cor
1360 1998 1563 2036 animantis
1598 1998 1759 2048 alicujus
1787 1997 1977 2040 evulsmn,

593 2068 644 2106 ita
664 2065 860 2105 mobiliter
886 2064 1098 2117 palpitaret,
1129 2072 1173 2101 ut
1192 2064 1404 2101 imitaretur
1425 2063 1574 2115 igneam
1594 2062 1840 2100 celeritatem.
1873 2063 1977 2099 Om-

594 2147 639 2170 ne
670 2132 803 2184 igitur,
832 2129 935 2182 quod
967 2130 1074 2174 vivit,
1106 2129 1178 2166 five
1212 2128 1368 2173 animal,
1400 2128 1470 2166 sive
1501 2128 1598 2166 terra
1626 2127 1789 2171 editum,
1820 2126 1859 2164 id
1883 2126 1979 2165 vivit

592 2205 744 2250 propter
777 2195 966 2235 inclusum
996 2195 1036 2232 in
1060 2207 1106 2232 eo
1134 2194 1315 2232 calorem.
1362 2194 1422 2231 Ex
1443 2206 1521 2245 quo
1540 2193 1705 2244 intelligi
1737 2192 1863 2236 debet,
1895 2204 1979 2230 eam

594 2263 727 2302 caloris
749 2270 922 2299 naturam
941 2261 1021 2299 vim
1043 2258 1180 2298 habere
1212 2261 1250 2297 in
1272 2259 1305 2296 se
1325 2259 1480 2297 vitalem
1510 2272 1576 2311 per
1595 2271 1753 2296 omnem
1787 2256 1980 2296 mundum

593 2328 863 2381 pertinentem.

649 2395 779 2443 Atque
811 2391 848 2429 id
884 2390 1035 2429 facilius
1069 2403 1281 2434 cernemus,
1324 2398 1405 2428 toto
1437 2402 1573 2441 genere
1606 2387 1682 2427 hoc
1708 2388 1842 2441 igneo,
1876 2386 1980 2439 quod

596 2467 716 2496 tranat
736 2457 880 2503 omnia,
911 2456 1086 2495 subtilius
1106 2456 1309 2508 explicato.
1357 2457 1506 2492 Omnes
1541 2455 1658 2506 igitur
1689 2463 1810 2506 partes
1842 2452 1979 2491 mundi

598 2533 764 2574 tangam,
786 2536 870 2574 quae
891 2521 1061 2560 maximo
1081 2521 1204 2559 calore
1222 2519 1326 2558 fultae
1348 2519 1597 2558 sustinentur:
1626 2519 1730 2570 quod
1748 2516 1918 2571 primum
1939 2517 1979 2554 in

598 2597 742 2626 terrena
762 2597 892 2627 natura
922 2586 1080 2641 perspici
1102 2586 1234 2640 potest.
1278 2586 1383 2625 Nam
1410 2595 1447 2624 ct
1467 2585 1641 2638 lapidum
1659 2584 1841 2624 conflictu
1868 2591 1981 2635 atque
