2330 2983
553 235 606 276 34
867 213 1632 260 M.T.c1'CERON13·

550 315 672 354 facere
691 310 825 366 poffizs,
856 312 1000 351 idcirco
1020 311 1102 350 heri
1121 325 1199 350 non
1229 309 1426 349 necessario
1444 309 1532 348 loco
1562 316 1696 348 contra
1716 306 1846 347 sensus
1863 314 1954 346 tam:

551 380 676 419 multa
689 380 872 417 dixeram.
896 379 964 416 Tu
974 386 1102 416 autem
1122 387 1160 416 te
1177 389 1290 429 negas
1307 375 1468 414 infracto
1483 387 1603 421 remo,
1617 386 1742 427 neque
1752 373 1958 413 columbae-

551 445 654 484 collo
674 442 927 483 commoveri.
958 443 1135 482 Primum
1155 443 1250 481 cur?
1282 455 1373 480 nam
1391 449 1430 480 et
1447 442 1487 480 in
1507 454 1614 480 remo
1630 440 1750 479 sentio
1773 452 1852 478 non
1875 437 1948 477 ess‘e

549 511 605 556 id,
641 510 747 563 quod
776 509 976 554 videatur;
1017 518 1057 546 et
1086 509 1126 547 in
1156 507 1339 547 columba
1368 508 1497 561 plures
1529 507 1649 545 videri
1682 506 1844 550 colores,
1874 517 1947 543 nec

550 576 622 615 effe
642 576 728 628 plus
747 588 840 613 uno.
899 573 1052 613 Deinde
1071 573 1220 613 nihilne
1239 582 1416 626 praeterea
1444 573 1643 611 diximus?
1674 572 1862 610 Maneant
1881 568 1949 608 illa

550 643 704 682 omnia:
736 641 872 679 lacerat
902 640 969 678 ista
987 639 1094 678 causa
1109 658 1122 685 5
1153 651 1298 677 veraces
1318 638 1402 677 suos
1428 638 1498 676 effe
1519 638 1641 676 stnsus
1668 636 1778 675 dicit.
1824 636 1957 688 Igitur·

551 708 699 762 semper
717 708 909 746 auetorem
928 704 1061 750 habes,
1083 714 1122 743 et
1140 718 1245 750 eum,
1266 705 1334 757 qui
1353 717 1494 757 magno
1520 704 1586 742 suo
1606 701 1777 756 periculo
1795 700 1949 740 causam

551 783 650 827 agat.
681 774 742 812 Eo
752 772 858 810 enim
878 783 962 810 rem
976 771 1142 809 dimittit
1160 771 1367 823 Epicurus,
1387 770 1413 808 fi
1433 783 1533 808 unus
1553 768 1677 807 sensus
1683 768 1798 821 fimel
1812 767 1853 805 in
1871 767 1959 805 vita.

551 839 737 879 mentitus
756 837 815 881 fit,
845 836 945 874 nulli
964 848 1137 887 unquam
1156 835 1228 873 effe
1245 834 1507 873 credendum„
1527 834 1618 872 Hoc
1636 832 1690 870 est
1707 841 1843 870 verum
1861 830 1957 876 effe..

550 904 741 944 confidere
759 902 834 942 suis
854 901 1025 947 testibus,
1045 911 1085 940 et
1103 902 1324 954 importune
1343 901 1522 940 infistere.
1564 901 1699 952 Itaque
1719 899 1949 951 Timagoras

551 971 765 1024 Epicureus
785 977 898 1021 negat
917 967 987 1006 fibi
1007 977 1194 1019 unquam,
1215 979 1307 1005 cum
1326 966 1486 1004 oculum
1503 964 1672 1009 torsifl‘et,
1704 964 1796 1002 duas
1814 976 1863 1002 ex
1882 963 1953 1001 lu-

550 1049 662 1075 cerna
678 1034 895 1075 flammulas
910 1033 982 1071 effe
1000 1033 1094 1071 visas
1109 1048 1118 1071 :
1149 1033 1345 1086 opinionis
1365 1033 1471 1070 enim
1486 1031 1557 1070 effe
1577 1030 1848 1074 mendacium,
1870 1041 1952 1067 non

549 1102 771 1142 oculorum.
801 1100 918 1152 Qafi
939 1108 1142 1152 quaeratur‚
1164 1098 1260 1151 quid
1279 1098 1337 1143 fit,
1358 1111 1436 1137 non
1456 1098 1552 1150 quid
1566 1097 1751 1135 videatur.
1783 1095 1855 1134 Sed
1883 1093 1951 1132 hic

551 1167 712 1222 quidem
728 1167 920 1218 majorum
939 1164 1093 1203 similis,

605 1235 672 1272 Tu
688 1245 790 1277 vero,
811 1231 879 1284 qui
898 1230 974 1268 visa
993 1230 1159 1268 sensibus
1178 1229 1251 1267 alia
1277 1240 1364 1267 vera
1391 1228 1496 1267 dicas
1525 1227 1619 1273 effe,
1641 1226 1714 1265 alia
1730 1225 1821 1264 falsa
1835 1243 1848 1271 3
1875 1225 1957 1279 quiz

550 1312 593 1337 ea
622 1297 851 1350 distinguis?
883 1295 1037 1340 Desine,
1067 1294 1206 1347 quaeso,
1237 1293 1514 1332 communibus
1543 1293 1666 1331 locis:
1697 1291 1806 1329 domi
1836 1291 1950 1329 nobis

552 1365 619 1404 ista
638 1363 858 1402 nascuntur.
888 1361 927 1399 Si
946 1361 1034 1413 quis
1053 1361 1161 1399 Deus
1180 1369 1219 1398 te
1237 1361 1459 1412 interroget,
1481 1358 1576 1396 sanis
1597 1358 1715 1396 modo
1733 1366 1771 1395 et
1790 1357 1950 1409 integris

551 1431 733 1476 senfibus,
753 1442 849 1467 num
869 1427 1036 1480 amplius
1056 1426 1154 1480 quid
1172 1426 1377 1470 desideras;
1399 1424 1495 1478 quid
1514 1423 1763 1478 respondeas?
1785 1423 1960 1461 Utinam.

551 1497 712 1550 quidem
732 1493 864 1548 roget!
895 1493 1043 1532 Audiat
1060 1505 1179 1545 quam
1211 1491 1413 1530 nobiscum
1433 1490 1533 1529 male
1552 1499 1697 1543 agatur.
1756 1490 1814 1527 Ut
1844 1489 1954 1527 enim

550 1577 637 1602 vera
655 1562 869 1606 videamus,
902 1572 1021 1611 quam
1041 1558 1155 1612 longe
1173 1557 1392 1596 videbimus
1411 1557 1424 1594 ?
1462 1556 1549 1609 Ego
1578 1555 1710 1594 Catuli
1730 1556 1958 1594 Cumanam

551 1643 598 1668 ex
632 1628 707 1667 hoc
741 1628 828 1666 loco
858 1625 1055 1679 regionem
1083 1625 1210 1669 video,
1242 1623 1524 1676 Pompeianum
1551 1636 1627 1660 non
1651 1635 1794 1660 cerno:
1826 1633 1953 1673 neque

552 1696 766 1748 quidquam
785 1692 1028 1744 interjectum
1047 1691 1114 1735 est,
1131 1690 1237 1743 quod
1254 1689 1376 1728 obstet
1389 1707 1400 1733 ;
1433 1688 1496 1727 sed
1515 1688 1664 1726 intendi
1683 1687 1836 1740 longius
1851 1687 1961 1725 acies-

553 1775 630 1800 non
649 1759 783 1814 potest.
814 1759 852 1796 O
874 1756 1098 1810 praeclarum
1114 1754 1376 1810 prospestum!
1410 1754 1590 1794 Puteolos
1610 1754 1811 1792 videmus-z
1831 1761 1871 1791 at
1890 1751 1953 1791 fa-

553 1828 744 1866 miliarem
764 1825 936 1863 nostrum
963 1823 1173 1867 Avianum,
1197 1821 1346 1860 fortasse
1366 1821 1406 1859 in
1427 1821 1580 1874 porticu
1599 1820 1779 1873 Neptuni
1809 1819 1951 1857 ambu-

553 1895 712 1937 lantem,
734 1904 809 1930 non
829 1890 1020 1928 videmus.
1061 1890 1116 1927 At
1136 1888 1201 1926 ille
1222 1887 1347 1926 nescio
1378 1887 1461 1939 qui,
1491 1887 1559 1939 qui
1590 1887 1630 1925 in
1660 1884 1799 1924 scholis
1820 1885 1953 1923 nomi-

554 1961 635 1999 nari
656 1959 764 2001 solet,
793 1955 902 1994 mille
921 1963 960 1992 et
980 1954 1200 2006 octingenta
1219 1953 1333 1991 stadia
1353 1953 1458 2005 quod
1477 1951 1616 1990 abesset
1634 1951 1811 1989 videbat:
1843 1963 1953 2002 quae-

555 2025 644 2063 dam
665 2023 835 2061 volucres
855 2020 1022 2073 longius.
1073 2018 1357 2072 Responderem
1390 2018 1510 2070 igitur
1537 2017 1710 2055 audacter
1742 2015 1799 2053 isti
1833 2015 1953 2053 vestro

557 2093 655 2135 Deo,
688 2103 751 2127 me
773 2087 881 2140 plane
901 2085 961 2124 his
981 2085 1104 2124 oculis
1125 2097 1199 2123 non
1230 2083 1301 2122 ess‘e
1321 2093 1566 2122 contentum.
1600 2083 1714 2121 Dicet
1742 2095 1803 2119 me
1828 2081 1951 2119 acrius

555 2156 682 2194 videre
713 2166 830 2206 quam
861 2151 958 2190 ullos
990 2151 1105 2204 pisces
1140 2149 1302 2194 fortasse,
1334 2150 1401 2202 qui
1433 2161 1557 2202 neque
1583 2148 1760 2186 videntur
1785 2161 1804 2185 a
1825 2147 1952 2191 nobis,

555 2232 592 2260 et
614 2234 715 2260 nunc
737 2219 895 2272 quidem
916 2217 984 2256 sub
1003 2217 1126 2255 oculis
1147 2216 1251 2260 sunt;
1275 2230 1396 2269 neque
1417 2216 1482 2269 ipfi
1502 2229 1568 2253 nos
1586 2214 1766 2268 suspicere
1784 2213 1950 2267 possunt.

558 2291 663 2341 Ergo
682 2296 725 2325 ut
746 2286 821 2324 illis
841 2298 950 2337 aqua,
974 2284 1021 2322 sic
1043 2283 1153 2322 nobis
1173 2296 1234 2321 aer
1253 2283 1403 2327 crass‘us,
1433 2282 1662 2321 offunditur.
1712 2283 1766 2319 At
1786 2279 1952 2332 amplius

559 2368 635 2394 non
657 2353 921 2393 desideramus.
963 2350 1071 2403 Qid
1091 2351 1103 2387 ?
1135 2350 1276 2403 talpam
1308 2363 1403 2387 num
1423 2349 1626 2387 desiderare
1655 2347 1786 2385 lumen
1809 2356 1917 2399 putas
1937 2346 1952 2383 Ρ

559 2422 700 2472 Neque
722 2429 798 2458 tam
819 2429 994 2471 quererer
1012 2430 1104 2455 cum
1134 2417 1233 2461 Deo,
1267 2416 1372 2468 quod
1393 2429 1526 2468 parum
1548 2416 1675 2468 longe,
1697 2427 1813 2465 quam
1847 2411 1954 2465 quod

562 2485 713 2529 salsum,
736 2485 918 2523 viderem.
951 2482 1113 2521 Videsne
1135 2494 1269 2520 navem
1291 2481 1398 2519 inam
1417 2482 1429 2518 ?
1461 2482 1563 2519 Stare
1585 2480 1694 2518 nobis
1714 2478 1892 2521 videtum
1914 2485 1953 2514 at

547 2552 623 2598 jis,
645 2552 711 2604 qui
731 2551 771 2590 in
791 2550 877 2590 navi
897 2549 997 2596 sunt,
1018 2549 1162 2589 moveri
1182 2547 1262 2587 haec
1283 2547 1387 2587 villa.
1433 2548 1571 2600 Qaere
1598 2546 1785 2585 rationem
1815 2556 1884 2583 cur
1902 2542 1957 2581 ita
