2330 2983
610 316 884 355 LIBER
941 315 1436 356 SECUNDUS.
1646 318 1716 357 281

333 412 432 451 mihi
452 427 547 467 opus
568 414 620 451 est
639 426 717 451 non
737 422 983 466 repugnante.
1043 416 1270 453 AumTox.
1294 415 1467 453 Habebis
1488 415 1526 454 id
1547 415 1719 468 quidem.

334 480 391 516 Ut
419 480 522 517 enim
542 478 622 516 heri
643 478 731 523 feci,
754 479 802 516 fic
823 492 925 516 nunc
946 479 1147 523 rationem,
1180 493 1257 530 quo
1276 493 1317 516 ea
1337 493 1399 517 me
1420 494 1573 532 cunque
1594 481 1719 526 ducet,

332 543 474 596 sequar.

387 610 457 647 VI.
491 610 704 648 MARCUS.
728 610 905 648 Primum
937 609 1056 662 igitur
1075 610 1121 648 de
1142 610 1408 648 imbecillitate
1428 611 1658 655 multorum,
1686 621 1722 649 et

331 675 378 712 de
397 675 507 712 variis
527 669 738 727 disciplinis
759 674 1077 728 philosophorum
1108 675 1266 727 loquar;
1298 689 1464 728 quorum
1483 676 1659 729 princeps
1685 685 1723 713 et

331 740 552 778 auctoritate
591 748 630 778 et
662 741 888 792 antiquitate
923 741 1132 779 Socraticus
1168 740 1383 794 Aristippus
1423 755 1500 779 non
1534 741 1724 780 dubitavit

331 805 530 844 summum
560 806 709 844 malum
728 806 900 844 dolorem
935 806 1072 844 dicere.
1133 806 1283 845 Deinde
1314 807 1359 844 ad
1390 806 1488 846 hanc
1509 817 1722 845 enervatam

332 871 638 924 muliebremque
670 871 895 910 sententiam
930 871 1014 909 satis
1049 872 1217 910 docilem
1250 872 1285 909 se
1320 872 1508 925 Epicurus
1543 873 1720 925 praebuit.

332 937 454 974 Hunc
474 937 570 990 post,
592 936 769 975 Rhodius
791 938 1069 988 Hieronymus,
1105 937 1234 976 dolore
1260 950 1401 983 vacare,
1424 937 1619 976 summum
1649 938 1721 976 bo-

333 1012 430 1038 num
449 1002 547 1039 dixit
562 1020 573 1045 ς
611 1011 761 1039 tantum
778 1003 818 1039 in
839 1001 967 1039 dolore
987 1002 1098 1039 duxit
1118 1002 1223 1039 mali.
1267 1002 1417 1047 Caeteri‚
1439 1011 1572 1054 praeter
1592 1003 1721 1041 Zeno-

332 1079 436 1110 nem,
458 1058 693 1110 Aristonem,
711 1065 962 1118 Pyrrhonem,
985 1066 1087 1104 idem
1107 1066 1198 1111 fere,
1221 1066 1325 1119 quod
1345 1067 1462 1105 modo
1482 1076 1524 1105 tu
1540 1085 1552 1112 ;
1575 1067 1722 1105 malum

331 1130 430 1168 illud
449 1131 622 1184 quidem,
644 1131 706 1169 sed
725 1131 797 1169 alia
811 1133 951 1184 pejora.

387 1197 493 1249 Ergo
522 1197 562 1235 id
595 1197 700 1249 quod
728 1205 861 1236 natura
886 1197 964 1250 ipsa
990 1205 1028 1235 et
1047 1196 1221 1249 quaedam
1241 1197 1418 1250 generosa
1445 1197 1566 1235 virtus
1597 1197 1724 1235 statim

333 1260 486 1314 respuit,
517 1275 564 1299 ne
585 1261 755 1300 dolorem
785 1262 983 1300 summum
1019 1263 1167 1299 malum
1198 1263 1354 1306 diceres,
1385 1262 1635 1315 oppositoque
1654 1261 1722 1299 de-

332 1325 467 1365 decore
487 1327 669 1365 sententia
688 1327 928 1380 depellerere,
960 1327 999 1365 in
1020 1341 1065 1365 eo
1090 1327 1266 1380 magistra
1295 1327 1381 1365 vitae
1406 1325 1648 1379 philosophia
1667 1335 1724 1364 tot

333 1390 456 1429 secula
475 1401 684 1444 permanet.
717 1393 834 1444 Qod
853 1392 945 1430 huic
965 1393 1153 1437 officium,
1174 1406 1258 1444 quae
1278 1392 1372 1437 laus,
1395 1392 1498 1444 quod
1518 1392 1633 1430 decus
1653 1392 1724 1430 erit

333 1457 444 1502 tanti,
466 1458 570 1509 quod
589 1457 744 1510 adipisci
765 1471 856 1496 cum
876 1458 1005 1496 dolore
1024 1459 1193 1511 corporis
1214 1458 1319 1502 velit,
1339 1458 1406 1510 qui
1425 1457 1596 1496 dolorem
1618 1457 1724 1495 sum-

332 1535 447 1560 mum
465 1523 615 1561 malum
635 1523 703 1561 fibi
719 1523 790 1561 esse
805 1523 1022 1576 persuaserit
1037 1524 1050 1560 ?
1073 1524 1204 1574 Qam
1220 1536 1332 1575 porro
1347 1523 1432 1575 quis
1452 1523 1724 1574 ignominiam,

334 1599 452 1638 quam
465 1587 744 1640 turpitudinem
760 1601 837 1625 non
849 1587 1062 1640 pertulerit,
1080 1596 1122 1625 ut
1141 1587 1299 1640 effugiat
1318 1587 1505 1632 dolorem,
1523 1587 1548 1625 s1
1561 1587 1601 1624 id
1617 1587 1723 1625 sum-

333 1665 446 1691 mum
467 1653 613 1691 malum
633 1652 703 1691 effe
722 1653 956 1691 decreverit?
1002 1654 1100 1704 Qis
1121 1662 1248 1691 autem
1270 1667 1346 1692 non
1368 1653 1479 1691 miser
1509 1666 1587 1692 non
1608 1654 1725 1692 modo

334 1727 441 1764 tunc,
478 1733 570 1758 cum
601 1728 794 1772 premetur
814 1719 975 1758 summis
1005 1720 1215 1764 doloribus,
1245 1719 1271 1757 fi
1305 1720 1345 1757 in
1373 1718 1433 1757 his
1454 1719 1507 1756 est
1527 1719 1724 1758 summum

335 1784 497 1829 malum,
516 1785 577 1823 sed
596 1786 713 1824 etiam
733 1799 825 1824 cum
838 1785 929 1823 sciet
948 1785 987 1823 id
1006 1785 1075 1823 fibi
1096 1784 1195 1837 poffe
1211 1783 1381 1822 evenire?
1403 1784 1456 1821 Et
1475 1784 1561 1835 quis
1581 1783 1646 1828 est,
1661 1785 1725 1822 cui

333 1863 411 1894 non
431 1851 569 1904 poffit?
600 1851 658 1888 Ita
677 1851 733 1895 fit,
756 1860 799 1889 ut
823 1850 984 1888 omnino
1010 1864 1125 1888 nemo
1149 1849 1218 1887 effe
1245 1849 1356 1901 p'offit
1384 1849 1530 1887 beatus.
1571 1849 1724 1887 Metro-

334 1916 448 1955 dorus
464 1916 622 1968 quidem
639 1929 729 1954 eum
749 1915 913 1969 perfecte
934 1924 1042 1968 putat
1073 1915 1242 1959 beatum,
1278 1916 1338 1954 cui
1359 1923 1483 1968 corpus
1502 1915 1583 1953 bene
1601 1915 1724 1969 consti-

335 1990 455 2020 tutum
459 1983 529 2033 stt,
560 1992 595 2020 et
614 1982 832 2034 exploratum
851 1982 906 2019 ita
923 1983 1065 2034 Je‘mper
1081 1981 1194 2034 fore:
1225 1981 1310 2032 quis
1333 1989 1461 2018 autem
1490 1980 1542 2018 est
1559 1979 1639 2024 iste,
1661 1981 1725 2018 cui

336 2047 376 2085 id
394 2047 634 2100 exploratum
655 2047 764 2099 poffit
783 2047 852 2084 effe
870 2047 883 2082 ?

392 2114 484 2152 VII.
517 2113 706 2165 Epicurus
727 2126 814 2151 vero
834 2126 875 2150 ea
895 2112 1003 2158 dicit,
1025 2122 1069 2150 ut
1088 2111 1187 2150 mihi
1205 2112 1362 2164 quidem
1384 2112 1476 2150 risus
1497 2120 1645 2165 captare
1665 2112 1724 2150 vi-

338 2179 481 2217 deatur.
512 2179 694 2216 Affirmat
712 2179 816 2216 enim
834 2179 1001 2230 quodam
1022 2178 1122 2223 loco,
1153 2178 1196 2216 Si
1211 2187 1346 2216 uratur
1351 2178 1510 2231 sapiens,
1525 2178 1567 2229 st
1589 2178 1724 2217 crucie-

338 2255 430 2288 tur,
461 2245 632 2296 expedias
665 2243 812 2281 fortaffe
842 2244 937 2281 dum
967 2243 1080 2288 dicat,
1111 2243 1288 2296 patietur,
1318 2243 1492 2296 perferet,
1527 2256 1605 2281 non
1640 2243 1725 2281 suc-

339 2309 510 2347 cumbet.
556 2309 700 2361 Magna
721 2308 937 2347 mehercule
968 2309 1063 2354 laus,
1098 2318 1137 2346 et
1168 2322 1212 2346 eo
1231 2308 1326 2362 ipso,
1360 2322 1425 2362 per
1445 2322 1563 2360 quem
1586 2309 1724 2360 juravi,

339 2374 511 2413 Hercule
529 2373 665 2425 digna:
698 2373 759 2412 sed
788 2375 958 2427 Epicuro
978 2373 1129 2412 homini
1149 2374 1275 2427 aspero
1295 2383 1332 2412 et
1353 2374 1447 2412 duro
1476 2388 1551 2411 non
1571 2373 1621 2410 est
1652 2372 1726 2410 hoc

339 2439 439 2478 satis.
500 2439 545 2476 In
580 2437 788 2478 Phalaridis
821 2450 928 2478 tauro
959 2441 983 2478 fi
1019 2440 1103 2484 crit,
1135 2440 1250 2484 dicet,
1282 2441 1397 2490 Qam
1416 2441 1536 2491 suave
1560 2437 1604 2489 est
1631 2438 1726 2475 hoc!

341 2518 444 2557 quam
463 2503 525 2542 hoc
544 2517 610 2541 non
630 2506 745 2541 curo!
777 2505 893 2542 Suave
913 2505 1026 2542 etiam
1045 2504 1058 2540 ?
1085 2518 1130 2542 an
1148 2517 1282 2556 parum
1299 2504 1364 2547 est,
1384 2503 1408 2540 sl
1429 2516 1504 2540 non
1525 2515 1695 2539 amarum
1713 2501 1725 2537 ?

342 2571 396 2608 At
416 2569 455 2607 id
467 2569 625 2621 quidem
646 2569 703 2606 illi
719 2570 802 2622 ipfi,
819 2571 887 2622 qui
903 2570 1074 2609 dolorem
1090 2570 1237 2608 malum
1257 2568 1325 2606 effe
1346 2577 1497 2620 negant,
1516 2581 1592 2605 non
1608 2567 1728 2605 solent

341 2636 480 2679 dicere,
502 2636 685 2687 cuiquam
703 2635 809 2675 suave
828 2636 898 2674 effe
911 2636 1078 2675 'cruciari
1097 2651 1105 2673 ε
1138 2635 1322 2688 asperum,
1351 2634 1519 2678 difficile,
1539 2633 1726 2677 odiosum,

424 2702 557 2739 ToM.
591 2701 642 2740 II.
1344 2700 1382 2736 N
1406 2712 1429 2736 n
