2330 2983
782 242 1380 282 LUCULLUS.
1727 256 1777 295 33

440 336 535 375 Satis
556 335 679 374 multa
708 335 755 373 de
784 335 1015 373 auditoribus.
1048 336 1282 387 Qanquam
1302 348 1349 373 ex
1369 347 1432 372 me
1451 333 1656 386 quaefieras,
1678 347 1776 372 non-

385 414 434 440 ne
453 411 626 454 putarem
644 401 727 454 post
746 400 832 439 illos
853 410 1008 446 veteres,
1027 410 1084 438 tot
1103 401 1252 446 seculis,
1266 400 1429 439 inveniri
1449 414 1583 438 verum
1602 400 1777 453 potuiffe,

384 475 444 504 tot
462 466 642 519 ingeniis,
663 465 853 518 tantisque
872 465 1003 504 studiis
1024 466 1296 517 quaerentibus.
1356 465 1465 516 Qid
1494 466 1695 503 inventum
1718 466 1776 510 fit,

383 531 499 585 paulo
518 533 601 585 post
630 531 774 577 videro,
805 541 842 569 te
868 532 949 584 ipso
969 544 1125 583 quoque
1147 531 1292 583 judice.
1352 531 1559 568 Arcesilam
1585 545 1672 569 vero
1701 545 1778 569 non

383 598 620 635 obtreffitandi
649 597 757 635 causa
788 610 882 635 curn
917 598 1076 635 Zenone
1104 595 1338 650 pugnavisse,
1369 595 1430 633 sed
1459 608 1592 633 verum
1612 596 1780 634 invenire

385 663 556 708 voluiffe,
577 663 626 701 fic
646 662 889 714 intelligitur.

439 729 586 774 Nemo,
617 729 791 781 inquam,
822 728 1059 782 superiorum
1088 742 1165 767 non
1200 728 1317 767 modo
1349 726 1586 781 expresserat,
1628 727 1690 765 sed
1734 741 1782 765 ne

385 794 530 833 dixerat
549 795 722 848 quidem,
754 794 855 848 poffe
879 794 1082 833 hominem
1102 793 1200 833 nihil
1221 795 1370 847 opinari
1387 808 1396 832 ε
1429 808 1499 832 nec
1520 793 1643 831 solum
1664 793 1779 846 poss'e,

385 861 447 900 sed
466 862 518 900 ita
537 861 678 900 neceffe
697 860 767 898 esse
788 861 960 912 sapienti.
1025 861 1114 898 Visa
1132 860 1183 898 est
1210 861 1386 898 Arcesila:
1405 873 1496 897 cum
1518 872 1602 896 vera
1629 859 1781 897 senten-

385 928 452 973 tia,
487 938 573 966 tum
604 927 760 965 honesta
788 937 825 965 et
845 927 961 979 digna
980 927 1160 979 sapiente.
1192 927 1375 978 Qaefivit
1401 926 1446 964 de
1468 927 1626 963 Zenone
1646 924 1781 963 fortas-

385 993 436 1038 se,
457 993 552 1045 quid
570 992 749 1030 futurum
769 991 872 1036 effet,
893 994 919 1029 fi
939 1005 1009 1030 nec
1028 992 1221 1044 percipere
1249 991 1463 1043 quidquam
1483 990 1602 1042 poss‘et
1621 990 1781 1042 sapiens,

385 1072 457 1098 nec
476 1059 624 1112 opinari
643 1058 818 1110 sapientis
838 1057 938 1096 esset.
971 1057 1056 1102 Ille,
1077 1057 1205 1101 credo,
1230 1055 1345 1095 Nihil
1366 1057 1544 1109 opinatur
1561 1071 1570 1094 :
1598 1057 1784 1108 quoniam

385 1125 476 1163 effet
502 1125 606 1177 quod
634 1124 781 1177 percipi
813 1123 946 1177 poffet.
984 1123 1093 1175 Qid
1125 1137 1215 1176 ergo
1240 1122 1280 1160 id
1310 1122 1428 1160 esset?
1470 1121 1623 1166 Visum,
1653 1122 1782 1161 credo.

388 1190 514 1243 Qale
534 1191 653 1243 igitur
672 1190 784 1243 vgfiem
799 1189 818 1228 ἒ
848 1190 958 1227 Tum
979 1189 1093 1227 illum
1115 1189 1166 1226 ita
1188 1187 1410 1232 definiviffe,
1440 1202 1482 1225 ex
1507 1202 1556 1231 eo,
1587 1186 1680 1240 quod
1693 1187 1784 1240 effbt,

369 1258 472 1309 sicut
491 1257 582 1310 {ff's’
616 1255 822 1308 impreſjitm,
853 1264 888 1293 et
902 1255 1105 1307 signatum,
1138 1263 1173 1293 et
1201 1255 1362 1307 effblum.
1422 1253 1511 1292 Post
1544 1253 1784 1305 requisitum,

386 1325 567 1369 etiamne,
587 1323 612 1361 fi
628 1321 816 1374 ejusmodi
834 1321 922 1359 effet
937 1322 1060 1359 visum
1081 1335 1228 1365 verum,
1243 1321 1355 1372 quale
1369 1319 1521 1358 falsum.
1554 1320 1636 1358 Hic
1653 1320 1785 1357 Zeno-

388 1403 480 1428 nem
499 1389 629 1427 vidiffe
648 1396 771 1431 acute,
805 1387 959 1424 nullum
980 1386 1051 1423 effe
1069 1386 1208 1430 visum,
1240 1386 1345 1438 quod
1364 1385 1511 1438 percipi
1530 1384 1662 1437 poffet,
1690 1385 1715 1422 fi
1745 1385 1785 1422 id

389 1455 464 1493 tale
478 1453 566 1492 effet
585 1453 631 1491 ab
651 1466 709 1497 eo,
727 1451 831 1504 quod
851 1452 917 1496 est,
940 1461 984 1489 ut
998 1451 1185 1503 ejusmodi
1205 1451 1252 1488 ab
1271 1464 1330 1495 e0,
1351 1450 1456 1501 quod
1483 1463 1560 1487 non
1579 1449 1646 1495 est,
1667 1449 1787 1503 pofl'et

390 1520 474 1559 effe.
506 1520 624 1558 Recte
643 1517 827 1556 consenfit
846 1516 1055 1561 Arcesilas,
1087 1516 1133 1553 ad
1152 1515 1417 1554 definitionem
1438 1514 1612 1552 additum
1630 1530 1638 1553 :
1662 1527 1802 1567 neque‘

390 1587 496 1624 enim
514 1583 654 1623 falsum
686 1582 832 1636 percipi
857 1581 972 1635 posse,
1007 1595 1131 1635 neque
1150 1595 1297 1628 verum,
1326 1580 1352 1619 fi
1371 1580 1461 1619 effet
1482 1580 1567 1627 tale,
1594 1581 1706 1635 quale
1725 1581 1790 1621 vel>

389 1651 542 1690 falsum.

446 1716 632 1756 Incubuit
663 1725 792 1754 autem
812 1716 853 1754 in
872 1729 932 1754 eas
952 1715 1239 1769 disputationes,
1275 1723 1319 1753 ut
1338 1714 1504 1759 doceret,
1541 1712 1695 1752 nullum
1714 1713 1788 1752 tale

390 1783 462 1822 effe
481 1782 605 1821 visum
625 1795 645 1820 a
663 1795 765 1827 vero,
796 1792 840 1820 ut
869 1794 946 1821 non
967 1781 1246 1834 ejusdemmodi
1266 1781 1382 1819 etiam
1402 1793 1422 1817 a
1441 1779 1534 1818 falso
1555 1778 1667 1831 poffit
1699 1778 1785 1818 effe.

391 1850 434 1888 H
439 1863 490 1887 aec
505 1857 634 1886 autem
646 1848 698 1886 est
709 1861 784 1886 una
797 1848 1010 1892 contentio,
1028 1861 1112 1900 quae
1125 1847 1250 1885 adhuc
1265 1845 1524 1899 permanserit.
1548 1845 1654 1883 Nam
1674 1844 1786 1890 illud,

392 1914 492 1952 nulli
511 1914 564 1952 rei
584 1913 813 1951 assensurum
842 1912 914 1951 effe
933 1913 1156 1966 sapientem,
1187 1911 1286 1950 nihil
1306 1912 1351 1949 ad
1370 1910 1468 1949 hanc
1497 1910 1789 1949 controversiam

391 1980 619 2034 pertinebat.
679 1979 839 2018 Licebat
869 1980 973 2018 enim
1005 1978 1104 2017 nihil
1135 1979 1340 2032 percipere,
1375 1987 1414 2015 et
1448 1986 1576 2015 tamen
1609 1977 1755 2029 opinari
1774 1995 1786 2022 ;

392 2047 499 2100 quod
518 2060 539 2084 a
559 2046 752 2084 Carneade
771 2046 915 2084 dicitur
933 2047 1154 2100 probatum.
1214 2045 1412 2097 Equidem
1432 2041 1680 2082 Clitomacho
1701 2043 1787 2096 plus

392 2126 511 2167 quam
532 2111 702 2157 Philoni,
733 2123 798 2150 aut
818 2112 1059 2157 Metrodoro,
1081 2111 1249 2157 credens,
1279 2111 1356 2150 hoc
1382 2110 1505 2163 magis
1526 2110 1572 2149 ab
1591 2122 1636 2147 eo
1655 2109 1787 2162 dispu-

392 2189 517 2219 tatum
537 2192 654 2231 quam
673 2179 877 2231 probatum
897 2188 1006 2235 putp.

448 2245 578 2284 XXV.
610 2244 682 2282 Sed
702 2244 741 2282 id
760 2234 1001 2283 omittamus.
1052 2244 1154 2283 Illud
1174 2253 1290 2289 certe,
1325 2242 1547 2296 opinatione
1569 2251 1608 2280 et
1626 2253 1787 2294 percep-

395 2312 499 2349 tione
515 2310 672 2354 sublata,
690 2309 858 2362 sequitur
872 2312 1051 2349 omnium
1068 2310 1317 2350 affenfionum
1337 2309 1498 2347 retentio
1511 2326 1522 2352 3
1545 2316 1601 2351 ut,
1617 2307 1642 2344 fi
1661 2306 1788 2344 osten-

394 2377 485 2415 dero
512 2375 609 2432 nil-iil
640 2375 741 2428 poffe
770 2376 932 2430 percipi,
965 2386 1010 2415 >tu
1030 2376 1214 2415 concedas
1235 2388 1432 2427 nunquam
1454 2372 1682 2412 assensurum
1701 2371 1786 2410 effe.

396 2441 504 2493 Qid
524 2431 614 2493 ergo
633 2441 698 2487 est,
716 2442 819 2494 quod
840 2443 983 2495 percipi
1001 2442 1124 2495 ponit,
1146 2441 1171 2480 s1
1194 2455 1239 2479 ne
1260 2441 1382 2479 sensus
1403 2440 1560 2492 quidem
1581 2450 1665 2475 vera
1684 2450 1787 2475 nun-

395 2507 519 2547 tiant?
552 2519 648 2557 quos
669 2515 726 2552 tu,
757 2508 935 2555 Luculle,
972 2508 1174 2547 communi
1195 2508 1280 2546 loco
1300 2505 1484 2544 defendis.
1536 2503 1654 2556 Qod
1683 2515 1728 2541 ne
1748 2502 1787 2539 id

506 2573 544 2613 T
559 2586 583 2612 0
599 2585 651 2613 M.
683 2573 736 2613 11.
1351 2606 1352 2609 ,
1454 2571 1486 2609 Ε
