2330 2983
739 239 1016 279 LIBER
1079 236 1447 278 PRIMUS.
1711 252 1790 294 433

394 340 552 393 Qibus
572 341 772 394 explicatis
791 340 838 379 ad
859 341 1124 393 rationemque
1144 339 1340 385 revocatis,
1367 351 1496 378 rerum
1514 338 1638 392 magis
1658 348 1792 378 natura

393 407 652 461 cognoscitur,
673 421 792 459 quam
807 408 996 446 Deorum.

446 474 600 512 XLIII.
631 472 741 511 Mihi
760 472 920 525 quidem
939 472 1057 510 etiam
1077 470 1342 516 Democritus,
1374 471 1431 509 vir
1451 484 1613 523 magnus
1642 471 1683 509 in
1710 471 1791 525 pri-

394 539 485 584 mis,
505 539 616 591 cujus
635 537 811 577 sontibus
832 537 1025 590 Epicurus
1050 535 1225 575 hortulos
1246 535 1330 575 suos
1361 536 1546 588 irrigavit,
1580 545 1713 575 nutare
1731 537 1792 576 vi-

394 605 504 643 detur
523 605 564 644 in
583 613 717 643 natura
735 605 924 642 Deorum.
970 605 1081 642 Tum
1100 603 1206 641 enim
1225 601 1352 641 censet
1382 602 1567 654 imagines
1593 603 1794 642 divinitate

393 671 567 723 praeditas
601 670 715 710 ineffe
745 670 977 710 univerfitati
1010 683 1163 715 rerum;
1194 678 1281 708 tum
1314 667 1516 722 principia,
1554 668 1792 721 mentesque,

393 749 479 788 quae
498 735 587 775 sunt
611 736 652 775 in
683 735 818 775 eodem
848 735 1036 780 universo,
1069 736 1175 773 Deos
1204 734 1277 772 effe
1305 734 1427 779 dicit;
1469 742 1557 772 tum
1582 733 1793 772 animantes

393 802 595 855 imagines,
617 815 703 855 quae
718 802 777 840 vel
797 801 967 854 prodess‘e
986 801 1097 840 nobis
1117 800 1254 845 solent,
1274 799 1334 838 vel
1354 812 1491 838 nocere
1506 817 1519 845 3
1547 808 1635 838 tum
1654 799 1792 853 ingen-

394 874 451 907 tes
470 867 653 920 quasdam
677 867 877 920 imagines,
909 867 1118 920 tantasque,
1151 875 1196 905 ut
1214 866 1435 905 universum
1466 865 1661 905 mundum
1680 878 1792 904 com·

393 933 609 987 plectantur
627 933 874 972 extrinsecus.
893 934 991 985 Qae
1003 932 1164 986 quidem
1178 932 1309 971 omnia
1323 932 1410 971 sunt
1423 931 1545 984 patria
1560 932 1792 977 Democriti,

394 1012 513 1051 quam
533 999 778 1044 Democrito,
809 999 998 1052 digniora.
1047 999 1148 1050 Qis
1167 998 1274 1037 enim
1301 997 1387 1037 istas
1406 998 1594 1050 imagines
1614 1011 1793 1051 compre-

393 1063 560 1103 hendere
579 1065 710 1103 animo
728 1064 852 1117 potest
871 1065 884 1102 ?
917 1064 1004 1117 quis
1023 1064 1202 1103 admirari
1220 1064 1234 1101 ?
1265 1063 1352 1116 quis
1381 1071 1447 1102 aut
1466 1063 1592 1108 cultu,
1619 1072 1684 1102 aut
1703 1062 1792 1102 reli·

391 1130 509 1184 gione
528 1131 662 1184 dignas
676 1130 850 1183 judicare
868 1130 882 1167 ?

448 1197 642 1250 Epicurus
663 1209 752 1234 vero
777 1209 825 1234 ex
851 1194 990 1234 animis
1012 1194 1223 1234 hominum
1243 1194 1410 1234 extraxit
1435 1193 1618 1233 radicitus
1638 1193 1795 1247 religio·

392 1274 500 1307 nem,
529 1275 624 1301 cum
643 1261 732 1300 Diis
751 1261 1038 1300 immortalibus
1057 1269 1098 1300 et
1115 1273 1231 1313 opem
1249 1268 1288 1299 et
1306 1259 1468 1312 gratiam
1487 1258 1651 1299 sustulit.
1689 1260 1796 1299 Cum

394 1328 503 1367 enim
520 1328 712 1381 optimam
731 1335 770 1365 et
788 1326 1130 1380 praestantiffimam
1149 1334 1326 1365 naturam
1346 1326 1423 1366 Dei
1446 1325 1542 1364 dicit
1567 1325 1653 1371 esse,
1683 1334 1796 1378 negat

395 1393 502 1432 idem
521 1393 592 1431 effe
609 1393 652 1431 in
671 1394 758 1431 Deo
777 1392 939 1445 gratiam
951 1410 962 1437 3
995 1392 1100 1430 tollit
1124 1392 1178 1437 id,
1198 1391 1306 1444 quod
1323 1392 1495 1431 maxime
1514 1391 1715 1445 proprium
1740 1391 1795 1429 est

394 1459 555 1512 optimae
578 1457 962 1512 praestantiffimaeque
991 1466 1147 1498 naturae.
1190 1458 1301 1510 Qid
1326 1457 1433 1497 enim
1463 1457 1518 1496 est
1545 1456 1701 1503 melius,
1729 1464 1796 1496 aut

394 1525 492 1577 quid
505 1525 739 1578 praestantius
756 1524 927 1564 bonitate
940 1533 979 1563 et
995 1524 1247 1563 beneficentia
1263 1522 1277 1560 ?
1308 1523 1397 1574 Qa
1415 1535 1508 1562 cum
1522 1535 1646 1561 carere
1661 1523 1794 1562 Deum

394 1590 529 1634 vultis,
549 1589 750 1628 neminem
762 1589 849 1627 Deo
863 1601 936 1627 nec
949 1589 1099 1633 Deum,
1119 1601 1189 1627 nec
1209 1586 1413 1627 hominem
1430 1600 1578 1633 carum,
1595 1588 1791 1627 neminem

394 1655 444 1695 ab
459 1669 505 1695 eo
522 1655 656 1701 amari,
677 1655 875 1693 neminem
893 1654 1006 1708 diligi
1026 1654 1157 1694 vultis.
1203 1654 1262 1693 Ita
1280 1653 1339 1700 fit,
1361 1663 1403 1693 ut
1423 1668 1501 1694 non
1522 1655 1640 1694 modo
1658 1654 1790 1694 homi-

392 1733 462 1760 nes
481 1734 503 1758 a
522 1721 625 1767 Diis,
646 1720 708 1759 sed
727 1720 796 1774 ipsi
816 1720 887 1758 Dii
906 1720 1006 1758 inter
1023 1720 1060 1758 se
1079 1720 1126 1758 ab
1145 1719 1229 1757 aliis
1249 1719 1315 1758 alii
1333 1720 1593 1772 negligantur.

448 1787 599 1826 XLIV.
629 1788 790 1840 Qanto
809 1786 928 1825 Stoici
958 1785 1112 1830 melius,
1145 1785 1214 1836 qui
1244 1798 1266 1822 a
1290 1785 1399 1823 vobis
1431 1784 1761 1838 reprehenduntur
1779 1786 1791 1820 ?

395 1852 565 1892 Censent
584 1862 729 1897 autem,
750 1852 934 1904 sapientes
960 1851 1190 1904 sapientibus
1221 1851 1338 1889 etiam
1368 1850 1511 1903 ignotis
1542 1851 1614 1889 effe
1633 1851 1791 1890 amicos.

394 1916 513 1957 Nihil
533 1917 587 1956 est
616 1918 722 1956 enim
741 1918 882 1956 virtute
899 1917 1102 1955 amabilius
1118 1935 1130 1962 3
1163 1930 1281 1968 quam
1309 1917 1378 1968 qui
1398 1916 1556 1970 adeptus
1586 1918 1670 1962 erit,
1702 1917 1792 1955 ubi-

395 1996 552 2036 cunque
570 1984 641 2021 erit
659 1984 852 2036 gentium,
888 1997 909 2021 a
937 1983 1047 2022 nobis
1077 1982 1271 2035 diligetur.
1317 1982 1398 2021 Vos
1428 1991 1556 2021 autem
1587 1982 1682 2035 quid
1700 1983 1794 2021 mali

395 2049 507 2094 datis,
535 2062 627 2087 cum
653 2049 694 2086 in
713 2048 983 2086 imbecillitate
1000 2047 1318 2102 gratificationem
1336 2055 1375 2086 et
1395 2047 1700 2087 benevolentiam
1719 2062 1792 2101 po-

395 2115 487 2153 nitis
505 2115 519 2151 ?
550 2116 608 2153 Ut
627 2114 733 2153 enim
753 2115 936 2154 omittam
955 2115 1036 2153 vim
1055 2124 1094 2153 et
1116 2124 1291 2153 naturam
1308 2115 1508 2160 Deorum,
1539 2127 1587 2153 ne
1613 2112 1792 2153 homines

396 2179 556 2232 quidem
575 2179 748 2225 censetis,
770 2181 839 2218 nisi
859 2180 1047 2218 imbecilli
1067 2180 1196 2225 essent,
1214 2179 1363 2218 futuros
1384 2180 1576 2219 beneficos
1597 2189 1635 2218 et
1654 2180 1792 2232 benig-

395 2258 464 2283 nos
485 2243 607 2283 fuisse.
639 2245 762 2284 Nulla
780 2246 833 2284 est
851 2247 984 2284 caritas
1005 2246 1184 2284 naturalis
1204 2247 1304 2284 inter
1323 2246 1443 2285 bonos
1461 2247 1473 2283 ?
1505 2247 1650 2284 Carum
1665 2246 1792 2299 ipsum

396 2311 559 2349 verbum
578 2311 631 2349 est
650 2312 789 2350 amoris
801 2330 813 2357 ;
844 2326 891 2350 ex
922 2326 1001 2365 quo
1020 2313 1199 2351 amicitiae
1219 2327 1361 2351 nomen
1380 2312 1432 2351 est
1452 2312 1613 2350 duftum
1630 2327 1640 2350 ε
1673 2324 1791 2364 quam

395 2376 423 2415 fi
443 2376 488 2415 ad
509 2376 679 2415 fructum
699 2377 871 2416 nostrum
891 2377 1112 2423 referemus,
1133 2393 1210 2418 non
1231 2379 1277 2417 ad
1297 2379 1402 2416 illius
1423 2379 1641 2422 commoda,
1673 2390 1792 2430 quem

395 2443 612 2496 diligimuS,
645 2457 721 2482 non
741 2445 814 2482 erit
832 2445 900 2483 ista
918 2446 1101 2491 amicitia,
1130 2446 1191 2484 sed
1211 2455 1421 2484 mercatura
1440 2444 1615 2496 quaedam
1643 2443 1790 2482 utilita-

396 2517 483 2547 tum
500 2509 666 2547 suarum.
685 2511 807 2555 Prata,
821 2520 859 2549 et
874 2525 970 2556 arva,
985 2520 1023 2550 et
1038 2512 1233 2565 pecudum
1245 2524 1376 2564 greges
1390 2510 1605 2562 diliguntur
1616 2510 1686 2548 isto
1703 2523 1790 2548 mo-

391 2572 457 2620 do,
479 2574 583 2627 quod
603 2573 749 2613 fructus
769 2589 815 2614 ex
835 2576 889 2615 eis
908 2576 1126 2629 capiuntur.
1159 2576 1382 2615 Hominum
1403 2575 1536 2613 caritas
1557 2584 1594 2613 et
1621 2574 1791 2613 amicitia

507 2641 744 2681 Toi1.11.
1408 2641 1491 2679 Iii
