2330 2983
451 301 526 342 392
759 285 1537 325 TUSCULANARUM

449 397 637 430 naturam,
660 399 736 424 non
758 385 1014 437 ignominiam
1038 385 1206 424 nominis
1224 386 1446 439 quaerimus‚
1468 394 1660 438 quantum
1679 386 1840 424 demum

448 467 468 490 a
487 462 669 505 perpetua
688 452 988 504 peregrinatione
1014 451 1170 489 differt?
1192 453 1231 490 in
1256 465 1331 504 qua
1358 461 1484 490 aetates
1514 451 1594 489 suas
1621 450 1842 505 philosophi

446 517 670 556 nobiliffirni
683 517 1011 570 consumpserunt,
1032 518 1278 563 Xenocrates,
1301 519 1478 562 Crantor,
1499 517 1697 562 Arcesilas,
1716 519 1841 567 Lacy-

448 583 526 628 des,
556 583 790 627 Aristoteles,
826 582 1128 635 Theophrastu5‚
1169 585 1292 628 Zeno,
1333 582 1554 628 Cleanthes,
1588 582 1840 636 Chrysippus,

447 650 663 702 Antipater,
696 649 921 693 Carneades,
956 650 1158 695 Panaetius,
1202 649 1487 694 Clitomachus,
1538 647 1666 694 Philo,
1698 648 1840 687 Antio-

448 714 559 759 chus,
592 714 830 759 Pofidonius,
863 715 1162 753 innumerabiles
1182 715 1280 759 alii,
1314 715 1396 767 qui,
1419 715 1533 753 semel
1563 714 1707 768 egreffi,
1738 728 1842 752 nun-

448 794 565 833 quam
585 781 749 818 domum
770 790 1017 818 reverterunt.

503 849 557 884 At
572 847 677 884 enim
699 858 774 883 non
791 846 863 883 erit
884 846 959 883 fine
975 846 1202 898 ignominia.
1222 845 1442 898 Ignominia
1461 845 1610 882 afficere
1624 843 1764 896 poterit
1785 844 1844 882 sa-

450 912 620 963 pientem
637 911 650 947 ?
671 911 732 948 De
747 911 911 964 sapiente
926 911 1032 948 enim
1047 910 1128 949 haec
1142 911 1269 949 omnis
1289 911 1410 948 oratio
1429 910 1482 948 est
1497 929 1509 955 ς
1540 910 1604 947 cui
1616 910 1703 961 jure
1719 909 1758 946 id
1778 922 1842 946 ac-

448 975 572 1013 cidere
592 988 669 1013 non
689 975 801 1028 poflit
823 991 833 1014 :
865 989 955 1013 narn
971 977 1057 1028 jure
1075 976 1297 1015 exulantem
1318 974 1502 1013 consolari
1532 987 1608 1012 non
1631 982 1795 1026 oportet.

505 1041 700 1079 Postremo
726 1042 771 1080 ad
805 1056 938 1081 omnes
973 1043 1076 1080 casus
1109 1041 1295 1081 facillima
1326 1042 1420 1080 ratio
1453 1041 1505 1079 est
1533 1053 1682 1084 eorum,
1710 1040 1778 1091 qui
1798 1040 1845 1077 ad

448 1106 686 1159 voluptatem
707 1120 748 1144 ea
779 1106 960 1152 referunt,
996 1122 1081 1160 quae
1102 1108 1311 1161 sequuntur
1337 1108 1376 1145 in
1402 1107 1493 1151 vita,
1524 1115 1581 1150 ut,
1610 1118 1845 1157 quocunque

448 1170 530 1209 haec
550 1171 636 1209 loco
655 1171 912 1226 suppeditent,
929 1173 983 1211 ibi
1005 1173 1111 1212 beate
1131 1182 1272 1227 queant
1292 1173 1431 1211 vivere.
1466 1174 1600 1224 Itaque
1618 1170 1665 1209 ad
1676 1183 1842 1227 pmnem

448 1238 634 1275 rationem
655 1240 800 1277 Teucri
821 1253 894 1277 vox
914 1240 1197 1277 accommodari
1226 1239 1361 1292 potest,

629 1306 768 1345 Patria
786 1304 843 1359 est,
879 1305 1074 1358 ubicunque
1091 1305 1136 1358 est
1154 1305 1250 1343 bene.

449 1377 618 1414 Socrates
649 1372 808 1424 quidem
840 1385 933 1409 cum
964 1380 1171 1423 rogaretur,
1203 1371 1369 1422 cujatem
1392 1369 1427 1407 se
1446 1369 1517 1407 effe
1537 1369 1692 1411 diceret,
1723 1369 1843 1406 Mun-

447 1441 591 1485 danum,
614 1438 759 1491 Inquit.
789 1437 930 1475 Totius
951 1437 1056 1475 enim
1078 1437 1215 1474 mundi
1236 1436 1271 1474 se
1291 1435 1460 1473 incolam
1480 1443 1518 1472 et
1538 1433 1663 1471 civem
1684 1433 1843 1471 arbitra-

450 1507 575 1545 batur.
607 1504 716 1557 Qid
729 1505 782 1542 T.
806 1503 997 1541 Albucius
1017 1503 1030 1539 ?
1052 1515 1178 1540 nonne
1198 1502 1329 1540 animo
1349 1500 1562 1553 aequiffimo
1577 1498 1743 1538 Athenis
1755 1499 1845 1537 exul

450 1569 818 1625 philosophabatur?
843 1569 919 1606 Cui
940 1578 1066 1606 tamen
1088 1568 1185 1605 illud
1205 1567 1331 1620 ipsum
1352 1580 1430 1605 non
1451 1565 1655 1610 accidiffet,
1677 1565 1703 1603 fi
1724 1566 1763 1603 in
1784 1578 1846 1603 re·

449 1637 604 1691 publica
633 1635 828 1689 quiescens
868 1634 1027 1687 Epicuri
1059 1633 1207 1686 legibus
1234 1631 1425 1686 paruiffet.
1466 1632 1548 1682 Qi‘
1569 1631 1672 1669 enim
1702 1629 1846 1669 beatior

451 1704 658 1756 Epicurus,
680 1701 784 1753 quod
805 1701 843 1738 in
864 1700 982 1752 patria
1001 1692 1166 1744 vivebat,
1188 1712 1306 1752 quam
1326 1698 1431 1752 quod
1451 1697 1617 1736 Athenis
1638 1697 1844 1735 Metrodo-

452 1769 545 1808 rus?
578 1770 660 1807 Aut
692 1767 802 1806 Plato
832 1766 1086 1804 Xenocratem
1116 1765 1307 1809 vincebat,
1346 1773 1411 1802 aut
1441 1764 1602 1803 Polemo
1620 1761 1844 1806 Arcefilam,

451 1849 530 1889 quo
549 1834 636 1873 effet
655 1833 799 1872 beatior
817 1832 830 1869 ?
866 1831 1015 1884 Qanti
1034 1844 1122 1869 vero
1141 1830 1208 1869 ista
1226 1830 1358 1869 civitas
1379 1830 1595 1869 aestimanda
1614 1828 1680 1873 est,
1701 1841 1749 1866 ex
1769 1841 1845 1880 qua

453 1902 544 1941 boni
564 1898 820 1954 sapientesque
836 1898 1032 1951 pelluntur
1049 1897 1063 1934 ?
1103 1897 1331 1936 Demaratus
1352 1896 1512 1949 quidem
1533 1894 1756 1946 Tarquinii,
1785 1906 1845 1931 re-

452 1969 510 2022 gis
531 1967 659 2011 nostri,
692 1975 809 2019 pater,
841 1973 1047 2015 tyrannum
1078 1963 1289 2016 Cypselum
1316 1963 1420 2016 quod
1451 1962 1548 2001 ferre
1581 1974 1658 1999 non
1684 1969 1844 2014 poterat,

451 2034 554 2087 fugit
573 2031 807 2085 Tarquinios
829 2029 1033 2075 Corintho,
1064 2039 1102 2068 et
1122 2030 1176 2067 ibi
1197 2030 1279 2067 suas
1298 2029 1470 2068 fortunas
1490 2027 1701 2070 constituit,
1731 2039 1774 2064 ac
1794 2025 1845 2064 li-

454 2101 561 2139 beros
583 2098 803 2152 procreavit.
837 2097 948 2136 Num
969 2096 1080 2135 stulte
1100 2095 1313 2149 anteposuit
1333 2095 1439 2134 exilii
1459 2095 1676 2133 libertatem
1693 2091 1843 2130 domes-

455 2167 538 2205 ticae
557 2164 726 2203 servituti
743 2163 755 2199 ?

516 2231 747 2271 xxxvul.
770 2231 855 2281 Jam
875 2243 962 2268 vero
984 2240 1111 2269 motus
1132 2229 1265 2274 animi,
1281 2228 1569 2272 sollicitudines,
1584 2230 1843 2282 aegritudines-

453 2312 529 2351 que
557 2297 751 2336 oblivione
774 2296 983 2340 leniuntur,
1018 2296 1194 2334 traductis
1223 2296 1361 2334 animis
1387 2294 1432 2332 ad
1464 2294 1717 2347 voluptatem.
1752 2296 1845 2334 Non

456 2365 531 2402 sine
568 2363 674 2401 causa
696 2361 811 2415 igitur
839 2362 1027 2415 Epicurus
1050 2361 1158 2399 ausus
1184 2361 1235 2399 est
1271 2362 1410 2405 dicere,
1446 2360 1591 2412 semper
1613 2363 1650 2399 in
1669 2362 1842 2415 pluribus

457 2429 565 2467 bonis
595 2427 665 2467 esse
695 2427 914 2481 sapientem,
945 2428 1034 2480 quia
1066 2427 1210 2480 semper
1231 2427 1275 2464 sit
1313 2427 1350 2464 in
1381 2426 1669 2479 voluptatibus5
1701 2441 1746 2465 ex
1768 2440 1846 2479 quo

455 2495 554 2533 effici
587 2504 693 2547 putat
723 2493 802 2539 ille,
831 2493 935 2547 quod
963 2494 1185 2546 quaerimus,
1217 2503 1259 2530 ut
1281 2493 1422 2546 sapiens
1448 2493 1593 2547 semper
1615 2495 1746 2532 beatus
1785 2493 1842 2532 lit.

457 2556 650 2599 Etiamne,
682 2555 705 2593 si
730 2554 890 2593 sensibus
917 2555 1289 2599 carebhoculorum,
1312 2554 1336 2591 si
1358 2554 1536 2592 aurium?
1559 2556 1701 2594 Etiam.
1740 2553 1844 2592 Nam

457 2621 522 2660 ista
544 2621 618 2675 ipsa
638 2622 866 2659 contemnit.
900 2621 1076 2660 Primum
1098 2621 1217 2665 enim,
1237 2619 1431 2660 horribilis
1453 2620 1517 2659 ista
1537 2621 1683 2660 caecitas
1703 2619 1843 2672 quibus
