2330 2983
581 235 659 263 222
1005 220 1108 259 DE
1166 218 1550 259 FINIBUS

579 323 644 367 est,
667 331 730 360 aut
751 335 807 359 res
827 320 928 373 gesta
959 320 1122 358 virtute:
1154 319 1298 372 quibus
1318 320 1359 358 in
1385 319 1496 358 rebus
1515 319 1593 358 vita
1611 317 1864 365 consentiens,
1895 322 1973 360 vir·

580 388 801 440 tutibusque
822 385 1063 439 respondem,
1098 387 1210 432 reeta,
1242 395 1280 425 et
1299 385 1469 432 honesta,
1493 395 1532 425 et
1560 386 1748 432 constans,
1778 396 1816 425 et
1835 397 1976 426 natura:

579 467 792 506 congruens
813 453 1019 491 existimari
1039 452 1174 505 potest.

578 537 582 542 ’
634 522 766 572 Atque
786 518 868 557 haec
897 519 1119 570 conjuncstio
1148 517 1400 571 confufioque
1429 519 1619 557 virtutum
1646 527 1774 557 tamen
1794 532 1814 556 a
1844 517 1975 572 philo-

579 585 706 639 sophis
727 585 871 624 ratione
890 584 1056 637 quadam
1075 583 1335 637 distinguitur.
1364 584 1470 623 Nam
1490 597 1583 622 cum
1602 585 1656 622 ita
1674 584 1860 638 copulatae
1879 597 1975 622 con-

580 665 762 704 nexaeque
794 650 897 695 sunt,
939 659 982 688 ut
1014 663 1148 689 omnes
1178 650 1358 688 omnium
1376 651 1580 704 participes
1612 650 1698 695 fint,
1727 664 1798 688 nec
1827 650 1899 688 alia
1929 649 1976 688 ab

579 717 651 754 alia
670 717 782 770 poffit
801 716 956 769 separari
972 734 983 761 ς
1016 725 1144 754 tamen
1176 716 1377 769 proprium
1396 715 1508 754 suum
1528 716 1713 768 cujusque
1733 729 1874 754 munus
1908 715 1975 759 est,

579 793 622 821 ut
643 783 830 821 fortitudo
862 783 903 820 in
932 782 1127 820 laboribus
1148 781 1403 834 periculisque
1423 790 1598 819 cernatur
1613 799 1625 825 3
1658 782 1909 833 temperantia
1935 782 1976 819 in

576 847 912 901 praetermittendis
943 847 1205 900 voluptatibus
1223 866 1233 890 ;
1266 847 1469 900 prudentia
1487 847 1528 884 in
1558 846 1708 884 delectu
1727 847 1919 885 bonorum
1939 856 1978 885 et

578 915 770 953 malorum
787 933 798 958 ;
824 914 972 966 justitia
990 913 1029 951 in
1054 913 1120 952 suo
1139 913 1280 965 cuique
1301 913 1519 952 tribuendo.
1557 913 1725 966 Qando
1744 913 1864 966 igitur
1882 912 1977 951 inest

577 979 619 1018 in
639 979 748 1018 omni
768 980 909 1017 virtute
939 992 1030 1017 cura
1048 979 1223 1031 quaedam
1254 979 1357 1031 quafi
1380 977 1478 1017 foras
1499 979 1681 1032 spectans,
1713 978 1882 1031 aliosque
1908 992 1976 1031 ap-

579 1055 710 1098 petens
742 1054 855 1097 atque
888 1044 1162 1097 complectens,
1197 1045 1325 1083 existit
1357 1044 1471 1089 illud,
1511 1054 1555 1082 ut
1587 1045 1718 1090 amici,
1752 1054 1796 1082 ut
1830 1043 1975 1087 fratres,

579 1121 624 1149 ut
655 1111 876 1164 propinqui,
918 1120 961 1149 ut
989 1110 1134 1155 affines,
1167 1121 1209 1149 ut
1232 1111 1347 1154 cives,
1378 1120 1422 1148 ut
1440 1124 1573 1149 omnes
1609 1111 1775 1163 denique
1807 1110 1978 1163 (quando

579 1191 695 1216 unam
717 1177 935 1216 societatem
969 1176 1179 1215 hominum
1207 1176 1278 1215 effe
1298 1177 1496 1230 volumus)
1529 1186 1683 1230 propter
1708 1177 1744 1215 se
1773 1176 1978 1230 expetendi

575 1243 663 1283 fint.

633 1313 765 1364 Atque
784 1323 918 1349 eorum
934 1309 1033 1348 nihil
1054 1310 1108 1349 est
1126 1312 1207 1363 ejus
1226 1311 1390 1364 generis,
1407 1319 1450 1348 ut
1466 1311 1510 1349 fit
1524 1310 1564 1348 in
1579 1309 1656 1348 fine
1671 1318 1786 1361 atque
1804 1318 1978 1348 extremo

578 1375 786 1414 bonorum.
836 1377 894 1414 Ita
914 1375 972 1421 fit,
995 1384 1038 1413 ut
1057 1375 1136 1414 duo
1165 1389 1301 1429 genera
1319 1385 1474 1428 propter
1493 1375 1527 1413 se
1546 1374 1848 1428 expetendorum
1869 1387 1977 1428 repe-

580 1443 726 1481 riantur
744 1457 753 1481 :
776 1455 915 1487 unum,
936 1441 1040 1494 quod
1060 1441 1113 1480 est
1133 1442 1173 1479 in
1194 1442 1254 1487 iis,
1276 1442 1315 1480 in
1336 1442 1476 1494 quibus
1496 1441 1714 1495 completur
1733 1441 1831 1479 illud
1851 1451 1977 1479 extre-

579 1521 690 1546 mum
707 1526 719 1553 3
755 1522 840 1560 quae
859 1507 947 1546 sunt
965 1516 1030 1545 aut
1049 1508 1185 1553 animi,
1202 1517 1268 1545 aut
1287 1508 1470 1560 corporis.
1504 1508 1601 1546 Haec
1621 1517 1766 1552 autem,
1787 1520 1873 1560 quae
1892 1506 1980 1545 sunt

578 1574 826 1620 extrinsecus,
859 1574 898 1612 id
918 1573 984 1619 est,
1016 1588 1101 1627 quae
1121 1587 1246 1627 neque
1265 1574 1305 1612 in
1325 1575 1456 1612 animo
1476 1574 1575 1619 sunt,
1603 1587 1727 1626 neque
1747 1574 1786 1611 in
1806 1587 1978 1626 corpore,

579 1651 623 1679 ut
643 1641 772 1686 amici,
793 1649 837 1678 ut
856 1649 1042 1693 parentes,
1062 1648 1104 1678 ut
1123 1639 1248 1684 liberi,
1271 1649 1314 1677 ut
1333 1640 1557 1692 propinqui,
1579 1650 1622 1677 ut
1643 1639 1719 1692 ipsa
1738 1640 1870 1692 patria,
1892 1639 1980 1677 sunt

579 1707 646 1745 illa
663 1707 823 1759 quidem
843 1706 906 1744 sua
925 1705 1058 1758 sponte
1077 1719 1174 1751 cara,
1207 1705 1268 1743 sed
1289 1706 1423 1744 eodem
1453 1707 1492 1744 in
1513 1718 1664 1758 genere,
1685 1718 1764 1757 quo
1793 1705 1872 1750 illa,
1900 1718 1978 1743 non

579 1772 680 1810 sunt.
713 1772 800 1811 Nec
821 1785 908 1809 vero
927 1771 1131 1824 quisquam
1152 1771 1350 1810 summum
1371 1771 1520 1809 bonum
1541 1770 1680 1823 affequi
1697 1783 1869 1823 unquam
1892 1769 1978 1823 pos-

579 1838 647 1883 set,
670 1838 695 1876 fi
714 1839 846 1877 omnia
866 1837 944 1882 illa,
967 1851 1051 1890 quae
1072 1837 1158 1876 sunt
1177 1847 1294 1883 extra,
1330 1850 1553 1890 quanquam
1572 1836 1795 1890 expetenda,
1827 1836 1981 1875 summo

579 1905 684 1943 bono
703 1905 1003 1943 continerentur.

635 1972 788 2010 XX1V.
820 1973 914 2023 Qo
933 1971 1050 2009 modo
1070 1971 1202 2024 igitur,
1238 1971 1403 2024 inquies,
1424 1984 1558 2009 verum
1579 1970 1649 2009 esse
1670 1971 1823 2023 poterit,
1849 1971 1981 2009 omnia

580 2037 709 2077 referri
730 2038 775 2076 ad
797 2037 993 2076 summum
1016 2037 1178 2083 bonum,
1207 2037 1230 2076 fi
1250 2038 1443 2082 amicitiae,
1477 2037 1501 2075 si
1524 2037 1842 2090 propinquitates,
1873 2037 1897 2074 si
1919 2050 1979 2075 re-

581 2104 687 2157 liqua
707 2113 861 2142 externa
881 2103 1032 2141 summo
1053 2103 1156 2142 bono
1177 2117 1252 2141 non
1273 2104 1518 2141 continentur
1539 2104 1551 2140 ?
1594 2103 1681 2141 Hac
1708 2102 1887 2140 videlicet
1919 2117 1979 2141 m·-

580 2171 709 2215 tione;
733 2170 835 2223 quod
856 2183 911 2214 ea,
928 2184 1013 2222 qua:
1032 2180 1186 2208 externa
1206 2169 1305 2215 sunt,
1328 2170 1373 2207 iis
1395 2180 1549 2208 tuemur
1568 2169 1720 2213 officiis,
1741 2182 1826 2221 quae
1845 2169 1979 2207 oriun-

580 2246 644 2275 tur
663 2250 683 2274 a
703 2236 768 2275 suo
788 2235 973 2288 cujusque
991 2249 1126 2288 genere
1145 2236 1312 2274 virtutis.
1357 2236 1462 2274 Nam
1481 2245 1520 2274 et
1541 2235 1655 2273 amici
1676 2234 1818 2279 cultus,
1853 2245 1891 2273 et
1911 2248 1979 2288 pa-

581 2304 712 2348 rentis,
733 2313 771 2341 et
787 2302 853 2356 qui
873 2302 1002 2341 officio
1024 2301 1212 2355 fungitur,
1236 2303 1275 2341 in
1295 2315 1340 2340 eo
1361 2301 1439 2355 ipso
1459 2301 1620 2355 prodest,
1648 2301 1768 2354 quod,
1797 2301 1848 2340 ita
1868 2300 1979 2355 fungi

580 2370 725 2415 officio,
748 2371 786 2408 in
809 2371 905 2408 recte
923 2368 1030 2408 fastis
1050 2369 1125 2413 «τῆς
1149 2383 1231 2421 qua:
1254 2369 1338 2407 sunt
1353 2378 1435 2407 orta
1449 2368 1671 2407 virtutibus.
1704 2369 1802 2419 Qae
1822 2368 1979 2421 quidem

584 2437 764 2489 sapientes
786 2437 1008 2489 sequuntur,
1041 2444 1190 2474 utentes
1211 2446 1394 2488 tanquam
1416 2436 1512 2474 duce
1539 2445 1693 2473 natura:
1727 2448 1802 2473 non
1825 2433 1979 2488 perfecti

581 2513 710 2540 autem
733 2502 924 2547 homines,
939 2512 975 2541 et
996 2512 1122 2541 tamen
1146 2502 1309 2555 ingeniis
1329 2501 1606 2540 excellentibus
1627 2502 1789 2555 pnrditi,
1806 2501 1978 2540 excitan-

585 2578 647 2608 tur
669 2569 759 2623 stt-pc
781 2569 899 2622 gloria
916 2588 926 2614 5
948 2583 1032 2622 quae
1054 2567 1169 2608 habet
1191 2567 1357 2608 formam
1378 2567 1597 2613 honestati&
1613 2577 1652 2607 et
1673 2565 1980 2607 similitudinem.
