2330 2983
629 259 910 300 LIBER
996 261 1422 305 TERTIUS.
1676 283 1756 327 517

365 355 477 408 Qid
497 355 551 395 est
571 356 725 395 fimile?
758 357 885 409 Reges
905 356 1013 395 enim
1035 358 1061 396 fi
1083 358 1246 398 scientes
1267 362 1590 413 praetermittunt,
1613 379 1756 422 magna

365 423 482 475 culpa
502 423 568 461 est.
602 424 657 460 At
677 423 750 460 deo
770 436 818 461 ne
838 423 1036 461 excusatio
1057 425 1218 475 quidem
1241 426 1295 464 est
1315 428 1543 469 inscientiae.

419 488 658 527 XXXVIII.
684 490 819 540 Qem
839 502 906 526 vos
927 489 1109 540 praeclare
1130 489 1357 537 defenditis,
1380 507 1474 533 cum
1495 496 1644 543 dicitis,
1666 512 1752 538 eam

362 553 444 592 vim
465 553 628 592 deorum
650 553 737 597 effe,
770 563 829 597 ut,
861 553 981 591 etiam
1006 554 1032 591 fi
1053 555 1141 606 quis
1163 565 1291 593 morte
1311 571 1445 609 poenas
1473 560 1626 600 sceleris
1648 563 1751 603 effu-

361 619 476 670 gerit,
507 628 741 672 expetantur
760 632 811 657 eae
830 631 957 671 poenae
978 631 998 655 a
1031 619 1182 664 liberis,
1218 633 1239 658 a
1268 624 1494 674 nepotibus,
1528 639 1548 662 a
1572 627 1749 678 posteris.

360 684 398 721 Ο
421 684 562 722 miram
599 685 823 737 aequitatem
856 684 1047 723 deorum!
1085 686 1271 724 Ferretne
1305 689 1385 726 ulla
1417 691 1553 729 civitas
1586 692 1751 732 latorem

359 748 576 788 istiusmodi
598 750 710 802 legis,
747 759 790 788 ut
812 750 1138 789 condemnaretur
1161 752 1282 798 filius,
1318 764 1385 793 aut
1407 770 1541 809 nepos,
1581 757 1606 796 fi
1627 769 1749 811 pater.

359 826 426 855 aut
447 829 538 854 avus
565 815 786 869 deliquiffet
804 815 818 852 ?

492 882 652 934 Qinam
675 879 961 920 Tantalidarum
981 883 1222 922 internecioni
1236 884 1359 924 modus

494 949 668 987 Paretur
683 948 703 986 ,ἒ
734 958 802 986 aut
824 962 990 1001 quaenam
1010 963 1170 1002 unquam
1189 950 1231 988 ob
1251 962 1402 991 mortem
1422 953 1583 1006 Myrtdi

494 1013 621 1052 Ptenis
640 1013 778 1052 luendis
796 1013 950 1052 dabitur
954 1015 1082 1067 strtias
1088 1016 1272 1068 fhpplicii
1283 1016 1305 1054 ἒ

415 1079 564 1117 Utrum
597 1090 718 1132 poetae
741 1080 890 1117 Stoicos
912 1079 1171 1132 depravarint,
1204 1095 1251 1119 an
1273 1082 1396 1121 Stoici
1420 1084 1546 1135 poetis
1567 1084 1748 1126 dederint

352 1147 638 1189 auctoritatem,
671 1159 750 1183 non
771 1139 886 1183 facile
907 1145 1091 1184 dixerim.
1136 1147 1323 1191 Portenta
1342 1149 1449 1186 enim
1472 1159 1511 1187 et
1531 1150 1678 1203 flagitia
1697 1151 1746 1190 ab

352 1211 528 1265 utrisque
561 1211 764 1250 dicuntur.
813 1211 957 1263 Neque
986 1212 1108 1256 enim.
1138 1226 1260 1264 quem
1288 1214 1553 1267 Hipponactis
1582 1218 1744 1269 jambus

352 1278 512 1323 laeserat,
542 1288 608 1316 aut
635 1279 705 1331 qui
725 1287 805 1316 erat
833 1277 1073 1316 Archilochi
1103 1279 1211 1317 versu
1233 1280 1473 1326 vulneratus,
1504 1296 1525 1320 a
1555 1283 1627 1321 deo
1661 1284 1741 1323 im-

351 1345 511 1384 mifl‘um
531 1345 722 1389 dolorem,
754 1357 833 1383 non
855 1354 1095 1398 conceptum
1123 1359 1143 1383 a
1165 1345 1201 1384 se
1227 1347 1325 1399 ipso,
1361 1349 1620 1389 continebat:
1652 1364 1739 1397 nec,

351 1424 445 1450 cum
480 1410 653 1464 AEgisthi
693 1410 918 1456 libidinem,
959 1420 1026 1449 aut
1059 1424 1154 1450 cum
1193 1412 1344 1452 Paridis
1378 1414 1574 1461 videmus,
1614 1430 1635 1454 a
1668 1416 1741 1456 deo

350 1477 504 1515 causam
539 1477 791 1529 requirimuS,
828 1490 921 1514 cum
954 1477 1079 1530 culpae
1111 1491 1209 1530 pene
1236 1492 1374 1517 vocem
1402 1480 1634 1520 audiamus:
1667 1496 1740 1521 nec

352 1557 426 1596 ego
446 1543 666 1581 multorum
702 1556 896 1594 aegrorum
924 1542 1088 1581 salutem
1119 1556 1198 1582 non
1233 1543 1283 1581 ab
1313 1545 1560 1597 Hippocrate
1588 1548 1738 1599 potius,

349 1622 467 1661 quam
489 1609 537 1646 ab
558 1608 785 1659 AEsculapio
805 1607 934 1644 datam
948 1607 1090 1658 judico
1109 1623 1118 1646 :
1151 1621 1223 1646 nec
1243 1609 1636 1651 Lacedaemoniorum
1658 1614 1738 1652 dis-

347 1673 539 1726 ciplinam
574 1672 704 1710 dicam
735 1684 911 1724 unquam
943 1671 992 1709 ab
1026 1673 1217 1725 Apolline
1250 1675 1382 1726 potius
1417 1677 1575 1729 Spartae,
1617 1691 1739 1730 quam

346 1752 368 1777 a
404 1738 766 1791 Lycurgoldatam.
821 1737 1033 1782 Critolaus,
1065 1738 1243 1790 inquam,
1283 1741 1423 1779 evertit
1460 1742 1734 1784 Corinthum:

345 1804 628 1857 Carthaginem
663 1803 874 1842 Asdrubal.
924 1803 983 1841 Hi
1015 1803 1094 1842 duo
1125 1804 1216 1843 illos
1246 1805 1384 1844 oculos
1415 1820 1490 1845 orae
1526 1809 1735 1849 maritimae

345 1870 581 1915 effoderunt,
613 1884 692 1909 non
722 1870 842 1908 iratus
872 1869 1007 1915 alicui,
1041 1883 1162 1924 quem
1191 1871 1357 1910 omnino
1391 1873 1502 1912 irasci
1531 1875 1636 1926 poffe
1662 1890 1735 1915 ne-

344 1937 460 1990 gatis,
491 1937 600 1975 deus.

397 2003 594 2041 XXXIX.
635 2003 690 2040 At
725 2001 930 2041 subvenire
963 2011 1068 2041 certe
1102 2003 1249 2056 potuit,
1289 2012 1329 2042 et
1359 2004 1584 2044 conservare
1618 2007 1734 2048 urbes

342 2077 484 2114 tantas,
519 2077 637 2121 atque
669 2067 778 2105 tales.
825 2067 907 2106 Vos
937 2067 1046 2106 enim
1079 2068 1149 2120 ipsi
1181 2068 1310 2107 dicere
1337 2069 1486 2116 soletis,
1523 2070 1626 2110 nihil
1659 2073 1733 2112 effe

343 2135 450 2188 quod
470 2134 564 2173 deus
585 2135 737 2172 efficere
757 2147 836 2172 non
859 2135 987 2187 poffit,
1019 2143 1060 2172 et
1079 2134 1242 2186 quidem
1265 2135 1344 2174 fine
1373 2136 1505 2176 labore
1532 2138 1628 2176 ullo.
1673 2140 1732 2178 Ut

341 2202 447 2239 enim
470 2200 683 2239 hominum
703 2200 883 2238 membra
902 2201 1011 2239 nulla
1030 2201 1300 2247 contentione,
1332 2212 1464 2241 mente
1495 2204 1575 2256 ipsa
1595 2218 1638 2242 ac
1658 2219 1730 2243 vo-

341 2267 492 2306 luntate
513 2275 771 2312 moveantur3
803 2267 853 2305 fic
875 2267 1038 2305 numine
1065 2267 1229 2306 deorum
1257 2269 1392 2307 omnia
1418 2269 1531 2321 fingi,
1564 2272 1728 2316 moveri,

342 2334 568 2386 mutarique
597 2332 714 2385 posse.
762 2333 905 2386 Neque
934 2333 975 2371 id
1007 2333 1139 2372 dicitis
1166 2334 1440 2387 superstitiose,
1472 2345 1588 2387 atque
1608 2337 1728 2374 anili·

341 2408 413 2444 ter,
454 2399 517 2437 sed
552 2398 724 2453 physica,
764 2399 1036 2453 constantique
1071 2400 1232 2438 ratione.
1283 2401 1493 2438 Materiam
1526 2401 1632 2438 enim
1665 2416 1729 2440 re-

340 2479 445 2510 rum,
477 2479 525 2503 ex
559 2478 650 2518 qua,
684 2474 724 2503 et
754 2466 795 2503 in
831 2479 908 2519 qua
940 2466 1075 2504 omnia
1108 2466 1195 2511 sint,
1231 2475 1354 2503 totam
1386 2466 1457 2504 effe
1491 2466 1725 2513 flexibilem,

337 2540 378 2571 et
396 2531 740 2579 commutabilem,
764 2541 808 2572 ut
828 2531 931 2571 nihil
950 2532 1011 2578 fit,
1033 2532 1140 2585 quod
1161 2545 1241 2570 non
1263 2545 1310 2570 ex
1330 2546 1374 2570 ea
1393 2533 1572 2584 quamvis
1594 2532 1727 2573 subito
