2330 2983
723 273 1000 315 LIBER
1057 272 1489 326 QUINTUS.
1731 286 1804 327 393

409 375 567 414 tandem
586 383 689 413 caret
707 375 999 428 voluptatibus?
1031 375 1136 413 Cum
1162 374 1320 426 quidam
1350 374 1468 413 etiam
1492 373 1699 426 disputent,
1731 386 1805 411 σεε-

412 450 508 479 teras
538 441 750 493 voluptates
781 440 821 478 in
851 440 939 492 ipfis
970 438 1139 477 habitare
1160 440 1348 484 senfibus;
1381 454 1465 492 quae
1496 449 1624 477 autem
1656 438 1805 492 aspecftu

411 505 684 558 percipiantur,
706 517 749 542 ea
763 517 840 542 non
859 502 993 541 versari
1013 504 1054 541 in
1073 504 1277 541 oculorum
1297 503 1375 540 ulla
1388 504 1655 555 jucunditate:
1688 512 1730 542 ut
1749 516 1804 549 ea,

412 584 496 623 quae
507 569 716 622 gustemus,
737 568 977 613 olfaciamus,
1001 570 1220 613 tractemus,
1252 567 1466 612 audiamus,
1498 569 1537 606 in
1558 582 1601 605 ea
1620 566 1710 621 ipsa,
1738 569 1806 606 ubi

411 635 608 680 sentimus,
630 643 735 688 parte
753 634 946 673 versentur
957 652 970 679 ;
991 633 1033 672 in
1048 634 1169 672 oculis
1190 633 1264 671 tale
1281 632 1379 672 nihil
1400 633 1458 672 fit.
1481 634 1649 672 Animus
1665 635 1807 686 accipit

411 715 498 754 quae
522 701 712 740 videmus.
756 701 908 739 Animo
936 710 1065 739 autem
1095 700 1230 739 multis
1259 699 1386 739 modis
1417 699 1602 752 variisque
1631 700 1807 738 dele-&ari

410 766 516 812 licet,
546 768 663 805 etiam
696 766 723 804 fi
743 780 821 805 non
840 765 1063 804 adhibeatur
1088 765 1270 819 aspectus.
1312 767 1472 818 Loquor
1499 766 1602 804 enirn
1625 765 1671 804 de
1693 766 1806 804 doeio

410 831 572 871 homine
590 841 628 870 et
646 831 811 877 erudito,
842 832 905 870 cui
926 832 1050 870 vivere
1069 831 1135 876 est,
1161 832 1340 884 cogitare.
1385 831 1569 884 Sapientis
1589 841 1717 870 autem
1737 844 1805 869 co-

410 898 547 950 gitatio
580 911 658 936 non
688 895 810 936 ferme
840 897 886 935 ad
916 896 1219 950 investigandum
1239 895 1396 935 adhibet
1425 896 1559 935 oculos
1588 897 1804 936 advocatos.

412 963 586 1008 Etenim,
616 963 643 1001 fi
663 976 740 1001 nox
760 976 837 1001 non
857 963 995 1000 adimit
1014 963 1134 1000 vitam
1155 963 1320 1008 beatam,
1350 975 1419 1001 cur
1437 963 1517 1001 dies
1548 963 1651 1001 noeti
1671 962 1805 1002 fimilis

411 1029 584 1068 adimat?
629 1028 735 1066 Nam
755 1027 853 1066 illud
873 1028 1070 1081 Antipatri
1091 1027 1293 1080 Cyrenaici
1319 1027 1374 1066 est
1403 1028 1562 1080 quidem
1592 1029 1708 1081 paulo
1730 1028 1805 1066 ob-

410 1093 590 1138 scoenius,
621 1092 683 1131 sed
708 1106 787 1132 non
817 1092 976 1132 absurda
1007 1093 1192 1132 sententia
1223 1093 1303 1138 est,
1338 1093 1449 1145 cujus
1477 1093 1690 1131 caecitatem
1712 1106 1807 1132 cum

409 1158 647 1198 mulierculae
677 1159 989 1204 lamentarentur,
1019 1159 1120 1212 Qid
1138 1160 1248 1213 agitis
1263 1159 1284 1198 ?
1313 1159 1443 1211 inquit
1457 1177 1470 1204 5
1500 1173 1549 1197 an
1581 1158 1681 1198 vobis
1709 1159 1808 1198 nulla

408 1225 557 1264 videtur
575 1225 742 1279 voluptas
759 1224 820 1278 effi
847 1227 1024 1264 nofflurna
1040 1226 1060 1265 ,ἓ
1089 1226 1266 1278 Appium
1291 1224 1452 1277 quidem
1480 1233 1648 1264 veterem
1673 1224 1803 1270 illum,

409 1293 479 1345 qui
497 1305 619 1331 caecus
649 1305 767 1330 annos
801 1292 947 1330 multos
977 1291 1067 1337 fuit,
1097 1300 1136 1330 et
1165 1305 1214 1330 ex
1242 1290 1523 1344 magistratibus
1546 1301 1587 1329 et
1612 1304 1663 1329 ex
1693 1292 1805 1329 rebus

409 1357 521 1410 gestis
541 1357 810 1410 intelligimus,
839 1357 880 1395 in
900 1357 969 1395 illo
988 1357 1055 1396 suo
1073 1357 1160 1396 casu
1179 1370 1250 1395 nec
1275 1357 1424 1409 privato
1443 1369 1514 1394 nec
1532 1355 1692 1409 publico
1712 1370 1803 1395 mu·

411 1423 493 1461 neri
513 1421 682 1461 defuisse.
728 1423 777 1461 C.
798 1432 926 1461 autem
949 1423 1062 1462 Drusi
1087 1423 1256 1461 domum
1275 1422 1465 1474 compleri
1484 1435 1505 1458 a
1524 1421 1805 1461 consultoribus

411 1488 561 1527 solitam
581 1489 801 1542 accepimus
816 1502 825 1527 :
847 1501 954 1534 cum,
971 1501 1139 1542 quorum
1159 1501 1216 1528 res
1232 1487 1334 1532 effet,
1351 1487 1414 1526 sua
1433 1487 1501 1540 ipfi
1517 1500 1595 1526 non
1610 1487 1802 1532 videbant,

409 1567 556 1593 caecum
574 1553 809 1592 adhibebant
829 1555 982 1594 ducem.

462 1619 656 1658 XXXIX.
688 1620 820 1657 Pueris
851 1621 963 1658 nobis
996 1621 1071 1659 Cn.
1092 1620 1274 1659 Aufidius
1306 1620 1508 1659 Praetorius
1538 1627 1577 1658 et
1607 1620 1646 1658 in
1676 1619 1806 1658 senatu

409 1686 633 1725 sententiam
653 1685 817 1730 dicebat,
838 1699 908 1724 nec
929 1687 1061 1725 amicis
1081 1687 1382 1726 deliberantibus
1401 1686 1541 1731 deerat,
1572 1695 1610 1724 et
1625 1687 1804 1725 Graecam

407 1751 595 1791 scribebat
613 1749 826 1797 historiam,
858 1761 896 1790 et
915 1752 1068 1790 videbat
1087 1752 1128 1790 in
1148 1753 1281 1790 literis.
1327 1751 1521 1790 Diodotus
1540 1752 1707 1796 Stoicus,
1728 1765 1803 1790 cae-

407 1831 490 1863 cus,
512 1818 658 1856 multos
678 1830 796 1855 annos
816 1818 924 1856 domi
944 1817 1076 1856 nostrae
1095 1818 1207 1856 vixit.
1232 1818 1267 1856 Is
1287 1830 1392 1862 vero,
1412 1817 1517 1869 quod
1533 1817 1719 1855 credibile
1739 1817 1805 1856 vix

407 1884 510 1929 esset,
542 1897 635 1922 cum
655 1883 696 1921 in
716 1882 958 1936 philosophia
976 1883 1104 1922 multo
1121 1884 1237 1922 etiam
1258 1884 1380 1936 magis
1402 1883 1539 1921 affidue
1554 1896 1677 1936 quam
1696 1892 1805 1922 antea

407 1949 626 1994 versaretur,
655 1957 695 1987 et
724 1961 817 1987 cum
836 1948 977 1988 fidibus
997 1948 1327 2003 Pythagoreorum
1347 1962 1454 1987 more
1475 1958 1656 1994 uteret-ur,
1687 1963 1803 1987 cum-

409 2028 484 2068 que
512 2015 547 2053 ei
577 2014 668 2053 libri
696 2013 826 2054 noctes
856 2024 895 2053 et
923 2015 1006 2054 dies
1026 2015 1256 2068 legerentur,
1289 2015 1448 2067 (quibus
1468 2015 1508 2052 in
1529 2014 1661 2053 studiis
1680 2014 1803 2054 oculis

410 2094 486 2120 non
504 2080 657 2134 egebat)
679 2088 779 2125 tum,
811 2081 917 2133 quod
936 2081 1012 2119 fine
1031 2081 1155 2120 oculis
1174 2081 1256 2120 fieri
1276 2080 1377 2133 poss‘e
1396 2081 1460 2119 vix
1480 2080 1682 2126 videretur,
1708 2094 1802 2134 geo-

409 2147 554 2186 metriae
587 2159 729 2184 munus
765 2147 956 2193 tuebatur,
986 2147 1112 2186 verbis
1146 2147 1369 2200 praecipiens
1403 2146 1651 2192 discentibus,
1685 2147 1803 2192 unde,

409 2225 503 2264 quo,
525 2224 720 2264 quamque
737 2211 881 2250 lineam
901 2212 1118 2251 scriberent.
1139 2211 1407 2264 Asclepiadem
1427 2211 1570 2258 ferunt,
1593 2226 1669 2250 non
1690 2212 1803 2265 igno-

411 2277 531 2315 bilem
563 2277 783 2315 Eretricum
816 2276 1107 2330 philosophum,
1135 2291 1228 2316 cum
1245 2278 1407 2330 quidam
1428 2288 1624 2331 quaereret‚
1647 2278 1741 2329 quid
1768 2277 1802 2314 ei

409 2343 556 2380 caecitas
585 2341 779 2387 attuliffet,
808 2343 1048 2396 respondisse,
1079 2345 1198 2383 Puero
1218 2353 1260 2382 ut
1285 2358 1352 2383 uno
1380 2343 1458 2397 {ff’t
1487 2343 1699 2382 comitatrbr.
1748 2343 1804 2380 Ut

410 2407 515 2446 enim
534 2407 593 2444 vel
613 2407 763 2446 summa
780 2419 978 2462 paupertas
999 2410 1207 2448 tolerabilis
1227 2409 1284 2454 fit,
1316 2410 1341 2447 fi
1363 2410 1488 2453 liceat,
1517 2407 1620 2460 quod
1641 2407 1803 2459 quibus-

411 2473 502 2511 dam
522 2472 667 2510 Graecis
687 2474 859 2525 quotidie
874 2493 886 2520 ;
918 2475 967 2514 fic
986 2475 1136 2514 caecitas
1157 2475 1246 2515 ferri
1267 2474 1379 2513 facile
1399 2473 1523 2527 polilt,
1548 2474 1573 2511 si
1593 2486 1669 2511 non
1686 2472 1804 2512 defint

411 2537 570 2578 subsidia
588 2538 866 2580 valetudinum.

511 2609 742 2650 T0M.11.
1375 2610 1503 2649 Ddd
