2330 2983
639 299 715 339 282
948 293 1720 334 TUSCULANARUM

638 403 770 434 contra
789 402 963 432 naturam
982 393 1132 438 dicunt,
1154 405 1224 431 nec
1245 400 1371 430 tamen
1392 391 1554 430 malum.
1597 391 1693 435 Hic,
1720 389 1788 442 qui
1808 388 1931 428 solum
1950 388 2029 428 hoc

637 460 787 499 malum
806 459 902 497 dicit
919 467 958 497 et
975 458 1168 497 malorum
1198 457 1377 496 omnium
1402 465 1633 501 extremum,
1663 455 1869 508 sapientem
1901 453 2030 493 censet

638 525 679 564 id
697 525 807 563 suave
826 524 1034 562 dicturum.

683 591 770 643 Ego
789 604 810 628 a
829 599 866 628 te
884 603 962 628 non
977 588 1140 642 postulo,
1157 597 1200 626 ut
1221 587 1392 627 dolorem
1412 587 1553 626 eisdem
1574 587 1696 625 verbis
1715 585 1870 630 afficias,
1886 585 2029 638 quibus

639 657 832 709 Epicurus
858 655 1110 707 voluptatem,
1140 651 1275 698 homo,
1311 662 1354 690 ut
1373 653 1457 697 scis,
1491 652 1740 704 voluptarius.
1799 650 1870 689 Ille
1889 650 2029 688 dixerit

639 721 723 759 sane
743 721 847 759 idem
867 721 907 758 in
927 719 1137 758 Phalaridis
1165 728 1284 763 tauro,
1306 717 1410 769 quod
1429 718 1455 755 s1
1475 717 1562 755 effet
1580 718 1621 755 in
1640 717 1794 755 lectulo.
1837 716 1924 769 Ego
1943 725 2027 754 tan-

639 795 720 824 tam
741 786 820 823 vim
841 797 918 822 non
939 784 1066 822 tribuo
1086 783 1244 836 sapienti
1263 791 1395 821 contra
1414 781 1601 819 dolorem.
1639 782 1693 819 Sit
1712 780 1822 818 fortis
1842 781 1883 818 in
1903 779 2028 833 perfe-

639 850 772 894 rendo,
804 849 934 887 officio
954 848 1038 886 satis
1065 848 1145 892 est5
1177 856 1220 885 ut
1254 847 1402 885 laetetur
1421 846 1552 891 etiam,
1575 859 1652 884 non
1672 845 1834 898 postulo.
1891 844 2031 883 Tristis

638 917 745 953 enim
765 927 822 953 res
842 914 896 952 est
924 913 1000 952 fine
1020 913 1154 957 dubio,
1184 911 1324 964 aspera,
1355 924 1494 956 amara,
1524 911 1683 950 inimica
1710 918 1867 955 natum,
1887 909 1934 947 ad
1961 922 2031 962 pa-

639 981 816 1019 tiendum
835 979 1152 1031 tolerandumque
1168 977 1352 1016 difficilis.

696 1047 837 1099 Aspice
872 1043 1126 1084 Philoctetam
1138 1062 1151 1090 5
1182 1044 1246 1082 cui
1280 1042 1570 1081 concedendum
1605 1042 1659 1081 est
1677 1042 1847 1095 gementi
1865 1055 1874 1080 :
1906 1040 2034 1094 ipsum

641 1113 747 1151 enim
763 1110 978 1150 Herculem
997 1110 1141 1148 viderat
1160 1109 1200 1147 in
1220 1116 1312 1150 OEta
1330 1109 1596 1161 magnitudine
1615 1108 1793 1147 dolorum
1807 1107 2036 1159 ejulantem.

642 1176 760 1217 Nihil
780 1176 899 1228 igitur
918 1174 1023 1213 hunc
1043 1174 1171 1213 virum
1186 1173 1341 1228 sagittae,
1359 1186 1452 1226 quas
1473 1173 1519 1212 ab
1533 1173 1705 1213 Hercule
1724 1181 1930 1227 acceperat,
1947 1181 2037 1211 tum

643 1241 951 1285 consolabantur,

781 1307 873 1345 Cum
891 1320 909 1345 e
927 1305 1087 1359 viperino
1104 1307 1218 1360 motfit
1236 1319 1339 1345 venae
1357 1306 1529 1360 viscerum

782 1373 916 1410 Veneno
936 1370 1082 1410 imbutae
1100 1379 1212 1409 tetros
1230 1371 1412 1410 cruciatus
1431 1372 1576 1410 cierent.

644 1439 778 1491 Itaque
797 1436 987 1476 exclamat
1006 1436 1194 1475 auxilium
1214 1446 1407 1489 expetens,
1429 1436 1530 1475 mori
1547 1435 1705 1489 cupiens
1722 1453 1734 1481 ς

780 1505 865 1543 Heu
885 1503 961 1556 quis
966 1503 1071 1555 salsis
1076 1502 1244 1555 fluc‘libu'
1261 1502 1402 1541 mandet

783 1570 850 1608 Me
868 1568 1066 1621 exstaeblimi
1080 1567 1215 1606 vertice
1219 1567 1312 1621 fizxi
1320 1568 1340 1605 ξ’

781 1633 946 1687 Jany'am
965 1633 1125 1686 absumor
1136 1648 1150 1671 .·
1180 1633 1318 1685 cotficit
1336 1633 1489 1671 animam

785 1699 847 1737 Vis
865 1698 1040 1743 vulneris,
1069 1698 1195 1737 ulceris
1213 1698 1327 1751 cestus.

646 1764 820 1805 Difficile
840 1764 944 1802 diCtu
965 1763 1128 1808 videtur,
1150 1776 1240 1802 eum
1262 1777 1339 1802 non
1359 1764 1398 1801 in
1419 1764 1521 1803 malo
1540 1763 1624 1808 effe,
1646 1774 1684 1802 et
1703 1777 1843 1817 magno
1864 1764 2038 1818 quidem,

646 1831 714 1884 qui
735 1830 787 1868 ita
805 1829 966 1868 clamare
982 1837 1152 1882 cogatur.

703 1896 815 1934 VIII.
848 1895 919 1933 Sed
942 1894 1137 1933 videamus
1158 1883 1372 1933 Herculem
1401 1893 1540 1946 ipsum,
1570 1895 1743 1946 quitum
1777 1896 1906 1935 dolore
1934 1895 2038 1935 fran-

647 1962 820 2014 gebatur,
853 1973 945 1998 cum
976 1959 1306 1998 immortalitatem
1338 1959 1415 2011 ipsa
1449 1969 1573 1997 morte
1601 1961 1802 2011 qnaerebat.
1849 1963 1954 2012 Qas
1975 1961 2040 2000 hic

648 2039 757 2063 voces
787 2025 887 2077 apud
909 2023 1141 2077 Sophoclem
1169 2023 1207 2060 in
1240 2022 1462 2060 Trachiniis
1497 2024 1603 2060 edit?
1645 2025 1707 2061 cui
1739 2038 1830 2063 cum
1863 2026 2042 2077 Dejanira

650 2091 829 2143 sanguine
850 2090 1018 2127 centauri
1040 2089 1198 2127 tinctam
1220 2088 1389 2127 tunicam
1412 2087 1601 2133 induiffet‚
1617 2087 1888 2144 inhaesissetque
1908 2104 1950 2129 ea
1966 2091 2038 2129 vis-

650 2156 814 2201 ceribus,
837 2156 887 2193 ait
909 2155 987 2200 ille,

788 2223 821 2260 O
841 2221 954 2259 multa
972 2220 1067 2258 dim
1083 2219 1234 2272 gravia,
1258 2228 1368 2272 pcrpe
1394 2235 1416 2257 u
1435 2220 1571 2273 qspcra,

787 2289 877 2339 Qtae
896 2296 1038 2339 corpore
1056 2286 1255 2329 exanclavi,
1275 2295 1382 2339 atquc
1399 2287 1512 2324 animo
1526 2287 1691 2338 pertuli!

785 2354 864 2391 Nec
882 2352 970 2391 milvi
985 2352 1144 2405 Junonis
1164 2361 1284 2389 terror
1303 2351 1544 2403 implacabilis,

790 2419 868 2456 Μϊ
887 2428 1028 2456 tantum
1048 2417 1185 2456 invexit
1206 2417 1315 2468 trssis
1336 2417 1547 2469 Eurystheus
1567 2418 1662 2461 mali,

791 2484 974 2534 Qtantum
994 2497 1065 2521 una
1085 2496 1207 2521 ‘vecors
1228 2482 1337 2519 Oenei
1347 2490 1464 2534 partu
1483 2482 1589 2520 edita.

794 2550 884 2587 Hac
903 2563 954 2587 mc·
972 2549 1135 2587 irretivit
1157 2547 1391 2601 vcstcfitriali
1406 2548 1561 2601 irfiimn,

791 2616 879 2665 Qae
898 2615 1007 2654 lateri
1022 2614 1196 2654 iuba-rens
1216 2615 1328 2668 morsii
1347 2614 1480 2653 lam-at
1503 2614 1652 2667 willera,
