2330 2983
672 250 949 293 LIBER
1004 253 1427 294 TERTIUS.
1673 270 1750 311 509

407 352 580 391 XXVII.
607 351 695 391 Nec
715 360 844 390 tamen
864 351 929 389 ille
947 351 1025 404 ipse
1043 351 1095 390 est
1113 354 1408 405 praetereundus,
1425 353 1493 406 qui
1512 366 1588 393 non
1608 354 1661 394 sat
1679 355 1750 395 ha-

361 417 446 456 buit
465 418 670 469 conjugem
689 415 848 455 illexiffe
868 417 907 454 in
927 416 1125 470 stuprum:
1147 418 1195 456 de
1213 432 1292 471 quo
1311 421 1410 458 recte
1428 430 1468 459 et
1484 420 1670 460 veriffime
1689 421 1750 461 10-

360 483 493 534 quitur
511 483 650 520 Atreus
669 496 679 520 :

495 546 602 599 Qod
614 561 654 585 re
671 547 708 585 in
712 547 858 600 stamma
860 548 1040 599 stcmmum
1058 547 1118 601 effi
1134 547 1301 586 arbitror

496 613 691 657 Perichaem,
711 622 845 651 matres
862 613 1088 666 coinquinari
1101 613 1219 666 regias
1233 631 1247 659 ς

496 678 750 717 Contaminari
750 678 900 731 stirpem
916 697 928 724 ς
958 678 1142 733 admisceri
1151 693 1279 732 genus.

357 743 415 782 At
433 742 474 782 id
493 743 620 795 ipsum
640 757 758 796 quam
777 744 928 789 callide,
950 745 1018 796 qui
1038 758 1201 797 regnum
1220 745 1406 784 adulterio
1425 757 1608 798 quaereret
1625 749 1640 786 ?

493 808 598 848 Addo
618 810 780 862 (inquit)
803 810 885 855 huc,
906 809 1000 863 quod
1013 810 1102 848 mihi
1108 820 1278 863 portento
1296 811 1463 865 caelestam
1474 822 1587 867 pater

494 874 706 927 Prodigium
723 874 816 926 mffit
833 876 939 928 regni
940 875 1142 928 stabilimen
1159 876 1239 921 mei,

493 941 644 991 Agnum
662 941 758 978 inter
769 940 918 993 pecudes
934 941 1049 980 aured
1063 942 1200 981 clarum
1218 942 1317 981 coma*

493 1004 677 1054 Qondam
698 1003 870 1058 ‘Thyzssem
888 1006 1020 1059 clepere
1036 1008 1158 1060 alffitm
1176 1007 1235 1060 effi
1252 1021 1270 1045 e
1288 1007 1389 1060 regia
1402 1023 1416 1047 .-

489 1071 574 1120 Qa
591 1070 628 1109 in
647 1085 687 1109 re
704 1070 914 1123 adjutricem
932 1072 1110 1125 conjugem
1127 1073 1221 1125 cepit
1223 1072 1312 1123 fibi.

356 1133 570 1173 videturne
587 1135 739 1174 summa
755 1137 1002 1188 improbitate
1018 1137 1105 1174 usus
1125 1150 1204 1174 non
1224 1137 1301 1174 fine
1320 1137 1472 1174 summa
1486 1137 1556 1176 effe
1575 1138 1749 1177 ratione?

412 1199 499 1237 Nec
532 1212 621 1238 vero
654 1199 763 1238 scena
791 1200 918 1239 solum
945 1199 1082 1239 referta
1111 1200 1163 1239 cst
1189 1200 1251 1239 his
1285 1201 1504 1247 sceleribus,
1532 1202 1594 1241 sed
1622 1205 1751 1245 multo

355 1263 434 1302 vita
463 1265 685 1304 communis
714 1278 811 1318 pene
842 1266 1064 1318 majoribus.
1112 1266 1235 1304 Sentit
1265 1266 1404 1305 domus
1435 1267 1749 1321 uniuscujusque,

356 1329 473 1368 sentit
489 1330 634 1375 forum,
655 1330 768 1369 sentit
786 1331 905 1376 curia,
925 1344 1098 1384 campus,
1120 1331 1225 1378 socii,
1241 1332 1462 1384 provinciae,
1482 1341 1538 1377 ut,
1560 1334 1764 1385 quemad·-

358 1396 521 1434 modum
541 1397 685 1434 ratione
704 1398 802 1435 reete
821 1396 902 1441 fiat,
933 1397 982 1435 fic
1009 1398 1153 1436 ratione
1171 1406 1376 1450 peccetur:
1407 1398 1660 1451 alterumque·
1673 1409 1712 1437 et
1730 1414 1764 1438 a·

356 1462 502 1514 paucis,
523 1471 564 1500 et
581 1475 662 1500 raro
678 1480 689 1507 5
720 1462 898 1508 alterum,
919 1471 959 1500 et
974 1462 1083 1516 saepe,
1103 1471 1142 1501 et
1161 1475 1183 1501 a
1200 1463 1376 1516 pluribus
1394 1478 1404 1502 2
1435 1473 1480 1502 ut
1497 1463 1612 1502 satius
1631 1463 1761 1505 fuerit-

357 1526 506 1566 nullam
525 1528 685 1566 omnino
710 1528 823 1566 nobis
853 1541 874 1565 a
893 1527 981 1566 Diis
1000 1528 1285 1567 immortalibus
1305 1528 1432 1567 datam
1457 1529 1529 1567 esse
1545 1529 1748 1575 rationem,

355 1606 474 1644 quam
494 1602 597 1631 tanta
616 1606 708 1630 curn
726 1593 895 1643 pernicie
913 1593 1055 1629 datam.
1077 1594 1136 1629 Ut
1153 1593 1289 1630 vinum
1309 1595 1474 1645 aegrotis,
1494 1594 1585 1646 quia
1599 1595 1750 1648 prodest

356 1671 451 1702 raro,
486 1666 600 1695 nocet
619 1655 826 1708 saepiffime,
862 1656 1001 1694 melius
1031 1656 1085 1694 est
1109 1670 1188 1695 non
1213 1656 1393 1696 adhibere
1423 1660 1600 1704 omnino,
1630 1674 1749 1712 quam

354 1721 418 1773 spe
437 1721 562 1759 dubiae
579 1721 707 1759 salutis
734 1721 773 1759 in
793 1729 963 1773 apertam
983 1721 1194 1772 perniciem
1214 1721 1404 1759 incurrere
1419 1741 1432 1767 ς
1463 1723 1513 1760 fic
1532 1721 1636 1760 haud
1655 1724 1746 1769 scio,

353 1799 401 1824 an
425 1786 563 1824 melius
595 1785 724 1831 fuerit,
754 1785 926 1824 humano
956 1785 1086 1837 generi
1105 1794 1260 1823 motum
1280 1786 1397 1824 istum
1415 1787 1579 1825 celerem
1598 1789 1761 1840 cogita--

354 1852 485 1896 tionis,
529 1865 706 1896 acumen,
737 1851 940 1896 solertiam,
971 1864 1090 1903 quam
1120 1851 1308 1889 rationem
1336 1844 1533 1897 vocamus,
1563 1855 1748 1905 quoniam

355 1915 528 1969 pestifera
558 1916 602 1954 fit
632 1917 783 1960 multis,
813 1916 1025 1954 admodum
1050 1917 1180 1969 paucis
1200 1915 1383 1962 salutaris,
1413 1931 1491 1956 non
1511 1918 1592 1955 dari
1615 1920 1746 1957 omni-

354 1996 419 2027 no,
441 1996 558 2034 quam
579 1992 657 2019 tam
678 1981 876 2027 munifice,
897 1991 934 2020 et
954 1991 1032 2020 tam
1053 1982 1154 2034 large
1173 1982 1266 2020 dari.
1305 1983 1572 2033 Qamobrem
1591 1984 1618 2022 fi
1638 1998 1747 2024 mens

354 2047 603 2099 voluntasque
623 2046 750 2084 divina
768 2046 911 2084 idcirco
940 2046 1132 2086 consuluit
1150 2046 1391 2092 horninibus,
1424 2050 1528 2101 quod
1548 2050 1594 2088 iis
1613 2049 1748 2102 largita

353 2113 406 2151 est
422 2113 631 2157 rationem5
653 2113 699 2150 iis
721 2112 806 2151 solis
827 2112 1033 2157 consuluit,
1050 2126 1146 2164 quos
1166 2113 1266 2152 bona
1284 2114 1427 2153 ratione
1445 2115 1601 2153 donavit
1612 2133 1624 2160 5
1648 2129 1746 2167 quos

354 2178 544 2222 videmus,
576 2178 601 2216 fi
631 2178 748 2216 modo
778 2177 848 2216 ulli
872 2177 973 2222 sunt,
1003 2178 1073 2216 effe
1093 2192 1315 2231 perpaucos.
1357 2180 1452 2219 Non
1472 2181 1598 2233 placet
1617 2191 1764 2219 autem-

354 2243 484 2295 paucis
504 2255 525 2279 a
539 2242 625 2280 Diis
647 2243 931 2281 immortalibus
948 2242 1019 2282 esse
1037 2243 1270 2285 consultum.
1293 2246 1471 2299 Sequitur
1491 2259 1595 2299 ergo,
1617 2255 1659 2283 ut
1674 2259 1762 2284 ηιξ-κ

354 2308 455 2345 mini
474 2307 692 2346 consultum
711 2308 769 2346 slt.

399 2372 593 2410 XXVIII.
617 2372 725 2409 Huic
745 2372 830 2410 loco
847 2373 897 2410 fic
914 2372 1039 2412 soletis
1058 2387 1252 2413 occurrere
1264 2393 1276 2420 ς
1299 2375 1394 2414 Non
1414 2375 1558 2412 idcirco
1574 2387 1650 2412 non
1670 2387 1742 2427 op-

355 2437 450 2475 time
470 2437 580 2474 nobis
600 2450 620 2474 a
636 2437 723 2476 Diis
738 2438 808 2476 effe
827 2439 1035 2491 provisum,
1049 2439 1154 2492 quod
1171 2441 1289 2479 multi
1303 2455 1437 2478 eorum
1453 2439 1639 2478 beneficio
1654 2453 1741 2493 per-

354 2502 455 2540 verse
475 2511 694 2542 uterentur:
725 2504 841 2542 etiam
861 2505 1101 2556 patrimoniis
1121 2506 1265 2544 multos
1286 2506 1384 2544 male
1404 2506 1460 2543 uti
1473 2524 1486 2550 5
1508 2518 1577 2543 nec
1593 2506 1643 2543 ob
1659 2519 1743 2544 eam

355 2567 503 2607 causam
517 2581 579 2607 eos
601 2567 831 2608 beneficium
848 2582 868 2607 a
882 2570 1051 2622 patribus
1071 2571 1225 2609 nullum
1240 2570 1394 2611 habere.
1415 2570 1631 2623 Qisquam
1647 2570 1743 2610 istuc
