2330 2983
773 257 1370 297 LUCULLUS.
1724 271 1769 298 21

381 353 447 391 illa
464 364 550 390 vera
569 349 743 389 definitio
763 349 956 389 transferri
986 364 1064 389 non
1085 350 1194 403 poffit
1214 351 1254 388 in
1270 349 1422 394 falsum,
1455 349 1560 402 quod
1575 362 1616 388 ea
1635 349 1773 390 defini-

380 419 484 456 tione
503 417 730 469 explicetur,
752 416 791 454 id
812 417 957 469 percipi
977 416 1077 470 poffe
1095 431 1103 454 ε
1136 417 1240 468 quod
1261 417 1424 454 minime
1443 416 1501 454 illi
1522 417 1673 455 volunt.

434 482 580 521 Eadem
600 482 677 520 dici
707 491 888 534 poterunt
921 483 961 519 in
995 481 1177 520 omnibus
1195 481 1380 534 partibus.
1441 482 1479 519 Si
1504 483 1609 520 enim
1629 483 1774 528 dicent,

378 562 434 594 ea,
466 549 513 586 de
547 549 688 601 quibus
722 548 909 592 different,
941 547 977 585 se
1011 547 1180 585 dilucide
1199 547 1420 600 perspicere,
1452 560 1522 585 nec
1557 548 1636 585 ull-21
1661 562 1773 587 corn-

377 614 564 652 munione
583 613 748 651 visorum
770 613 950 665 impediri
968 631 977 657 ;
1008 611 1332 665 comprehendere
1352 626 1393 649 ea
1412 611 1447 649 se
1466 611 1566 664 poss‘e
1593 611 1774 651 fatebun-

376 690 452 718 tur.
485 680 550 718 Sin
570 689 699 717 autem
720 679 915 732 negabunt
934 692 1019 716 vera
1038 679 1113 716 visa
1133 677 1265 716 afalfis
1286 679 1386 731 poffe
1406 678 1601 731 distingui,
1616 680 1684 731 qui
1702 694 1774 732 po—

377 756 506 784 terunt
525 746 678 799 longius
698 746 901 799 progredi?
935 747 1170 783 Occurretur
1202 746 1321 789 enim,
1351 745 1447 782 ficut
1480 745 1680 784 occursum
1707 746 1773 785 est.

378 812 485 851 Nam
504 812 684 850 concludi
705 821 978 864 argumentum
999 825 1076 849 non
1097 811 1232 864 potest,
1258 811 1326 849 nifi
1346 809 1422 855 his,
1440 825 1525 863 quae
1545 812 1589 849 ad
1610 812 1774 850 conclu-

377 878 549 917 dendum
574 878 726 931 sumpta
744 887 870 922 erunt,
893 878 944 915 ita
963 877 1145 930 probatis,
1174 886 1217 914 ut
1247 874 1337 914 falsa
1355 877 1523 928 ejusdem
1543 878 1651 916 modi
1671 879 1777 916 nulla

374 944 516 997 poffint
546 944 630 982 effe.
690 944 796 995 Ergo
828 943 870 987 fi,
902 943 1013 980 rebus
1032 941 1313 994 comprehensis
1334 951 1372 979 et
1399 943 1602 995 perceptis,
1633 944 1711 982 nisa
1738 954 1776 982 et

376 1010 564 1063 progreffa
584 1009 678 1047 ratio
698 1008 773 1046 hoc
794 1009 948 1054 efficiet,
970 1008 1069 1046 nihil
1090 1008 1190 1061 posse
1210 1007 1511 1060 comprehendi;
1544 1010 1638 1061 quid
1655 1011 1776 1062 potest

377 1075 546 1128 reperiri,
578 1075 682 1127 quod
703 1074 828 1127 ipsum
848 1074 918 1112 fibi
938 1084 1126 1127 repugnet
1146 1075 1267 1126 magis
1287 1075 1299 1111 ?
1332 1075 1516 1126 Cumque
1547 1075 1624 1127 ipsa
1644 1085 1777 1114 natura

376 1151 559 1179 accuratae
577 1141 757 1179 orationis
777 1140 853 1179 hoc
873 1141 1109 1193 profiteatur,
1133 1141 1168 1178 se
1194 1140 1340 1192 aliquid
1360 1140 1648 1192 patefasturam,
1671 1143 1776 1194 quod

376 1221 453 1246 non
471 1217 657 1261 appareat,
678 1217 730 1251 et,
761 1221 839 1260 quo
859 1207 898 1245 id
918 1206 1069 1245 facilius
1091 1207 1315 1258 assequatur,
1349 1205 1608 1245 adhibituram
1629 1217 1666 1244 et
1691 1208 1774 1245 sen-

376 1273 450 1319 sus,
469 1283 506 1311 et
525 1288 567 1311 ea
586 1288 671 1326 quae
684 1273 880 1326 perspicua
899 1273 994 1317 fint;
1017 1273 1140 1325 qualis
1159 1273 1211 1310 est
1230 1272 1388 1310 istorum
1404 1274 1538 1318 oratio,
1560 1273 1628 1325 qui
1644 1274 1775 1312 omnia

376 1352 455 1378 non
475 1349 554 1377 tam
574 1339 659 1384 effe,
681 1352 799 1391 quam
816 1339 950 1383 videri,
973 1339 1136 1376 volunt?

432 1405 611 1442 Maxime
634 1413 762 1441 autem
793 1404 1091 1448 convincuntur,
1126 1417 1217 1441 cum
1237 1402 1320 1441 haec
1340 1403 1416 1441 duo
1436 1417 1505 1456 pro
1525 1403 1773 1457 congruenti-

376 1469 448 1508 bus
468 1469 639 1513 sumunt,
654 1478 732 1506 tam
749 1467 996 1506 vehementer
1014 1469 1285 1520 repugnantia:
1309 1469 1497 1520 primum,
1514 1468 1583 1506 effe
1599 1468 1775 1521 quaedam

378 1535 467 1573 falsa
487 1534 559 1572 visa
571 1553 582 1579 ;
608 1534 730 1586 (quod
751 1547 842 1571 cum
862 1533 1012 1578 volunt,
1044 1534 1235 1571 declarant
1256 1534 1429 1586 quaedam
1449 1534 1519 1572 effe
1539 1535 1640 1585 vera)
1663 1535 1773 1572 dein-

377 1602 436 1646 de,
465 1601 564 1638 inter
581 1599 672 1638 falsa
691 1600 767 1637 visa
786 1609 823 1637 et
843 1612 928 1637 vera
947 1598 1045 1637 nihil
1066 1599 1252 1638 intereffe.
1284 1601 1339 1638 At
1360 1600 1533 1652 primum
1551 1599 1772 1653 sumpseras,

376 1677 559 1719 tanquam
578 1666 779 1704 interesset.
825 1666 883 1704 Ita
902 1666 1020 1718 priori
1045 1666 1228 1719 posterius
1242 1684 1254 1711 ,ς
1286 1665 1480 1719 posteriori
1501 1666 1669 1719 superius
1696 1681 1773 1706 non

369 1733 562 1785 jungitur.

430 1799 500 1837 Sed
533 1799 822 1852 progrediamur
842 1799 1011 1852 longius,
1045 1808 1084 1836 et
1103 1799 1156 1836 ita
1175 1812 1345 1851 agamus,
1378 1808 1421 1836 ut
1448 1798 1547 1837 nihil
1578 1799 1688 1837 nobis
1716 1799 1773 1838 as-

375 1864 507 1903 sentati
527 1865 598 1903 esse
618 1865 837 1909 videamur,
869 1879 1030 1917 quaeque
1050 1865 1097 1902 ab
1117 1864 1178 1902 his
1199 1865 1396 1909 dicuntur,
1418 1865 1467 1903 fic
1487 1864 1775 1918 persequamur,
1806 1863 1808 1865 ’

373 1940 418 1968 ut
438 1929 536 1968 nihil
569 1931 608 1968 in
634 1931 834 1983 praeteritis
859 1930 1135 1983 relinquamus.
1187 1931 1366 1968 Primum
1388 1931 1505 1982 igitur
1525 1931 1773 1983 perspicuitas

374 1995 452 2040 illa,
475 2008 592 2047 quam
614 1996 799 2040 diximus,
825 1995 910 2033 satis
930 2009 1109 2048 magnam
1130 1995 1245 2034 habet
1264 1997 1359 2041 vim,
1382 2006 1424 2034 ut
1444 1996 1522 2049 ipsa
1541 2009 1607 2049 per
1627 1996 1697 2034 sese
1717 2010 1774 2041 ea,

373 2075 458 2114 quae
488 2062 573 2106 sint,
608 2062 733 2106 nobis,
765 2063 817 2099 ita
837 2072 879 2099 ut
900 2062 984 2106 fint,
1007 2063 1165 2100 indicet.
1226 2063 1296 2100 Sed
1319 2072 1459 2107 tamen,
1482 2073 1524 2100 ut
1551 2076 1773 2101 maneamus

373 2128 412 2165 in
433 2127 642 2180 perspicuis
672 2127 822 2165 firmius
843 2137 880 2166 et
900 2127 1147 2173 constantius,
1178 2130 1320 2180 majore
1341 2129 1505 2181 quadam
1528 2142 1623 2181 opus
1644 2128 1695 2166 est
1715 2129 1773 2166 vel

372 2202 449 2230 arte
470 2192 528 2230 vel
549 2192 762 2245 diligentia,
795 2206 842 2231 ne
873 2193 920 2230 ab
950 2194 1010 2238 iis,
1042 2207 1126 2245 quae
1147 2194 1246 2231 clara
1266 2194 1336 2231 s1nt
1365 2193 1442 2246 ipsa
1469 2207 1532 2246 per
1552 2193 1638 2237 sese,
1670 2193 1774 2245 quasi

371 2257 567 2310 praestigiis
589 2258 816 2309 quibusdam
838 2267 875 2295 et
895 2259 1136 2311 captionibus
1154 2258 1405 2311 depellamur.
1429 2259 1549 2303 Nam,
1567 2259 1634 2311 qui
1649 2258 1774 2296 voluit

372 2323 569 2362 subvenire
584 2325 774 2363 erroribus
791 2325 982 2377 Epicurus
996 2325 1058 2370 iis,
1071 2326 1139 2376 qui
1153 2325 1329 2363 videntur
1342 2325 1568 2363 conturbare
1583 2325 1661 2362 veri
1677 2338 1773 2376 cog—

372 2390 575 2434 nitionem,
586 2391 760 2443 dixitque
773 2391 948 2443 sapientis
961 2391 1031 2430 esse
1044 2391 1266 2443 opinionem
1282 2391 1579 2444 aperspicuitate
1596 2391 1772 2442 sejunge-

373 2468 411 2493 re
425 2474 435 2499 3
458 2454 557 2493 nihil
573 2455 679 2494 fecit.
702 2456 822 2509 Ipsius
837 2458 941 2496 enim
963 2457 1158 2510 opinionis
1171 2471 1337 2496 errorem
1350 2457 1458 2494 nullo
1475 2456 1596 2494 modo
1607 2455 1774 2494 sustulit.

427 2522 518 2559 XV.
551 2523 832 2573 Qamobrem,
867 2537 959 2561 cum
979 2524 1062 2561 duae
1093 2523 1210 2560 causae
1241 2523 1447 2575 perspicuis
1473 2532 1510 2559 et
1529 2521 1775 2560 evidentibus

372 2588 484 2626 rebus
523 2587 762 2627 adversentur
779 2617 790 2634 ,
831 2589 972 2628 auxilia
1010 2589 1175 2628 totidem
1214 2588 1301 2627 sunt
1335 2589 1468 2627 contra
1505 2588 1776 2641 comparanda.
