2330 2983
581 256 655 292 124
998 241 1100 280 DE
1159 240 1542 280 FINIBUS

574 340 675 392 plus,
697 351 814 391 quam
834 337 1087 391 philosophis,
1121 346 1301 377 uteretur.
1352 338 1472 377 Color
1490 337 1681 391 egregiuS,
1701 337 1849 391 integra
1866 339 1972 378 vale-

575 405 682 449 tudo,
705 404 856 442 summa
875 404 1007 456 gratia,
1039 403 1116 442 vita
1135 403 1302 455 denique
1331 393 1502 442 conferta
1521 404 1766 457 voluptatum
1791 405 1974 444 omniurn

575 478 766 507 varietate.

630 535 752 573 Hunc
773 547 860 572 vero
879 533 1036 573 beatum
1056 534 1176 572 oratio
1195 534 1354 587 quidem
1375 534 1490 573 vestra
1509 535 1558 572 fic
1569 535 1727 587 cogitat.
1759 534 1861 587 Ego,
1878 532 1973 573 huic

576 613 695 652 quem
725 608 968 652 anteponam,
998 613 1075 639 non
1101 599 1222 638 audeo
1255 600 1408 638 dicere:
1454 600 1556 638 dicet
1586 614 1656 653 pro
1689 613 1753 638 me
1783 599 1862 653 ipsa
1892 600 1973 638 vir-

576 675 637 704 tus
653 684 664 710 5
697 679 766 704 nec
797 665 991 704 dubitabit
1020 666 1080 705 isti
1111 665 1230 704 vestro
1262 666 1373 704 beato
1405 666 1469 704 M.
1495 665 1698 718 Regulum
1727 675 1974 718 anteponere.

577 732 708 784 Qem
742 731 916 784 quidem,
951 730 1044 771 cum
1075 731 1138 770 sua
1163 731 1374 776 voluntate,
1418 731 1525 770 nulla
1559 732 1596 770 vi
1629 733 1796 777 coaetus,
1839 741 1975 785 praeter

575 797 707 842 fidem,
738 810 855 849 quam
883 797 1035 836 dederat
1065 796 1178 841 hosti,
1213 810 1259 834 ex
1295 797 1415 849 patria
1448 795 1724 849 Carthaginem
1754 796 1979 842 revertiffet,

576 871 661 901 tum
680 861 821 915 ipsum,
853 875 945 900 cum
965 861 1107 914 vigiliis
1127 870 1166 899 et
1184 860 1287 900 fame
1306 862 1550 907 cruciaretur,
1580 861 1721 900 clamat
1740 861 1861 900 virtus
1882 861 1974 900 bea-

575 928 714 967 tiorem
735 926 858 972 fuiffe,
879 941 996 980 quam
1015 936 1214 980 potantem
1238 928 1278 966 in
1306 927 1385 966 rosa
1404 926 1615 966 Thorium.
1658 927 1765 966 Bella
1784 927 1817 966 is
1835 940 1980 980 magna

575 992 729 1046 gefi‘erat
741 1011 753 1038 ;
782 993 840 1032 bis
861 992 1007 1032 Consul
1026 992 1150 1033 fuerat
1162 1012 1174 1038 ς
1197 992 1455 1046 triumpharat
1472 1008 1480 1031 :
1504 1007 1574 1032 nec
1594 1002 1722 1032 tamen
1743 993 1807 1032 sua
1825 993 1892 1032 illa
1909 993 1974 1032 su-

574 1059 722 1112 periora
742 1069 822 1097 tam
857 1071 1009 1112 magna,
1043 1072 1166 1111 neque
1193 1068 1272 1098 tam
1294 1059 1470 1111 praeclara
1498 1059 1676 1104 ducebat,
1707 1073 1826 1112 quam
1858 1059 1977 1097 illum

576 1124 764 1164 ultimum
784 1123 927 1169 casum,
962 1137 1080 1177 quem
1099 1134 1253 1177 propter
1272 1124 1405 1170 fidem,
1439 1124 1769 1177 constantiamque
1799 1124 1975 1178 suscepe-

576 1201 658 1236 rat,
690 1191 759 1242 qui
792 1189 903 1229 nobie
939 1189 1162 1229 miserabilis
1183 1189 1356 1228 videatur
1377 1190 1634 1235 audientibus,
1667 1190 1725 1228 illi
1745 1190 1979 1243 perpetienti

574 1266 652 1294 erat
686 1256 934 1294 voluntarius.
995 1256 1088 1294 Non
1123 1256 1228 1294 enim
1262 1255 1468 1301 hilaritate,
1498 1269 1566 1293 nec
1586 1256 1750 1301 lascivia,
1781 1270 1852 1295 nec
1882 1255 1975 1301 risu,

575 1333 640 1361 aut
653 1324 759 1374 joco,
780 1323 924 1361 comite
944 1322 1123 1366 levitatis,
1145 1321 1206 1360 sed
1222 1322 1315 1374 saepe
1333 1323 1449 1361 etiam
1466 1322 1587 1361 tristes
1607 1322 1803 1368 firmitate,
1820 1333 1859 1361 et
1877 1336 1974 1362 con-

575 1389 707 1426 stantia
727 1387 814 1427 sunt
834 1387 949 1426 beati.

630 1456 804 1507 Stuprata
837 1468 904 1507 per
938 1454 1019 1492 vim
1039 1454 1219 1493 Lucretia
1252 1467 1273 1491 a
1292 1455 1390 1507 regis
1412 1453 1508 1499 filio,
1541 1453 1670 1492 testata
1689 1454 1805 1500 cives,
1833 1454 1868 1492 se
1897 1454 1976 1508 ipsa

574 1521 784 1560 interemit.
843 1520 925 1558 Hic
956 1520 1064 1559 dolor
1095 1520 1230 1573 populi
1251 1520 1435 1564 Romani,
1468 1520 1566 1558 duce
1596 1530 1634 1558 et
1663 1521 1814 1558 au&ore
1838 1521 1974 1566 Bruto,

575 1586 682 1626 causa
700 1587 846 1626 civitati
866 1586 1051 1624 libertatis
1070 1585 1145 1624 fuit
1161 1604 1173 1631 ς
1205 1586 1256 1624 ob
1272 1585 1426 1638 ejusque
1447 1586 1619 1625 mulieris
1641 1587 1870 1626 memoriam
1891 1587 1976 1639 pri-

575 1667 641 1693 mo
659 1666 759 1692 anno
777 1662 815 1690 et
834 1653 904 1697 vir,
935 1662 973 1691 et
992 1649 1097 1705 pater
1115 1653 1211 1705 ejus,
1233 1653 1376 1691 Consul
1398 1652 1451 1690 est
1469 1651 1605 1691 sacius.
1638 1653 1787 1691 Tenuis
1808 1654 1856 1691 L.
1881 1653 1974 1691 Vir-

574 1719 716 1772 ginius,
748 1718 921 1770 unusque
942 1717 987 1755 de
1008 1718 1157 1763 multis,
1179 1718 1406 1771 sexagesimo
1436 1731 1536 1757 anno
1562 1718 1644 1771 post
1674 1718 1892 1757 libertatem
1913 1733 1974 1757 re-

575 1795 740 1838 ceptam,
762 1785 948 1836 virginem
971 1783 1091 1823 filiam
1112 1783 1175 1822 sua
1195 1798 1309 1823 manu
1331 1785 1489 1828 occidit.
1510 1785 1638 1837 potius
1658 1798 1775 1837 quam
1804 1798 1846 1822 ea
1866 1786 1972 1838 App.

576 1850 729 1889 Claudii
750 1850 919 1895 libidini,
942 1850 1008 1902 qui
1031 1859 1116 1888 tum
1138 1860 1215 1888 erat
1235 1850 1389 1888 summo
1411 1851 1447 1888 in
1467 1851 1642 1903 imperio,
1665 1850 1876 1889 dederetur.

631 1918 740 1956 XXI.
774 1918 856 1955 Aut
876 1915 956 1954 haec
979 1916 1064 1960 tibi,
1087 1918 1298 1968 Torquate,
1327 1917 1412 1955 sunt
1434 1917 1693 1969 vituperanda,
1722 1926 1786 1954 aut
1806 1917 1975 1969 pitroci-

577 1983 684 2021 nium
702 1981 906 2033 voluptatis
924 1981 1216 2033 repudiandum.
1241 1982 1358 2032 Qod
1376 1991 1503 2019 autem
1522 1982 1794 2034 patrocinium,
1811 1991 1875 2019 aut
1891 1996 1976 2033 quae

577 2048 641 2087 ista
667 2047 775 2086 causa
807 2047 858 2085 est
890 2047 1112 2099 voluptatis,
1144 2062 1227 2099 qua·
1249 2061 1316 2084 nec
1339 2047 1444 2085 testes
1475 2047 1573 2085 ullos
1593 2061 1613 2084 e
1633 2047 1743 2084 claris
1765 2047 1867 2090 viris,
1906 2061 1975 2085 nec

576 2114 800 2157 laudatores,
825 2113 962 2164 poterit
985 2112 1164 2151 adhibere
1185 2114 1196 2149 ?
1231 2114 1286 2150 Ut
1317 2114 1420 2151 enim
1445 2126 1511 2150 nos
1538 2126 1583 2150 cx
1615 2113 1809 2151 annalium
1832 2126 1975 2150 monu-

577 2181 715 2219 mentis
749 2179 854 2217 testes
882 2179 1095 2217 excitamus
1127 2194 1203 2223 eos,
1235 2193 1401 2231 quorum
1433 2179 1561 2217 omnis
1582 2179 1658 2217 vita
1678 2178 1904 2231 consumpta
1923 2178 1976 2216 cst

575 2247 614 2284 in
636 2246 829 2285 laboribus
850 2245 1035 2297 gloriosis,
1067 2246 1134 2297 qui
1156 2245 1361 2298 voluptatis
1384 2259 1525 2283 nomen
1547 2245 1675 2283 audire
1698 2259 1773 2284 nou
1794 2244 1939 2298 pulsent
1963 2262 1974 2288 ;

576 2312 625 2351 fic
658 2313 695 2350 in
718 2311 845 2350 vestris
867 2310 1188 2364 disputationibus
1221 2311 1375 2349 historia
1395 2321 1503 2349 muta
1535 2311 1600 2350 est.
1661 2311 1877 2363 Nunquam
1907 2324 1975 2348 au-

575 2379 652 2417 ‹livi
685 2379 724 2416 in
748 2379 905 2431 Epicuri
939 2376 1065 2415 schola
1094 2379 1333 2430 Lycurgum,
1368 2378 1560 2421 Solonem,
1595 2377 1832 2421 Miltiadem,
1863 2375 1975 2415 The-

578 2445 807 2489 mistoclcm,
831 2444 1143 2496 Epaminondam
1164 2444 1353 2482 nominari
1371 2462 1381 2487 ;
1414 2445 1480 2496 qui
1504 2444 1540 2481 in
1562 2458 1624 2482 orc
1646 2444 1730 2482 sunt
1751 2453 1976 2482 camerorum

577 2512 754 2549 omnium
777 2509 1111 2563 philosophorum.
1180 2511 1297 2548 Nunc
1330 2524 1431 2554 vero,
1460 2511 1644 2562 quoniam
1673 2509 1753 2548 lure
1774 2523 1840 2547 nos
1859 2509 1978 2547 ctiam

577 2580 730 2616 tractare
751 2577 956 2630 coepimus,
988 2576 1244 2631 suppeditabit
1275 2577 1384 2616 nobis
1407 2578 1560 2616 Atticus
1593 2576 1714 2616 noster
1743 2590 1763 2614 c
1795 2574 1979 2615 thesauris
