2330 2983
665 243 939 282 LIBER
997 243 1493 284 SECUNDUS.
1702 259 1779 302 277

390 343 583 388 disturos5
613 343 719 396 quod
751 344 867 381 vitare
886 344 994 381 nullo
1023 344 1140 383 modo
1167 345 1381 398 potuimus,
1412 345 1481 384 nis1
1501 344 1599 385 nihil
1619 347 1782 386 omnino

391 409 654 448 scriberemus.
699 409 859 446 Etenim
879 409 905 447 fi
925 409 1112 448 orationes
1138 424 1231 462 quas
1253 425 1322 449 nos
1349 412 1610 450 multitudinis
1631 413 1780 464 judicio

389 474 542 528 probari
562 473 798 518 volebamus,
831 473 1042 526 (popularis
1062 474 1115 511 est
1143 475 1250 513 enim
1279 476 1346 513 illa
1364 476 1537 522 facultas,
1568 487 1606 515 et
1624 477 1781 516 effeetus

389 537 617 590 eloquentiae
636 537 690 575 est
716 537 954 574 audientium
974 538 1214 590 approbatio)
1247 538 1311 576 sed
1336 539 1360 576 fi
1382 540 1664 592 reperiebantur
1680 555 1780 580 non-

390 603 504 648 nulli,
526 603 595 655 qui
614 601 714 641 nihil
740 603 948 648 laudarent,
980 603 1048 640 nifi
1069 603 1173 655 quod
1193 604 1229 641 se
1251 604 1394 642 imitari
1413 605 1514 658 poffe
1532 606 1781 651 confiderent,

391 662 587 722 quemque
606 668 776 722 sperandi
805 668 888 714 fibi,
918 669 1084 707 eundem
1103 678 1141 707 et
1161 669 1257 708 bene
1277 670 1430 708 dicendi
1449 671 1567 709 finem
1592 686 1783 725 propone-

392 744 490 780 rent,
507 743 545 772 et
564 748 656 773 cum
675 735 925 773 obruerentur
941 734 1052 787 copia
1067 736 1338 774 sententiarum
1358 745 1472 789 atque
1491 737 1709 783 verborum,
1722 739 1784 790 je-

387 801 595 853 junitatem
625 810 664 838 et
681 799 825 838 famem
844 800 879 838 se
909 800 1036 845 malle,
1069 814 1186 853 quam
1217 801 1431 840 ubertatem
1450 812 1488 840 et
1507 803 1658 855 copiam
1679 803 1784 841 dice-

393 876 492 912 rent,
515 866 634 918 (unde
654 875 730 904 erat
748 875 928 904 exortum
947 879 1066 918 genus
1088 867 1325 912 Atticorum,
1346 868 1392 906 iis
1412 867 1514 920 ipfis,
1535 868 1602 920 qui
1622 868 1661 906 id
1681 868 1786 921 sequi

395 932 431 971 se
464 932 752 985 profitebantur,
784 932 987 984 ignotum3
1032 933 1101 984 qui
1124 934 1207 984 jam
1241 933 1474 978 conticuere,
1504 947 1601 986 pene
1630 934 1676 972 ab
1707 934 1787 987 ipso

395 997 480 1036 foro
499 998 610 1048 irrisi)
641 997 737 1049 quid
762 996 941 1035 futurum
971 1007 1166 1049 putamus,
1191 1011 1298 1042 cum,
1330 999 1499 1050 adjutore
1519 1000 1677 1052 populo,
1709 1013 1788 1052 quo

396 1063 599 1101 utebamur
617 1071 739 1106 antea,
758 1075 860 1100 nunc
880 1062 1044 1100 minime
1064 1076 1132 1100 nos
1153 1063 1210 1100 uti
1229 1062 1330 1115 poffe
1350 1063 1544 1101 videamus
1561 1065 1574 1100 ?
1597 1064 1664 1102 Est
1682 1065 1789 1102 enim

394 1127 637 1182 philosophia
669 1127 798 1180 paucis
831 1136 1011 1166 contenta
1034 1128 1248 1179 judicibus,
1285 1128 1581 1167 multitudinem
1614 1130 1790 1168 consulto

396 1193 474 1247 ipsa
492 1192 659 1245 fugiens,
689 1193 800 1245 eique
820 1192 887 1245 ips1
907 1202 945 1230 et
965 1192 1128 1245 suspecta
1147 1202 1186 1231 et
1208 1193 1326 1231 invisa
1343 1208 1352 1232 :
1385 1203 1428 1232 ut
1446 1194 1521 1239 vel,
1546 1194 1572 1232 fi
1593 1195 1679 1246 quis
1700 1196 1789 1233 uni-

394 1259 538 1298 versam
558 1258 651 1296 velit
669 1258 894 1310 vituperare,
924 1258 1088 1296 secundo
1117 1258 1157 1296 id
1175 1259 1321 1311 populo
1340 1257 1461 1296 facere
1488 1260 1626 1312 poffit;
1657 1260 1730 1305 vel,
1761 1262 1788 1299 fi

396 1325 438 1364 in
456 1337 556 1369 eam,
586 1337 704 1376 quam
724 1337 793 1361 nos
813 1323 982 1362 maxime
1011 1323 1219 1376 sequimur,
1249 1333 1410 1362 conetur
1434 1325 1621 1370 invadere,
1653 1338 1792 1378 magna

398 1389 538 1428 habere
571 1388 682 1442 poffit
715 1389 856 1426 auxilia
889 1402 910 1425 a
940 1388 1176 1440 reliquorum
1210 1388 1528 1442 philosophorum
1564 1390 1789 1442 disciplinis.

399 1456 486 1495 Nos
506 1463 636 1493 autem
655 1453 834 1492 universae
852 1452 1104 1507 philosophiae
1124 1454 1442 1507 vituperatoribus
1466 1455 1728 1507 respondimus
1750 1456 1790 1494 in

400 1518 621 1560 Hortensio.

453 1586 507 1623 ΙΙ.
540 1585 614 1622 Pro
637 1583 846 1622 Academia
864 1592 993 1622 autem
1011 1596 1096 1634 quae
1115 1583 1276 1622 dicenda
1293 1583 1425 1629 essent,
1455 1583 1540 1622 satis
1559 1594 1733 1622 accurate
1751 1585 1792 1624 in

400 1650 644 1692 Academicis
664 1658 827 1702 quatuor
846 1648 954 1687 libris
973 1649 1162 1701 explicata
1181 1649 1422 1688 arbitramur.
1468 1650 1538 1688 Sed
1558 1659 1686 1689 tamen
1706 1660 1792 1689 tan-

397 1727 486 1758 tum
504 1716 618 1761 abest,
650 1725 694 1754 ut
721 1714 833 1754 scribi
854 1724 987 1753 contra
1019 1728 1087 1753 nos
1122 1715 1304 1760 nolimus,
1336 1725 1379 1753 ut
1408 1716 1447 1753 id
1476 1717 1591 1754 etiam
1622 1717 1794 1755 maxime

397 1791 576 1836 optemus
594 1796 603 1821 :
627 1780 667 1819 in
686 1780 765 1834 ipsa
781 1780 888 1818 enim
910 1780 1060 1818 Graecia
1079 1778 1319 1832 philosophia
1339 1789 1445 1818 tanto
1465 1780 1505 1818 in
1524 1779 1669 1819 honore
1688 1794 1791 1819 nun·

396 1861 519 1901 quam
537 1845 678 1891 fuiffet,
714 1846 782 1884 nifi
813 1845 1116 1883 doftiffimorum
1147 1845 1458 1883 contentionibus
1489 1845 1792 1884 distensionibus-

400 1927 479 1966 que
497 1911 686 1965 viguisset.
732 1911 998 1962 Qamobrem
1018 1910 1150 1950 hortor
1169 1925 1316 1957 omnes,
1338 1913 1406 1964 qui
1427 1911 1548 1950 facere
1567 1911 1606 1949 id
1625 1911 1791 1964 possunt,

397 1988 445 2017 ut
464 1978 579 2031 hujus
609 1990 766 2030 quoque
785 1977 931 2030 generis
951 1977 1104 2015 laudem
1119 1978 1201 2029 jam
1223 1977 1418 2030 languenti
1439 1978 1597 2015 Graeciae
1616 1978 1790 2030 eripiant,

400 2054 440 2084 et
471 2043 662 2097 perferant
681 2044 721 2081 in
741 2042 840 2081 hanc
858 2043 1010 2088 urbem,
1040 2043 1136 2081 ficut
1167 2043 1328 2095 reliquas
1348 2057 1496 2088 omnes,
1531 2057 1615 2095 quae
1635 2042 1793 2095 quidem

399 2119 509 2149 erant
526 2109 760 2163 expetendae,
791 2109 914 2146 studio
934 2118 1046 2161 atque
1065 2109 1246 2147 industria
1276 2109 1339 2147 sua
1357 2110 1517 2161 majores
1538 2109 1652 2147 nostri
1673 2108 1793 2146 trans-

399 2176 588 2214 tulerunt.
647 2177 778 2227 Atque
796 2183 990 2212 oratorum
1011 2175 1168 2226 quidem
1189 2175 1268 2212 laus
1289 2175 1341 2212 ita
1357 2175 1469 2213 dueta
1488 2175 1534 2212 ab
1563 2173 1707 2212 humili
1727 2187 1792 2212 ve-

404 2241 465 2279 nit
483 2240 530 2278 ad
550 2240 761 2283 summum,
793 2249 836 2277 ut
850 2240 946 2291 jam,
978 2239 1081 2291 quod
1109 2249 1241 2278 natura
1270 2239 1343 2278 fert
1374 2241 1413 2278 in
1433 2241 1615 2279 omnibus
1636 2239 1712 2276 fere
1733 2252 1793 2276 re-

403 2305 493 2350 bus,
528 2305 702 2349 senescat,
732 2304 915 2357 brevique
948 2314 1120 2357 tempore
1150 2305 1195 2343 ad
1225 2305 1395 2344 nihilum
1425 2315 1580 2344 ventura
1608 2304 1791 2342 videatur.

406 2369 654 2423 Philosophia
686 2371 855 2408 nascatur
888 2371 1036 2409 Latinis
1076 2371 1235 2424 quidem
1276 2372 1394 2410 literis
1435 2385 1481 2409 ex
1516 2370 1576 2408 his
1609 2370 1793 2423 tempori-

405 2435 493 2480 bus,
523 2448 685 2487 eamque
718 2449 786 2474 nos
814 2436 1061 2488 adjuvemus;
1094 2436 1235 2489 nosque
1265 2437 1363 2489 ipsos
1396 2435 1567 2488 redargui
1595 2433 1794 2486 refellique

406 2502 608 2555 patiamur.
654 2502 772 2552 Qod
791 2503 818 2540 ii
836 2501 966 2541 ferunt
986 2503 1116 2540 animo
1143 2503 1293 2555 iniquo,
1325 2503 1391 2554 qui
1422 2502 1532 2538 certis
1567 2500 1794 2553 quibusdam

401 2566 673 2620 destinatisque
704 2567 901 2607 sententiis
932 2568 1037 2620 quasi
1072 2567 1210 2607 addicti
1238 2578 1274 2606 et
1308 2566 1510 2606 consecrati
1542 2566 1641 2612 sunt,
1676 2578 1794 2619 eaque
