2330 2983
590 247 666 289 232
1011 230 1115 270 DE
1172 227 1555 270 F1N113Us

587 336 743 375 beatior.
776 331 900 386 Atqui
920 331 985 370 iste
1000 331 1106 371 locus
1126 331 1192 376 est,
1215 331 1315 376 Piso,
1338 331 1409 369 tibi
1429 331 1545 369 etiam
1565 338 1679 383 atque
1697 330 1814 370 etiam
1834 333 1976 372 confir-

585 395 762 439 mandus,
782 394 966 446 inquam;
998 406 1115 445 quem
1149 392 1176 430 fi
1196 393 1374 436 tenueris,
1400 405 1477 430 non
1507 391 1625 430 modo
1656 405 1789 431 meum
1817 394 1975 433 Cicero-

585 474 691 505 nem,
714 459 775 498 sed
793 460 910 497 etiam
925 472 987 498 me
1007 458 1147 511 ipsum,
1169 458 1332 496 abducas
1349 457 1496 496 licebit.

639 528 750 565 Turn
770 526 957 577 Qintus,
987 523 1094 563 Mihi
1114 525 1287 577 quidem,
1318 525 1461 576 inquit,
1493 523 1576 562 satis
1598 523 1673 562 hoc
1693 524 1890 564 firmatum
1915 526 1976 564 vi-

584 593 708 631 detur.
754 592 881 629 Laetor
900 590 1073 642 quidem,
1109 588 1405 642 philosophiam,
1428 590 1536 641 cujus
1566 599 1673 627 antea
1702 589 1976 642 supellectilem

585 657 705 711 pluris
725 656 970 701 aestimabam,
1002 669 1119 708 quam
1138 654 1371 708 posseffiones
1402 654 1653 707 reliquorum,
1674 656 1726 694 ita
1744 655 1843 694 mihi
1873 656 1976 695 dives

583 723 796 767 videbatur,
818 731 860 760 ut
880 722 926 760 ab
945 735 987 759 ea
1006 730 1132 774 petere
1148 720 1306 773 poss‘em,
1321 720 1511 772 quidquid
1526 721 1566 758 in
1586 721 1718 759 studiis
1730 721 1864 759 nostris
1879 735 1974 760 con-

583 787 768 841 cupiffem
784 805 796 832 ς
827 786 926 824 hanc
954 787 1073 838 igitur
1098 787 1204 824 laetor
1236 786 1353 823 etiam
1384 785 1594 823 acutiorem
1623 794 1823 838 repertam,
1858 799 1976 838 quam

583 861 758 890 caeteras:
790 850 894 903 quod
923 850 1081 901 quidam
1113 850 1147 887 ei
1167 849 1285 887 deesse
1303 849 1494 887 dicebant.
1543 849 1636 887 Non
1662 863 1779 902 quam
1811 849 1976 889 nostram

581 916 756 969 quidem,
777 915 905 967 inquit
925 915 1163 967 Pomponius
1177 915 1324 966 jocans.
1356 914 1428 952 Sed
1447 912 1665 952 mehercule
1683 923 1854 967 pergrata
1873 913 1974 953 mihi

582 982 704 1021 oratio
723 990 801 1019 tua.
846 980 943 1030 Qae
962 980 1068 1018 enim
1087 980 1164 1019 dici
1184 980 1322 1018 Latine
1340 979 1439 1032 poss‘e
1460 993 1536 1018 non
1556 980 1775 1025 arbitrabar,
1807 993 1849 1018 ea
1876 980 1976 1018 dieta

583 1047 670 1086 sunt
689 1060 710 1085 a
724 1056 776 1091 te,
797 1058 866 1084 nec
887 1046 1016 1084 minus
1037 1045 1161 1098 plane,
1183 1058 1301 1098 quam
1321 1045 1504 1083 dicuntur
1522 1059 1542 1083 a
1571 1046 1731 1090 Graecis,
1761 1045 1886 1084 verbis
1905 1059 1974 1098 ap-

583 1113 647 1152 tis.
679 1112 751 1151 Sed
771 1121 923 1164 tempus
953 1110 1019 1155 est,
1050 1111 1076 1149 fi
1097 1111 1270 1155 videtur;
1301 1119 1339 1148 et
1362 1109 1461 1149 rectit
1491 1111 1650 1162 quidem
1667 1111 1713 1150 ad
1733 1124 1808 1149 me.
1855 1111 1975 1161 Qod

583 1192 677 1217 cum
696 1178 762 1216 ille
781 1176 944 1221 dixisset,
974 1185 1012 1214 et
1041 1176 1126 1214 satis
1156 1176 1391 1228 disputatum
1410 1176 1613 1223 videretur,
1644 1177 1685 1216 in
1714 1176 1903 1231 oppidum
1928 1176 1975 1216 ad

585 1242 847 1297 Pomponium
865 1241 1102 1295 perreximus
1118 1253 1265 1280 omnes.
