2330 2983
750 324 1451 363 LucULLUS.
1797 338 1820 374 9

417 428 462 460 ut
481 433 616 459 eorum
635 420 705 474 ipfi
725 421 866 460 similes
885 421 957 460 effe
975 422 1188 462 videantur.
1220 423 1419 475 Repetunt
1438 423 1521 475 jam
1542 436 1561 460 a
1583 423 1627 460 P.
1651 421 1819 465 Valerio,

417 487 501 539 qui,
521 488 661 526 exactis
681 487 850 540 regibus,
870 488 1000 541 primo
1020 502 1120 527 anno
1140 488 1286 528 Consul
1304 488 1404 527 fuit:
1427 497 1738 527 commemorant
1760 501 1820 525 re-

417 551 561 604 liquos,
596 554 664 605 qui
694 553 797 606 leges
831 554 1032 607 populares
1064 554 1111 593 de
1136 555 1472 608 provocationibus
1507 554 1667 592 tulerint
1681 582 1692 598 ‚
1728 567 1821 591 cum

419 619 606 657 Consules
625 620 765 658 effent:
787 629 875 659 tum
895 621 942 659 ad
957 619 1029 660 hos
1049 621 1230 666 notiores,
1249 622 1297 660 C.
1317 621 1573 665 Flaminium,
1591 620 1677 672 (qui
1694 620 1821 672 legem

417 685 603 737 agrariam
623 685 770 738 aliquot
788 686 896 724 annis
916 695 1004 724 ante
1024 685 1235 724 secundum
1256 686 1450 725 Punicum
1471 685 1621 724 bellum
1643 685 1821 723 tribunus

417 750 543 802 plebis
577 752 722 797 tulerit,
752 752 876 790 invito
896 752 1039 797 senatu,
1075 761 1113 790 et
1131 753 1258 806 postea
1278 752 1336 791 bis
1370 752 1514 791 Consul
1535 751 1655 790 faCtus
1677 751 1738 802 fit)
1772 752 1820 789 L.

419 816 604 862 Caffium,
623 818 944 871 QPompeium.
991 818 1055 857 Illi
1072 818 1231 871 quidem
1246 819 1363 857 etiam
1385 819 1429 857 P.
1449 817 1682 856 Africanum
1702 815 1822 854 refer-

419 894 459 920 re
479 882 520 920 in
539 883 706 921 eundem
726 896 934 921 numerum
955 882 1089 921 solent.
1122 884 1232 922 Duos
1257 897 1345 922 vero
1365 883 1653 936 sapientifiimos
1685 892 1723 920 et
1743 882 1821 920 cla-

419 947 582 987 riffimos
603 948 750 993 fratres,
773 949 817 987 P.
841 949 1015 987 Crassum
1034 959 1072 987 et
1087 951 1132 987 P.
1155 949 1378 994 Scaevolam,
1399 949 1507 987 aiunt
1527 949 1621 987 Tib.
1641 947 1823 987 Graccho

419 1015 588 1053 auctores
609 1014 740 1066 legum
760 1012 896 1059 fuisse,
928 1015 1090 1053 alterum
1111 1015 1286 1067 quidem,
1310 1025 1352 1053 ut
1373 1014 1564 1060 videmus,
1590 1015 1717 1068 palam
1730 1033 1742 1059 5
1765 1015 1822 1052 al-

418 1088 562 1125 terum,
584 1090 628 1119 ut
647 1080 894 1133 suspicamur,
915 1080 1128 1119 obscurius.
1160 1080 1324 1120 Addunt
1343 1081 1460 1120 etiam
1482 1082 1530 1120 C.
1553 1081 1755 1125 Marium;
1786 1090 1824 1118 et

418 1145 467 1184 de
485 1145 561 1185 hoc
580 1146 740 1199 quidem
770 1145 870 1185 nihil
901 1146 1158 1185 mentiuntur.
1191 1147 1349 1186 Horum
1383 1147 1608 1186 nominibus
1642 1156 1700 1185 tot
1719 1147 1822 1184 viro-

419 1226 509 1251 rum
529 1221 643 1266 atque
662 1221 859 1252 tantorum
878 1212 1072 1266 expositis,
1094 1227 1230 1252 eorum
1250 1213 1286 1251 se
1305 1213 1527 1252 institutum
1546 1213 1652 1266 sequi
1672 1214 1822 1251 dicunt.

420 1278 608 1317 Similiter
626 1292 708 1324 vos,
729 1292 821 1317 cum
841 1279 1075 1332 perturbare,
1106 1287 1149 1318 ut
1169 1279 1227 1318 illi
1254 1279 1552 1332 rempublicam,
1575 1279 1624 1317 fic
1645 1292 1710 1317 vos
1732 1277 1823 1332 phi-

419 1343 635 1398 losophiam
656 1345 754 1383 bene
773 1345 858 1396 jam
891 1344 1140 1383 constitutam
1160 1345 1301 1390 velitis,
1332 1346 1630 1398 Empedoclem,
1668 1346 1822 1383 Anaxa—

420 1422 553 1461 goram
569 1439 580 1455 ,
612 1411 886 1448 Democritum
901 1438 912 1453 ‚
944 1411 1211 1448 Parmenidem
1226 1439 1237 1455 ,
1272 1410 1557 1463 Xenophanem
1573 1439 1584 1456 ,
1621 1411 1823 1450 Platonem

421 1475 538 1514 etiam
559 1485 597 1514 et
616 1476 809 1513 Socratem
830 1473 1023 1527 profertis.
1055 1475 1127 1513 Sed
1146 1488 1272 1527 neque
1302 1476 1526 1514 Saturninus
1559 1478 1621 1528 (ut
1651 1476 1825 1515 nostrum

421 1541 629 1579 inimicum
648 1539 888 1593 potiffimum
919 1540 1138 1591 nominem)
1167 1540 1291 1579 simile
1320 1541 1536 1594 quidquam
1561 1541 1699 1581 habuit
1718 1553 1822 1581 vete-

422 1620 510 1645 rum
529 1606 704 1651 illorum,
726 1619 796 1644 nec
816 1605 992 1645 Arcefilae
1012 1606 1208 1644 calumnia
1227 1606 1458 1646 conferenda
1485 1608 1538 1646 est
1557 1622 1649 1647 cum
1672 1609 1824 1648 Demo-

422 1672 512 1710 criti
530 1671 771 1710 verecundia.
804 1672 857 1710 Et
877 1680 1004 1712 tamen
1025 1671 1085 1710 isti
1104 1671 1251 1725 phyfici
1272 1685 1354 1711 raro
1373 1673 1601 1719 admodum,
1623 1688 1715 1713 culn
1742 1675 1823 1715 hae-

421 1747 507 1777 rent
525 1738 656 1791 aliquo
686 1738 787 1783 loco,
819 1738 1038 1778 exclamant
1072 1739 1175 1790 quafi
1197 1749 1328 1778 mente
1357 1740 1533 1779 incitati:
1566 1742 1823 1795 Empedocles

421 1804 595 1857 quidem,
617 1813 660 1843 ut
679 1803 875 1842 interdum
902 1803 1003 1842 mihi
1024 1802 1148 1842 furere
1168 1804 1363 1851 videatur,
1395 1805 1563 1845 obstrusa
1587 1806 1659 1845 effe
1679 1809 1823 1854 omnia,

421 1869 522 1909 nihil
556 1884 625 1908 nos
656 1869 807 1915 sentire,
839 1868 938 1908 nihil
970 1883 1135 1915 cernere,
1167 1869 1267 1908 nihil
1287 1871 1463 1916 omnino,
1495 1872 1606 1924 quale
1632 1873 1690 1918 fit,
1722 1873 1824 1926 posse

422 1937 596 1990 reperire.
628 1937 822 1988 Majorem
842 1946 971 1974 autem
992 1946 1140 1990 partem
1161 1936 1260 1976 mihi
1281 1937 1440 1990 quidem
1458 1952 1593 1977 omnes
1609 1938 1668 1978 isti
1689 1940 1824 1979 viden-

423 2013 486 2041 tur
505 2002 622 2041 nimis
639 2002 753 2041 etiarn
767 2002 941 2056 quaedam
956 2003 1156 2048 affirmare,
1170 2003 1331 2058 plusque
1347 2004 1519 2058 profiteri
1534 2005 1568 2043 se
1585 2004 1691 2051 scire,
1706 2020 1731 2060 q
1737 2020 1824 2046 uam

422 2069 553 2108 sciant.

477 2135 596 2188 Qod
616 2135 640 2174 fi
663 2135 721 2174 illi
743 2145 828 2175 tum
858 2135 897 2174 in
918 2136 1026 2175 novis
1057 2138 1185 2183 rebus,
1216 2137 1318 2190 quasi
1340 2136 1457 2177 modo
1477 2138 1683 2183 nascentes,
1715 2137 1822 2178 haefi-

421 2212 610 2248 taverunt,
631 2201 781 2242 nihilne
812 2212 869 2243 tot
889 2203 1038 2250 seculis,
1065 2203 1227 2243 summis
1253 2204 1432 2258 ingeniis,
1465 2206 1642 2244 maximis
1678 2205 1822 2251 studiis,

422 2269 659 2322 explicatum
682 2270 890 2322 putamus?
922 2270 1081 2316 Nonne,
1103 2283 1194 2308 cum
1210 2271 1291 2323 jam
1312 2269 1634 2324 philosophorum
1652 2271 1823 2325 discipli-

423 2349 480 2374 nae
499 2335 722 2389 graviffimae
742 2336 1005 2382 constitiffent,
1030 2346 1113 2376 turn
1135 2346 1178 2376 ut
1204 2346 1358 2376 exortus
1379 2338 1431 2376 est
1449 2338 1487 2376 in
1509 2339 1656 2392 optima
1683 2339 1823 2392 repub-

423 2402 497 2439 lica
531 2403 626 2441 Tib.
661 2402 877 2449 Gracchus,
909 2404 976 2456 qui
1007 2404 1134 2443 otium
1165 2404 1415 2457 perturbaret,
1448 2405 1496 2443 sic
1529 2405 1724 2449 Arcesilas,
1757 2406 1824 2457 qui

423 2467 671 2506 constitutam
692 2468 977 2523 philosophiam
998 2479 1194 2515 everteret,
1224 2479 1262 2508 et
1288 2470 1327 2508 in
1348 2484 1481 2509 eorum
1502 2471 1723 2508 auetoritate
1755 2471 1821 2508 de-

424 2533 625 2578 litesceret,
656 2535 726 2586 qui
744 2535 933 2589 negassent
955 2536 1169 2589 quidquam
1190 2536 1274 2574 sciri
1296 2546 1360 2574 aut
1381 2537 1525 2589 percipi
1546 2535 1647 2589 posse
1665 2537 1677 2573 ?
1711 2537 1823 2588 Qo-

426 2613 513 2638 rum
534 2613 554 2638 e
584 2613 747 2640 numero
767 2602 960 2640 tollendus
991 2602 1043 2640 est
1063 2612 1100 2640 et
1123 2603 1232 2641 Plato
1247 2612 1284 2640 et
1305 2603 1498 2647 Socrates;
1530 2603 1635 2647 alter,
1654 2603 1743 2655 quia
1765 2618 1823 2640 re-

425 2666 541 2719 liquit
562 2666 870 2719 perfestiffimam
903 2669 1159 2723 disciplinam,
1192 2669 1464 2722 Peripateticos
1496 2679 1535 2708 et
1555 2669 1823 2712 Academicos,

507 2735 572 2771 To
585 2747 635 2772 M.
670 2735 724 2773 ΙΙ,
1496 2736 1523 2774 Β
