2330 2983
560 247 884 292 LIBER
960 238 1389 291 PRIMUS.
1642 254 1691 304 89

295 350 546 405 persequeris)
578 349 688 388 claris
720 359 758 387 et
784 349 949 388 fortibus
977 350 1066 388 viris
1087 349 1450 394 commemorandis,
1481 363 1691 403 eorumque

295 416 403 455 fastis
424 430 501 455 non
520 415 784 454 emolumento
803 415 947 467 aliquo,
980 415 1041 452 sed
1062 415 1174 468 ipfius
1194 414 1400 454 honestatis
1428 415 1575 460 decore,
1608 417 1690 454 lau-

295 481 442 526 dandis,
473 481 513 519 id
544 489 671 519 totum
692 481 873 518 evertitur
906 493 951 518 eo
970 480 1120 518 delectu
1140 493 1282 525 rerum,
1309 494 1428 532 quem
1448 481 1564 519 modo
1595 482 1689 526 dixi,

293 547 515 592 constituto,
546 555 590 583 ut
622 555 687 584 aut
717 545 929 598 voluptates
959 545 1189 583 omittantur
1222 546 1413 597 majorum
1448 546 1691 598 voluptatum

294 611 621 665 adipiscendarum
647 610 767 655 causa,
798 619 863 648 aut
896 610 1045 649 dolores
1076 610 1326 663 suscipiantur
1353 611 1544 664 majorum
1579 611 1690 649 dolo-

294 691 382 716 rum
403 677 711 730 effugiendorum
730 675 862 730 gratia.

349 744 422 782 XI.
455 743 527 782 Sed
556 743 604 781 de
633 743 824 781 clarorum
854 741 1060 781 hominum
1082 740 1190 781 factis
1221 741 1430 780 illustribus
1465 750 1503 780 et
1522 742 1691 795 gloriofis

294 808 382 847 satis
400 808 475 847 hoc
496 809 583 847 loco
602 808 750 846 dictum
770 808 829 846 fit.
894 808 980 846 Erit
1000 808 1106 846 enim
1131 808 1214 859 jam
1235 807 1281 845 de
1302 808 1482 846 omnium
1502 808 1691 846 virtutum

294 874 406 912 cursu
426 874 472 913 ad
492 874 730 927 voluptatem
750 874 926 926 proprius
947 873 1146 911 differendi
1165 873 1287 911 locus.
1333 874 1453 912 Nunc
1473 883 1602 911 autem
1621 886 1691 912 ex-

293 941 460 993 plicabo,
481 940 656 993 voluptas
676 940 768 992 ipsa,
798 954 882 992 quae
903 939 1100 992 qualisque
1119 939 1176 984 fit,
1199 948 1242 977 ut
1262 939 1419 977 tollatur
1436 953 1539 977 error
1565 939 1692 978 omnis

293 1006 587 1059 imperitorum;
619 1005 934 1058 intelligaturque
953 1019 1007 1049 ea,
1027 1018 1111 1057 quae
1127 1004 1351 1056 voluptaria,
1373 1004 1544 1049 delicata,
1562 1005 1692 1043 mollis

293 1071 478 1110 habeatur
496 1071 709 1124 disciplina,
740 1084 859 1124 quam
878 1072 1016 1124 gravis,
1048 1084 1166 1123 quam
1185 1071 1401 1116 continens,
1433 1084 1551 1123 quam
1569 1071 1695 1109 severa

294 1137 353 1176 fit.
385 1139 479 1177 Non
499 1138 604 1176 enim
623 1136 722 1176 hanc
743 1137 861 1176 solam
881 1137 1090 1190 sequimur,
1112 1150 1197 1189 quae
1226 1136 1406 1175 suavitate
1425 1137 1553 1190 aliqua
1578 1146 1692 1175 natu-

294 1216 376 1242 ram
395 1204 515 1257 ipsam
535 1213 679 1249 movet,
710 1212 748 1241 et
767 1217 858 1241 cum
872 1203 1116 1256 jucunditate
1135 1202 1301 1255 quadam
1331 1203 1554 1256 percipitur,
1585 1204 1695 1242 omni

293 1269 426 1308 dolore
445 1270 626 1309 detracto.
655 1269 762 1308 Nam
782 1270 981 1322 quoniam,
1004 1283 1095 1307 cum
1115 1269 1312 1321 pr1vamur
1331 1269 1474 1313 dolore,
1496 1268 1574 1322 ipsa
1593 1268 1692 1307 libe-

294 1336 438 1374 ratione
457 1346 495 1374 et
518 1337 706 1375 vacuitate
726 1337 853 1374 omnis
874 1335 1054 1374 molestiae
1074 1335 1283 1386 gaudemus
1299 1353 1311 1379 ς
1336 1334 1470 1386 (omne
1489 1344 1618 1373 autem
1637 1334 1692 1379 id,

296 1415 375 1453 quo
393 1402 617 1454 gaudemus,
648 1402 821 1454 voluptas
846 1401 913 1446 est,
945 1409 987 1438 ut
1021 1413 1136 1439 omne
1161 1399 1214 1444 id,
1245 1413 1324 1452 quo
1343 1399 1590 1445 offendimur,
1621 1401 1693 1438 do·-

296 1467 355 1505 lor
367 1467 399 1517 5)
421 1467 561 1505 doloris
574 1467 701 1505 omnis
717 1467 880 1519 privatio
899 1467 997 1504 recte
1016 1465 1214 1504 nominata
1232 1465 1284 1502 est
1300 1465 1489 1518 voluptas.
1510 1467 1567 1503 Ut
1587 1466 1693 1504 enim

296 1545 391 1571 cum
425 1532 512 1570 cibo
543 1542 583 1570 et
609 1533 767 1584 potione
799 1530 920 1570 fames
947 1531 1099 1583 fitisque
1133 1529 1288 1583 depulsa
1313 1530 1380 1575 est,
1411 1530 1489 1582 ipsa
1513 1518 1694 1569 detraCfio

297 1596 478 1636 molestiae
496 1596 808 1635 consecutionem
827 1596 935 1634 affert
955 1595 1176 1649 voluptatis,
1206 1595 1257 1633 fic
1287 1595 1328 1633 in
1358 1595 1468 1634 omni
1494 1609 1532 1634 re
1552 1596 1693 1635 doloris

295 1662 440 1701 amotio
458 1662 728 1700 succesfionem
748 1662 867 1700 efficit
886 1662 1107 1715 voluptatis„

349 1729 483 1781 Itaque
502 1742 580 1767 non
607 1728 752 1781 placuit
772 1729 958 1781 Epicuro,
990 1728 1165 1766 medium
1191 1727 1262 1766 effe
1285 1728 1471 1780 quiddam
1492 1728 1591 1766 inter
1620 1729 1692 1768 do-

293 1794 417 1833 lorem
442 1804 480 1833 et
500 1794 753 1847 voluptatem.
804 1794 907 1833 Illud
927 1794 1033 1832 enim
1054 1794 1195 1847 ipsum,
1226 1794 1331 1845 quod
1357 1794 1586 1846 quibusdam
1607 1808 1691 1833 me-

294 1861 404 1899 dium
430 1860 593 1906 videtur,
618 1861 726 1898 omni
756 1860 886 1898 dolore
920 1873 1057 1905 carere,
1093 1874 1171 1898 non
1202 1860 1320 1897 modo
1340 1860 1578 1913 voluptatem
1607 1860 1692 1905 efi‘e,

294 1940 429 1965 verum
449 1927 566 1964 etiam
585 1926 777 1965 summam
797 1926 1049 1979 voluptatem.
1074 1925 1260 1977 Qisquis
1280 1926 1386 1964 enim
1404 1926 1529 1970 sentit,
1551 1939 1692 1978 quem-

294 1992 505 2031 admodum
525 1992 570 2030 fit
590 1991 760 2037 affectus,
776 2006 867 2030 eum
883 1992 1025 2038 neceffe
1045 1992 1098 2030 est
1117 2001 1181 2029 aut
1201 1991 1242 2029 in
1262 1991 1459 2044 voluptate
1479 1991 1548 2030 effe
1568 2001 1633 2030 aut
1652 1992 1693 2031 in

293 2058 437 2096 dolore.
498 2058 642 2095 Omnis
670 2067 797 2096 autem
818 2058 1028 2110 privatione
1057 2057 1198 2096 doloris
1216 2065 1327 2110 putat
1347 2057 1538 2110 Epicurus
1558 2058 1692 2096 termi-

294 2124 375 2162 nari
394 2123 587 2161 summam
606 2123 842 2175 voluptatem
858 2142 869 2168 5
893 2132 934 2161 ut
954 2123 1080 2176 postea
1093 2123 1227 2160 variari
1242 2122 1416 2175 voluptas
1434 2123 1693 2176 distinguique

292 2189 404 2243 poffit
414 2208 428 2234 5
459 2190 602 2242 augeri,
624 2189 927 2242 amplificarique
948 2203 1023 2227 non
1044 2188 1168 2242 poffit.

348 2257 404 2293 At
437 2255 554 2293 etiam
584 2254 764 2300 Athenis,
803 2264 847 2293 ut
881 2269 901 2293 a
934 2265 1038 2308 patre
1071 2255 1286 2309 audiebam,
1328 2254 1449 2293 facete
1483 2263 1520 2292 et
1548 2255 1693 2293 urbane

296 2322 443 2360 Stoicos
464 2321 657 2366 irridente,
688 2321 807 2359 statua
825 2322 878 2360 cst
905 2321 946 2359 in
967 2322 1169 2360 Ceramico
1186 2321 1404 2374 Chryfippi,
1425 2321 1584 2359 sedentis
1601 2335 1693 2374 por-

295 2387 395 2426 recta
415 2400 546 2432 manu,
566 2401 650 2439 quae
670 2401 805 2426 manus
836 2387 1022 2440 significet
1041 2388 1155 2426 illum
1185 2388 1225 2425 in
1245 2387 1317 2425 hac
1339 2386 1409 2424 effe
1429 2386 1694 2438 rogatiuncula

294 2452 525 2491 delectatum
535 2471 546 2497 3
567 2454 678 2492 Num
695 2454 882 2506 quidnam
898 2467 1034 2492 manus
1049 2464 1112 2492 tua
1132 2454 1180 2492 fic
1200 2453 1344 2497 asscita,
1362 2452 1692 2504 quemadmodum

292 2517 427 2558 affecta
441 2531 544 2556 nunc
558 2518 622 2564 est,
638 2519 816 2559 desiderat
830 2521 844 2557 ?
867 2519 983 2559 Nihil
997 2520 1093 2559 sane.
1114 2522 1180 2565 At,
1199 2519 1224 2558 fi
1241 2519 1414 2570 voluptas
1427 2517 1515 2557 effet
1528 2518 1690 2564 bonum,

377 2585 512 2623 ToM.
545 2585 597 2624 11.
1341 2584 1389 2623 M
