2330 2983
669 213 942 254 LIBER
999 213 1419 254 TERTIUS.
1666 230 1741 269 3¹9

357 314 428 352 Sed
447 323 484 352 et
498 315 578 365 jam
598 314 883 353 decantaverant
901 314 1062 353 fortasse.
1106 315 1166 352 Eo
1185 314 1290 353 enim
1319 324 1424 353 erant
1444 315 1568 360 vultu,
1602 318 1744 355 oratio-

357 393 418 423 ne,
448 380 557 417 omni
591 379 739 431 reliquo
769 389 878 418 motu
909 389 948 417 et
979 380 1088 424 statu,
1120 390 1163 418 ut
1192 394 1255 418 eos
1276 381 1440 432 Argivos
1465 391 1531 420 aut
1549 382 1746 434 Sicyonios

357 446 523 489 diceres;
554 444 750 496 magisque
781 458 843 482 me
873 453 1069 482 moverant
1096 445 1276 482 Corinthi
1297 446 1422 484 subito
1450 446 1602 499 aspedtae
1622 450 1747 501 parie-

356 512 457 554 tinae,
478 520 595 561 quam
626 508 725 562 ipsos
747 509 993 554 Corinthios;
1025 522 1191 561 quorum
1212 511 1348 548 animis
1369 511 1547 550 diuturna
1565 515 1748 566 cogitatio

355 575 500 614 callum
521 574 711 612 vetustatis
731 574 954 613 obduxerat.

410 641 598 693 Legimus
631 641 776 678 librum
809 639 1062 685 Clitomachi,
1092 654 1212 693 quem
1242 641 1321 686 ille,
1351 642 1476 680 eversa
1500 643 1746 697 Carthagine,

357 705 458 743 misit
491 704 711 743 consolandi
739 704 850 743 causa
880 706 926 742 ad
947 706 1115 758 captivos
1149 706 1250 743 cives
1270 705 1368 744 suos.
1414 707 1460 744 In
1479 721 1524 745 eo
1544 708 1597 745 est
1616 709 1747 761 dispu-

357 771 451 809 tatio
471 771 608 823 scripta
640 771 858 816 Carneadis,
889 785 1006 823 quam
1028 771 1063 809 se
1087 772 1139 809 ait
1158 772 1199 809 in
1225 774 1548 811 commentarium
1569 774 1745 813 retulisse.

358 839 463 874 Cum
485 837 535 873 ita
554 836 720 888 positum
739 836 841 880 efi‘et,
873 837 1005 874 Videri
1036 836 1116 876 fore
1135 838 1176 875 in
1195 838 1418 890 aegritudine
1437 838 1657 891 sapientem,
1679 853 1748 893 pa-

359 903 431 940 tria
451 902 562 954 capta
578 920 589 946 ς
621 915 706 954 quae
727 902 938 940 Carneades
969 912 1101 940 contra
1129 903 1281 948 dixerit,
1313 904 1448 957 scripta
1479 904 1576 943 sunt.
1621 907 1748 944 Tanta

357 968 476 1020 igitur
508 967 734 1004 calamitatis
768 967 958 1019 praesentis
990 967 1192 1006 adhibetur
1234 982 1255 1006 a
1284 968 1512 1022 philosopho
1543 971 1749 1016 medicina,

357 1041 498 1085 quanta
517 1032 728 1069 inveteratae
749 1046 797 1069 ne
826 1032 1051 1070 defideratur
1079 1034 1252 1085 quidem.
1284 1035 1384 1078 Nec,
1415 1035 1441 1072 fi
1469 1035 1615 1087 aliquot
1641 1037 1748 1074 annis

357 1098 441 1150 post
462 1098 564 1134 idem
585 1097 650 1134 ille
680 1097 777 1134 liber
801 1099 960 1149 captivis
987 1098 1117 1136 missus
1138 1099 1239 1143 esset,
1270 1100 1492 1138 vulneribus
1519 1101 1748 1146 mederetur,

358 1163 418 1201 sed
439 1163 693 1200 cicatricibus.
737 1162 879 1200 Senfim
912 1163 1018 1200 enim
1044 1173 1081 1200 et
1107 1164 1342 1216 pedetentim
1370 1166 1611 1218 progrediens
1641 1176 1750 1204 exte-

358 1238 495 1267 nuatur
513 1228 622 1266 dolor
639 1242 648 1266 :
681 1241 757 1265 non
779 1241 857 1280 quo
887 1228 964 1281 ipsa
983 1242 1038 1266 res
1059 1230 1256 1267 immutari
1276 1230 1404 1275 soleat,
1436 1241 1500 1268 aut
1518 1232 1629 1284 poffit
1644 1251 1656 1276 3
1688 1232 1751 1271 sed

357 1295 410 1339 id,
446 1294 551 1346 quod
582 1294 676 1332 ratio
708 1293 900 1338 debuerat,
932 1294 1018 1332 usus
1053 1295 1181 1339 docet,
1209 1296 1359 1334 minora
1384 1295 1453 1334 effe
1473 1310 1530 1341 ea,
1564 1311 1649 1349 quae
1677 1298 1754 1336 sint

357 1360 433 1398 visa
452 1361 607 1411 majora.

412 1426 566 1464 XXIII.
588 1424 696 1476 Qid
715 1438 804 1478 ergo
823 1439 917 1478 opus
938 1425 1006 1470 est,
1025 1426 1126 1464 dicet
1145 1426 1295 1479 aliquis,
1325 1427 1482 1472 ratione,
1504 1438 1569 1466 aut
1588 1430 1750 1468 omnino

359 1491 614 1529 consolatione
633 1490 711 1535 illa,
743 1504 818 1543 qua
835 1491 997 1529 solemus
1019 1492 1091 1536 uti,
1123 1504 1215 1529 cum
1235 1492 1355 1530 levare
1375 1493 1548 1531 dolorem
1579 1507 1749 1532 moeren-

358 1558 459 1595 tium
478 1556 656 1594 volumus
675 1557 688 1593 ?
711 1556 807 1593 Haec
827 1556 929 1593 enim
952 1555 1029 1593 fere
1050 1565 1135 1594 tum
1155 1555 1342 1595 habemus
1359 1558 1399 1595 in
1417 1568 1614 1611 promptu,
1634 1559 1750 1598 Nihil

357 1629 529 1673 oportere
559 1620 802 1672 inopinatum
823 1619 955 1658 videri.
1002 1622 1084 1658 Aut
1118 1621 1187 1673 qui
1212 1621 1447 1661 tolerabilius
1470 1621 1566 1661 feret
1594 1624 1749 1664 incom-

358 1687 535 1731 modum,
569 1686 637 1738 qui
667 1686 890 1738 cognoverit
924 1686 1067 1724 neceffe
1101 1686 1170 1724 effe
1189 1686 1342 1725 homini
1363 1689 1436 1726 tale
1470 1689 1615 1742 aliquid
1645 1692 1748 1729 acci-

357 1751 471 1790 dere?
521 1751 617 1789 Haec
652 1752 758 1789 enim
788 1752 908 1790 oratio
941 1752 987 1789 de
1021 1752 1097 1804 ipsa
1123 1752 1272 1790 summa
1306 1753 1399 1790 mali
1424 1753 1523 1791 nihil
1555 1754 1746 1801 detrahit;

357 1816 628 1856 tantummodo
653 1816 774 1861 affert,
805 1815 903 1854 nihil
934 1816 1104 1861 evenisse,
1136 1817 1239 1868 quod
1273 1831 1350 1855 non
1383 1818 1622 1870 opinandum
1652 1819 1747 1858 fuis-

357 1882 424 1920 set.
487 1882 629 1932 Neque
648 1890 775 1919 tamen
805 1893 924 1934 genus
945 1881 983 1919 id
1014 1882 1192 1920 orationis
1216 1882 1254 1919 in
1275 1883 1502 1922 consolando
1523 1897 1599 1922 non
1619 1883 1717 1923 valet
1733 1904 1745 1930 ;

358 1947 434 1992 sed,
466 1947 506 1984 id
532 1945 635 1984 haud
668 1946 797 1992 sciam,
825 1960 871 1985 an
897 1947 1126 1999 plurimum.
1187 1949 1292 2000 Ergo
1311 1948 1377 1986 ista
1389 1950 1650 2002 ,nec-opinata
1670 1964 1746 1989 non

357 2013 500 2052 habent
526 2021 670 2050 tantam
690 2013 784 2058 vim,
817 2022 860 2050 ut
884 2013 1068 2065 aegritudo
1098 2027 1144 2051 ex
1162 2012 1221 2051 his
1243 2015 1370 2052 omnis
1390 2016 1544 2054 oriatur.
1588 2017 1619 2055 F
1622 2017 1749 2055 eriunt

357 2079 464 2118 enim
493 2077 641 2116 fortaffe
671 2079 820 2131 gravius
837 2096 848 2123 5
884 2091 961 2116 non
992 2079 1031 2116 id
1062 2079 1247 2124 efficiunt,
1283 2089 1325 2117 ut
1357 2093 1412 2125 ea,
1443 2093 1527 2133 quae
1559 2082 1746 2128 accidant,

356 2144 500 2196 majora
521 2143 732 2182 videantur.
766 2143 868 2195 Qia
888 2144 1051 2182 recentia
1071 2143 1171 2189 sunt,
1192 2145 1382 2191 videntur,
1403 2158 1481 2184 non
1501 2147 1592 2198 quia
1611 2160 1746 2200 repen-

358 2210 449 2247 tina.

417 2273 574 2326 Duplex
594 2273 646 2311 est
665 2274 782 2325 igitur
802 2275 896 2312 ratio
915 2275 992 2312 veri
1015 2275 1237 2327 reperiendi,
1269 2289 1346 2314 non
1376 2276 1414 2314 in
1436 2277 1481 2314 iis
1502 2276 1639 2321 solum,
1662 2290 1746 2328 quae

358 2339 471 2383 mala,
501 2338 562 2376 sed
582 2339 622 2376 in
648 2338 693 2376 iis
713 2340 842 2384 etiam,
873 2353 957 2392 quae
978 2340 1089 2385 bona,
1123 2341 1312 2379 videntur.
1358 2342 1463 2379 Nam
1484 2351 1548 2379 aut
1567 2342 1612 2379 de
1630 2342 1744 2393 ipsius

358 2405 412 2443 rei
444 2414 588 2448 natura,
619 2404 739 2456 qualis
770 2415 809 2443 et
839 2415 979 2458 quanta
1012 2406 1068 2451 fit,
1102 2407 1323 2458 quaerimus,
1357 2417 1421 2444 aut
1452 2408 1497 2444 de
1527 2416 1747 2459 paupertate

359 2483 638 2522 nonnunquam
653 2488 666 2515 ς
702 2472 827 2522 (cujus
846 2485 942 2510 onus
963 2472 1188 2525 disputando
1218 2473 1399 2516 levamus,
1422 2473 1597 2510 docentes
1627 2485 1743 2524 quam

357 2549 469 2589 parva
489 2546 526 2574 et
546 2549 661 2589 quam
681 2549 800 2589 pauca
819 2537 904 2583 sint,
925 2551 1008 2589 quae
1035 2548 1166 2576 natura
1185 2538 1380 2589 defideret)
1407 2547 1471 2576 aut
1489 2551 1510 2575 a
1528 2537 1744 2591 disputandi
