2330 2983
770 228 1272 267 LUCULLus.
1682 242 1730 279 29

336 324 453 363 etiam
473 337 536 363 me
568 323 707 377 ipsum,
739 325 889 363 velim?
921 326 1069 378 Itaque,
1100 325 1168 364 nisi
1200 326 1376 378 ineptum
1398 333 1572 378 putarem
1594 325 1634 362 in
1664 324 1731 361 tali

336 390 591 444 disputatione
621 390 661 428 id
695 389 834 435 facere,
881 391 999 442 quod,
1045 404 1136 429 curn
1170 391 1216 429 de
1247 392 1443 444 republica
1475 391 1704 443 disceptatur
1718 418 1728 433 ,

336 454 416 493 fieri
436 455 631 493 interdum
657 453 751 492 solet
765 472 778 500 3
803 455 973 507 jurarem
1003 468 1070 507 per
1099 457 1237 506 Jovern
1270 456 1446 508 Deosque
1467 465 1635 508 penates,
1667 468 1731 493 me

335 528 374 558 et
393 520 518 558 ardere
539 520 662 558 studio
682 520 760 558 veri
781 520 1005 573 reperiend1‚
1036 529 1074 558 et
1093 533 1135 558 ea
1155 520 1304 565 sentire,
1326 535 1411 573 quae
1434 521 1615 559 dicerem.
1649 521 1730 572 Qi

335 586 440 624 enim
459 585 610 638 poffum
630 599 707 624 non
727 599 866 639 cupere
885 599 1020 624 verum
1045 586 1229 631 invenire,
1247 600 1339 625 cum
1356 587 1555 639 gaudeam,
1577 586 1602 623 fi
1623 587 1729 624 fimi-

336 651 372 688 le
389 652 466 689 veri
487 651 581 704 quid
600 651 814 689 invenerim
832 652 845 689 ?
878 651 949 689 Sed
969 660 1011 689 ut
1030 650 1106 690 hoc
1125 651 1434 704 pulcherrimum
1454 651 1525 690 effe
1540 651 1728 703 judicem,

336 729 422 754 vera
440 717 580 762 videre,
611 716 674 761 sle,
710 731 780 770 pro
799 716 896 755 veris
916 717 1075 769 probare
1100 717 1203 762 falsa,
1238 717 1498 770 turpissimum
1518 717 1584 754 est.
1645 716 1730 754 Nec

336 791 465 821 tamen
486 796 558 835 ego
578 783 610 821 Is
630 783 728 829 sum,
757 784 825 836 qui
844 781 944 821 nihil
964 797 1137 835 unquam
1167 782 1248 822 falfi
1269 783 1492 836 approbem,
1514 783 1595 835 -qui
1627 795 1728 820 nun-

337 861 456 900 quam
476 849 660 899 affentiar,
681 849 749 902 qui
769 848 868 887 nihil
888 849 1020 902 opiner
1027 867 1038 893 3
1067 848 1129 887 sed
1147 850 1354 901 quaerimus
1375 851 1422 888 de
1441 849 1620 902 sapiente.
1644 848 1730 901 Ego

338 927 426 952 vero
456 914 533 967 ipse
562 924 599 952 et
633 928 795 966 magnus
816 915 974 966 quidem
995 914 1079 953 sum
1099 915 1288 968 opinator,
1327 916 1422 967 (non
1442 915 1548 953 enim
1568 915 1652 953 sum
1673 915 1730 952 sa-

338 980 464 1032 piens)
496 990 534 1018 et
562 993 664 1018 meas
694 980 944 1032 cogitationes
976 979 1026 1018 fic
1046 980 1184 1033 dirigo,
1215 994 1291 1018 non
1324 981 1370 1018 ad
1397 980 1504 1019 illam
1533 981 1730 1033 parvulam

340 1044 592 1096 Cynosuram,

474 1110 690 1164 Qafidunt
709 1110 793 1151 duce
811 1113 986 1151 noblurna
1004 1111 1189 1151 Phaenices
1207 1112 1244 1150 in
1260 1113 1347 1158 alto,

339 1186 382 1216 ut
403 1178 454 1216 ait
473 1180 628 1223 Aratus,
649 1178 774 1230 eoque
793 1178 972 1216 directius
991 1179 1220 1231 gubernant,
1241 1179 1347 1231 quod
1367 1193 1450 1219 eam
1472 1189 1614 1225 tenent,

473 1246 565 1296 Qae
583 1245 687 1297 curfic
706 1244 874 1283 interiore
892 1244 1000 1283 brevi
1011 1245 1241 1284 convertitur
1259 1245 1363 1290 orbe;

337 1309 400 1347 sed
419 1309 465 1347 ad
486 1310 653 1348 Helicen
673 1319 711 1348 et
740 1309 962 1348 clariffimos
985 1311 1280 1363 Septentriones,
1310 1311 1351 1348 id
1370 1310 1436 1355 est,
1469 1312 1628 1350 rationes
1649 1311 1730 1357 has,

339 1375 471 1414 latiore
490 1375 626 1428 specie,
658 1388 735 1413 non
766 1375 811 1412 ad
833 1384 945 1413 tenue
974 1375 1160 1414 elimatas.
1192 1376 1252 1414 Eo
1271 1376 1330 1421 fit,
1361 1386 1404 1414 ut
1423 1390 1546 1415 errem
1566 1387 1602 1416 et
1622 1392 1733 1431 vager

339 1441 468 1479 latius.
501 1440 573 1478 Sed
603 1453 680 1478 non
700 1440 746 1477 de
774 1453 850 1485 me,
872 1449 915 1478 ut
935 1440 1029 1485 dixi,
1061 1441 1123 1478 sed
1150 1441 1196 1478 de
1216 1441 1395 1493 sapiente,
1418 1442 1612 1493 quaeritur.
1644 1443 1733 1481 Visa

340 1507 446 1544 enim
478 1505 558 1551 ista,
589 1519 682 1543 cum
707 1506 841 1543 acriter
870 1515 1044 1544 mentem
1070 1506 1267 1544 sensumve
1297 1507 1541 1559 pepulerunt,
1569 1509 1731 1561 accipio,

340 1571 475 1624 hisque
495 1572 689 1609 interdum
709 1571 826 1610 etiam
846 1571 1033 1617 assentior,
1056 1586 1125 1610 nec
1145 1572 1316 1625 percipio
1336 1582 1463 1611 tamen
1481 1591 1490 1618 ς
1514 1572 1613 1612 nihil
1628 1575 1733 1613 enim

341 1638 501 1676 arbitror
526 1636 626 1690 poffe
656 1637 814 1690 percipi.
848 1638 941 1676 Non
963 1637 1047 1675 sum
1068 1638 1238 1690 sapiens:
1272 1639 1400 1691 itaque
1430 1639 1513 1677 vifis
1533 1640 1641 1685 cedo,
1664 1655 1732 1678 ne-

342 1718 415 1756 que
435 1703 584 1756 poffum
604 1703 776 1741 refistere.
809 1704 996 1756 Sapientis
1017 1713 1147 1742 autem
1178 1703 1276 1742 hanc
1306 1705 1431 1743 censet
1450 1706 1632 1744 Arcefilas
1653 1707 1734 1745 vim

342 1770 412 1808 effe
431 1771 657 1815 maximam,
689 1771 840 1808 Zenoni
860 1770 1073 1815 assentiens,
1104 1784 1234 1809 cavere
1260 1784 1306 1809 ne
1327 1773 1524 1825 capiatur,
1555 1786 1601 1810 ne
1621 1772 1732 1811 falla-

343 1847 418 1882 tur,
440 1837 578 1875 videre.
610 1834 726 1874 Nihil
742 1836 795 1874 est
814 1837 920 1875 enim
941 1837 987 1874 ab
1013 1850 1054 1874 ea
1073 1837 1318 1888 cogitatione,
1338 1851 1455 1889 quam
1480 1836 1668 1877 habemus
1689 1839 1736 1877 de

341 1903 523 1955 gravitate
544 1901 734 1954 sapientiS,
755 1914 892 1947 errore,
914 1901 1080 1946 levitate,
1103 1903 1316 1940 temeritate
1336 1903 1576 1955 disjunstius.

399 1967 506 2019 Qid
526 1968 645 2020 igitur
664 1967 798 2019 loquar
817 1967 862 2005 de
882 1967 1064 2005 firmitate
1083 1967 1259 2020 sapientis
1279 1969 1290 2004 ?
1320 1982 1436 2020 quem
1458 1969 1615 2021 quidem
1637 1969 1734 2008 nihil

342 2034 489 2087 opinari
509 2042 552 2071 tu
571 2046 740 2085 quoque,
763 2033 942 2078 Luculle,
973 2033 1165 2071 concedis.
1197 2034 1316 2084 Qod
1336 2036 1520 2086 quoniam
1541 2048 1561 2073 a
1588 2044 1625 2074 te
1643 2049 1735 2088 pro-

343 2100 468 2145 batur,
492 2099 554 2151 (ut
572 2098 795 2152 praepostere
814 2107 945 2137 tecum
965 2112 1089 2152 agam,
1112 2113 1204 2138 mox
1220 2098 1380 2138 referam
1397 2114 1460 2138 me
1475 2100 1520 2139 ad
1540 2101 1734 2153 ordinem)

343 2165 425 2205 haec
446 2166 619 2219 primum
637 2165 832 2205 conclufio
851 2179 969 2219 quam
990 2165 1126 2204 habeat
1146 2166 1241 2211 vim,
1260 2166 1464 2205 confidem.

399 2233 514 2273 XXI.
547 2232 586 2270 Si
607 2231 678 2270 ulli
698 2232 751 2270 rei
772 2232 917 2285 sapiens
937 2231 1153 2271 assentietur
1174 2245 1359 2285 unquam,
1387 2233 1593 2286 aliquando
1622 2234 1737 2272 etiam

346 2298 589 2350 opinabitur:
622 2311 821 2350 nunquam
851 2307 982 2336 autem
1013 2298 1258 2350 opinabitur,
1290 2298 1388 2336 nulli
1409 2299 1527 2351 igitur
1547 2300 1599 2337 rei
1619 2300 1737 2338 ass‘en-

347 2365 475 2402 tietur.
508 2364 622 2402 Hanc
643 2364 929 2403 conclusionem
950 2364 1134 2403 Arcesilas
1164 2365 1324 2417 probat:
1356 2365 1608 2403 confirmabat
1633 2366 1739 2403 enim

347 2439 382 2467 et
398 2429 586 2482 primum,
599 2438 636 2468 et
649 2429 870 2469 secundum.
893 2429 1103 2468 Carneades
1121 2444 1398 2482 nonnunquam
1416 2430 1626 2469 secundum
1641 2431 1739 2468 illud

347 2495 472 2540 dabat,
493 2494 655 2534 assentiri
675 2496 893 2549 aliquando.
925 2497 942 2534 Ι
947 2506 983 2534 ta
1002 2496 1228 2549 sequebatur
1247 2497 1362 2534 etiam
1383 2496 1528 2548 opinari
1547 2511 1556 2534 :
1579 2497 1681 2550 quod
1699 2507 1739 2535 tu

348 2575 425 2599 non
446 2561 516 2605 vis,
537 2570 574 2599 et
594 2562 706 2607 reste,
728 2571 771 2601 ut
791 2560 890 2601 mihi
908 2561 1060 2601 videris.
1093 2561 1163 2606 Sed
1185 2561 1282 2600 illud
1309 2561 1497 2614 primum,
1519 2561 1738 2615 sapientem,

431 2628 468 2665 T
484 2642 506 2666 ο
524 2640 575 2666 Μ.
608 2627 661 2667 ΙΙ.
