2330 2983
1172 226 1398 281 [27⁶]

715 468 1874 532 TUSCULANARUM

811 697 1766 778 QUAEsTloNuM

733 934 1102 975 LIBER
1180 935 1850 976 SECUNDUS.

943 1191 1009 1218 DE
1053 1191 1382 1219 TOLERANDO
1427 1191 1653 1220 notent.

596 1325 629 1364 1.
773 1335 778 1340 ·
807 1319 1245 1360 EO'PTOLEMUS
1266 1321 1425 1374 quidem
1444 1321 1544 1375 apud
1562 1319 1737 1359 Ennium
1751 1319 1994 1373 phr'lostphari

819 1385 897 1438 fibi
911 1385 964 1424 ait
983 1385 1104 1440 necff’
1121 1385 1178 1440 ss,
1195 1387 1267 1440 fid
1272 1387 1400 1440 paucis
1411 1403 1425 1426 .·
1455 1401 1538 1425 nam
1563 1385 1697 1425 omnino
1714 1385 1816 1424 haud
1830 1385 1988 1439 placere.

835 1451 922 1504 Ego
940 1460 1083 1497 autern,
1103 1452 1236 1499 Brute,
1269 1452 1412 1492 necefl'e
1429 1451 1531 1492 mihi
1551 1452 1710 1506 quidem
1739 1451 1811 1490 effe
1827 1449 1991 1490 arbitror

599 1511 890 1565 philosophari:
922 1525 1012 1550 nam
1043 1513 1136 1565 quid
1162 1513 1326 1566 pofl‘urn,
1361 1514 1567 1567 praesertim
1597 1513 1697 1552 nihil
1717 1526 1845 1566 agens,
1878 1523 1991 1565 agere

599 1578 737 1616 melius
759 1578 771 1615 ?
792 1577 862 1616 Sed
880 1591 956 1615 non
976 1578 1121 1630 paucis,
1143 1588 1186 1616 ut
1206 1578 1284 1616 ille.
1306 1579 1478 1617 Difficile
1497 1579 1550 1617 est
1568 1579 1672 1617 enim
1692 1579 1732 1616 in
1748 1576 1992 1631 philosophia

600 1655 717 1696 pauca
736 1641 806 1680 effe
825 1642 859 1679 ei
881 1651 983 1686 nota,
1015 1643 1079 1680 cui
1099 1656 1175 1681 non
1196 1643 1268 1681 sint
1297 1653 1361 1681 aut
1380 1644 1571 1697 pleraque,
1601 1653 1665 1682 aut
1695 1644 1839 1682 omnia.
1883 1642 1991 1680 Nam

601 1721 668 1746 nec
690 1720 820 1760 pauca,
841 1706 908 1744 nifi
927 1720 947 1744 e
967 1706 1115 1751 multis,
1132 1707 1222 1760 eligi
1242 1707 1392 1760 possunt
1404 1727 1415 1753 ς
1438 1722 1522 1754 nec,
1543 1709 1612 1761 qui
1631 1721 1750 1761 pauca
1764 1706 1990 1761 perceperit,

602 1787 678 1811 non
709 1772 811 1810 idem
832 1772 978 1824 reliqua
997 1771 1132 1810 eodem
1151 1772 1275 1810 studio
1304 1773 1560 1826 persequetur.
1619 1774 1688 1812 Sed
1708 1775 1748 1811 in
1768 1773 1845 1811 vita
1865 1781 1993 1810 tamen

600 1847 798 1891 occupata,
829 1847 956 1890 atque,
990 1847 1033 1875 ut
1063 1837 1316 1891 Neoptolemi
1347 1848 1432 1877 tum
1455 1849 1546 1884 erat,
1577 1839 1750 1883 militari,
1777 1850 1896 1891 pauca
1915 1837 1993 1890 ipsa

602 1905 773 1944 multum
795 1904 887 1956 saepe
908 1903 1077 1956 prosunt,
1107 1914 1144 1942 et
1164 1903 1291 1943 ferunt
1307 1903 1466 1950 frudlus,
1489 1905 1514 1944 fi
1536 1919 1612 1944 non
1634 1914 1771 1950 tantm,
1792 1903 1927 1957 quanti
1946 1916 1993 1941 ex

603 1970 772 2010 universa
792 1969 1031 2022 philosophia
1051 1970 1193 2022 percipi
1215 1970 1378 2023 poffunt,
1398 1981 1523 2009 tamen
1543 1985 1619 2015 eos,
1640 1972 1782 2023 quibus
1802 1970 1927 2022 aliqua
1946 1982 1994 2007 ex

604 2046 706 2089 parte
721 2035 911 2074 interdum
928 2045 991 2073 aut
1006 2035 1228 2088 cupiditate,
1243 2046 1306 2074 aut
1321 2037 1558 2089 aegritudine,
1572 2046 1635 2074 aut
1648 2046 1754 2074 metu
1771 2036 1991 2073 liberemur.

605 2103 722 2140 Velut
742 2115 787 2139 ex
809 2114 850 2138 ea
869 2101 1134 2153 disputatione,
1149 2115 1232 2154 quae
1247 2101 1344 2140 mihi
1358 2116 1477 2155 nuper
1492 2101 1621 2140 habita
1636 2101 1687 2140 est
1703 2102 1742 2139 in
1755 2100 1991 2144 Tusculano,

605 2180 743 2220 magna
763 2166 959 2203 videbatur
979 2167 1112 2204 mortis
1133 2165 1263 2204 cffcd'ta
1282 2167 1546 2219 contempti05
1578 2181 1662 2219 quae
1684 2180 1760 2205 non
1781 2166 1994 2204 minimum

606 2232 702 2271 valet
724 2231 768 2269 ad
788 2231 960 2269 animum
982 2241 1088 2270 metu
1105 2232 1358 2270 liberandum.
1390 2232 1496 2270 Nam
1513 2233 1579 2284 qui
1597 2233 1649 2276 id,
1667 2231 1771 2284 quod
1792 2231 1899 2269 vitari
1917 2243 1993 2268 non

607 2298 738 2351 potest,
761 2297 915 2341 metuit,
948 2297 977 2334 is
1008 2298 1130 2335 vivere
1157 2298 1285 2336 animo
1305 2299 1437 2350 quicto
1457 2298 1565 2336 nullo
1596 2298 1713 2336 modo
1742 2296 1877 2350 potest.
1923 2295 1995 2333 Sed

607 2365 689 2416 qui,
725 2376 798 2401 non
823 2362 938 2401 modo
957 2363 1046 2415 quia
1078 2363 1218 2401 neccss‘c
1251 2363 1302 2402 cst
1335 2365 1446 2407 mori,
1477 2377 1610 2402 verum
1631 2364 1746 2402 ctiam
1773 2363 1862 2416 quia
1894 2360 1993 2400 nihil

607 2429 719 2467 habet
741 2442 843 2467 mors
862 2429 965 2481 quod
986 2429 1028 2467 fit
1047 2428 1295 2473 horrendum,
1327 2439 1491 2467 mortem
1513 2444 1589 2468 non
1611 2430 1736 2475 timet,
1757 2441 1942 2482 magnum
1963 2427 1994 2464 is

609 2495 674 2532 fibi
698 2494 909 2546 pra-fidium
931 2494 975 2532 ad
997 2495 1143 2532 beatam
1165 2495 1281 2533 vitam
1301 2505 1510 2547 comparat.

663 2561 893 2611 Qanquam
929 2573 1005 2600 non
1040 2560 1169 2599 sumus
1213 2561 1346 2614 ignari,
1393 2561 1535 2600 multos
1570 2560 1729 2600 studiose
1764 2567 1896 2600 contra
1923 2556 1993 2595 effe
