2330 2983
736 288 1016 330 LIBER
1071 289 1506 342 QUINTUS.
1743 305 1819 346 395

478 390 604 436 Tum,
635 398 678 428 ut
697 389 812 443 paulo
842 398 928 429 ante
948 402 1067 429 caecos
1096 389 1145 428 ad·
1173 391 1325 430 aurium
1354 391 1647 433 traducebamus
1678 391 1820 445 volup-

424 465 558 503 tatem,
588 454 639 495 fic
659 456 751 494 licet
769 455 898 494 surdos
918 456 964 494 ad
983 455 1202 494 oculorum.
1248 457 1423 502 Etenim,
1456 458 1524 510 qui
1556 458 1685 496 secum
1710 457 1822 510 loqui

423 522 579 576 poterit,
609 520 826 559 sermonem
845 520 999 559 alterius
1019 533 1098 560 non
1117 521 1297 573 requiret.
1341 523 1607 574 Congerantur
1636 523 1676 561 in
1696 536 1821 561 unum

424 587 570 633 omnia,
591 595 635 625 ut
654 586 759 625 idem
777 585 901 624 oculis
920 593 960 624 et
977 586 1133 625 auribus
1152 595 1286 639 captus
1307 586 1352 624 fit
1367 604 1378 632 ς
1401 597 1597 639 prematur
1614 588 1730 626 etiam
1750 589 1822 626 do-

423 652 571 692 loribus
605 652 798 690 acerrimis
825 651 1010 705 corporiS,
1040 652 1110 705 qui
1140 650 1312 705 primum
1342 665 1409 705 per
1428 652 1463 690 se
1493 652 1562 705 ipfi
1593 652 1824 706 plerumque

423 718 640 759 conficiunt
658 717 862 758 hominem
877 737 890 765 ;
921 719 976 758 sm
997 717 1097 757 forte
1114 717 1398 771 longinquitate
1417 719 1594 772 producti
1612 718 1823 758 vehemen-

425 785 504 825 tius
525 793 653 825 tamen
673 794 869 838 torquent,
901 799 1021 838 quam
1052 794 1096 823 ut
1114 785 1223 824 causa
1242 785 1301 831 fit,
1332 799 1402 825 cur
1417 784 1588 825 ferantur
1602 804 1613 831 ς
1646 785 1741 838 quid
1771 785 1825 823 est

427 851 599 897 tandem,
634 852 705 890 Dii
723 851 839 891 boni!
862 852 977 904 quod
1010 851 1256 890 laboremus?
1289 852 1426 891 Portus
1457 852 1563 890 enim
1593 851 1726 905 praesto
1756 851 1824 897 est,

426 919 615 972 quoniam
634 931 738 958 mors
758 918 906 957 ibidem
921 917 987 963 est,
1004 926 1190 957 aeternum
1205 916 1305 956 nihil
1326 918 1503 957 sentienti
1522 917 1822 971 receptaculum.

427 983 661 1024 Theodorus
680 983 911 1036 Lysimacho
930 993 1098 1023 mortem
1116 984 1338 1030 minitanti3
1360 986 1542 1038 Magnum
1560 997 1661 1030 vero,
1682 983 1824 1037 inquit,

429 1049 581 1104 fflbctsti,
595 1050 639 1102 st
653 1049 877 1089 cantharidis
893 1050 969 1089 vim
987 1051 1187 1104 corficutus
1200 1064 1247 1088 es.
1292 1049 1432 1088 Paulus
1453 1048 1572 1088 Persae
1591 1048 1824 1102 deprecanti,

428 1129 480 1156 ne
508 1115 550 1155 in
568 1114 773 1169 triumpho
801 1116 1017 1161 duceretur,
1037 1118 1083 1155 In
1113 1125 1178 1155 tua
1197 1115 1238 1154 id
1251 1115 1386 1169 quidem
1402 1115 1574 1169 potestate
1592 1115 1650 1168 est.
1696 1114 1829 1153 Multa

430 1181 560 1236 primo
589 1181 667 1227 die,
701 1195 795 1220 cum
813 1181 860 1219 de
889 1181 968 1235 ipsa
987 1189 1112 1220 morte
1142 1194 1412 1234 quaereremus,
1445 1194 1536 1220 non·
1557 1193 1680 1234 pauca
1711 1179 1830 1218 etiam

431 1247 595 1301 postero,
615 1261 709 1287 curn
738 1255 910 1299 ageretur
929 1247 976 1285 de
995 1247 1139 1292 dolore,
1175 1247 1262 1285 sunt
1280 1247 1380 1285 dista
1399 1246 1445 1285 de
1464 1255 1588 1285 morte
1600 1265 1613 1292 3
1645 1259 1731 1298 quae
1759 1244 1830 1298 qui

431 1314 666 1358 recordetur,
691 1311 796 1351 haud
815 1312 900 1351 sane
918 1313 1135 1365 periculum
1155 1312 1222 1358 est,
1254 1325 1301 1350 ne
1321 1325 1399 1351 non
1418 1320 1586 1351 mortem
1606 1321 1671 1350 aut
1690 1320 1828 1364 optan-

431 1380 538 1425 dam,
559 1388 625 1419 aut
641 1387 744 1417 certe
763 1391 842 1417 non
862 1378 1090 1423 timendam,
1111 1386 1236 1431 putet.

488 1445 601 1485 XLI.
632 1442 742 1483 Mihi
761 1444 920 1497 quidem
940 1444 980 1482 in
1010 1444 1087 1481 vita
1107 1443 1284 1482 servanda
1302 1442 1451 1482 videtur
1480 1442 1547 1481 illa
1573 1442 1649 1487 lex,
1680 1455 1764 1495 quae
1789 1440 1831 1479 in

436 1512 665 1552 Graecorum
684 1510 868 1550 conviviis
889 1510 1086 1548 obtinetur
1097 1529 1110 1555 3
1133 1511 1217 1548 Aut
1237 1509 1357 1554 bibat,
1379 1509 1523 1561 inquit,
1543 1516 1609 1546 aut
1628 1508 1748 1546 abeat.
1778 1507 1832 1545 Et

435 1580 548 1619 reete.
593 1577 676 1615 Aut
695 1576 800 1615 enim
819 1575 967 1614 fruatur
995 1575 1133 1627 aliquis
1163 1575 1302 1627 pariter
1320 1588 1413 1613 cum
1432 1574 1515 1612 aliis
1535 1573 1730 1626 voluptate
1759 1585 1832 1625 po·

435 1642 544 1684 tandi
560 1661 573 1688 ς
603 1650 682 1687 aut,
710 1655 757 1680 ne
776 1640 924 1679 sobrius
944 1641 986 1679 in
1004 1640 1230 1679 violentiam
1250 1640 1535 1679 vinolentorum
1555 1639 1714 1684 incidat,
1747 1647 1835 1677 ante

437 1708 629 1749 discedat:
661 1707 711 1746 fic
731 1707 889 1759 injurias
919 1705 1099 1752 fortunae,
1135 1720 1227 1759 quas
1258 1705 1356 1744 ferre
1384 1719 1564 1758 nequeas,
1599 1703 1835 1757 defugiendo

436 1774 645 1826 relinquas.
691 1773 789 1812 Haec
809 1773 955 1818 eadem,
991 1786 1076 1824 quae
1096 1772 1303 1824 Epicurus,
1334 1771 1498 1809 totidem
1517 1770 1642 1809 verbis
1674 1770 1769 1808 dicit
1796 1778 1835 1808 ct

436 1841 718 1891 Hieronymus.
755 1839 873 1889 Qod
893 1838 920 1876 fi
940 1838 967 1876 ii
987 1836 1222 1890 philosophi,
1244 1850 1411 1890 quorum
1431 1850 1473 1875 ea
1493 1835 1677 1875 sententia
1695 1835 1762 1880 est,
1791 1843 1836 1874 ut

438 1906 562 1945 virtus
582 1918 648 1958 per
667 1904 704 1942 se
734 1904 813 1956 ipsa
831 1903 930 1942 nihil
949 1904 1069 1943 valeat
1081 1923 1093 1949 5
1124 1917 1316 1957 omneque
1336 1903 1442 1956 quod
1460 1902 1665 1941 honestum
1694 1914 1763 1940 nos
1797 1910 1837 1940 et

439 1970 632 2011 laudabile
649 1969 721 2009 esse
740 1969 922 2015 dicimus,
943 1969 984 2007 id
1000 1970 1059 2007 illi
1079 1969 1222 2008 cassum
1242 1968 1428 2022 quiddam
1448 1977 1486 2006 et
1504 1968 1609 2007 inani
1624 1967 1728 2006 vocis
1745 1967 1836 2006 sono

441 2036 664 2076 decoratum
683 2034 754 2073 effe
775 2035 918 2081 dicant,
950 2044 989 2073 et
1009 2044 1137 2073 tamen
1157 2034 1305 2088 semper
1325 2035 1481 2073 beatum
1511 2033 1664 2073 censent
1688 2032 1759 2071 effe
1778 2032 1836 2071 sa-

441 2103 614 2157 pientem
628 2119 641 2147 ς
666 2101 761 2154 quid
780 2101 935 2140 tandem
956 2115 975 2138 a
997 2103 1144 2140 Socrate
1163 2111 1202 2140 et
1222 2101 1379 2140 Platone
1398 2100 1576 2154 profestis
1597 2098 1836 2153 philosophis

442 2167 666 2207 faciendum
699 2176 808 2220 putes
827 2168 839 2203 ?
886 2168 1067 2218 Qorum
1102 2167 1166 2205 alii
1198 2176 1342 2205 tantam
1375 2166 1628 2219 praestantiam
1660 2166 1699 2203 in
1726 2164 1837 2203 bonis

444 2233 566 2272 animi
585 2233 656 2271 effe
674 2233 823 2277 dicunt,
845 2241 889 2270 ut
908 2233 954 2270 ab
974 2232 1035 2271 his
1055 2233 1224 2286 corporis
1241 2242 1278 2270 et
1296 2241 1449 2271 externa
1467 2232 1729 2270 obscurentur.
1756 2230 1839 2268 Alii

445 2306 576 2337 autem
595 2297 677 2336 haec
699 2311 745 2335 ne
766 2298 865 2336 bona
885 2298 1044 2351 quidem
1065 2299 1212 2337 ducunt
1229 2317 1240 2344 ;
1273 2299 1313 2336 in
1334 2299 1465 2337 animo
1482 2306 1673 2351 reponunt
1692 2296 1835 2334 omnia.

446 2365 630 2416 Qorum
664 2364 954 2402 controverslam
992 2364 1133 2403 solebat
1149 2394 1161 2410 ,
1197 2374 1380 2418 tanquam
1413 2363 1635 2402 honorarius
1671 2362 1810 2399 arbiter
1826 2390 1837 2407 ‚

442 2430 616 2483 judicare
636 2429 860 2468 Carneades.
906 2431 1011 2469 Nam
1032 2445 1138 2476 cum,
1171 2445 1411 2484 quaecunque
1443 2430 1543 2468 bona
1563 2427 1839 2480 Peripateticis,

447 2496 582 2534 eadem
610 2496 744 2533 Stoicis
775 2497 980 2534 commoda
1001 2497 1220 2535 viderentur
1235 2516 1247 2542 3
1280 2510 1403 2548 neque
1437 2505 1564 2532 tamen
1597 2493 1842 2546 Peripatetici

450 2561 536 2614 plus
558 2561 766 2599 tribuerent
786 2562 944 2607 divitiis,
977 2563 1085 2601 bonae
1119 2563 1342 2606 valetudini,
1373 2561 1517 2598 cacteris
1549 2560 1659 2598 rebus
1695 2559 1842 2612 generis

451 2626 634 2679 ejusdem,
670 2640 788 2680 quam
808 2628 953 2673 Stoici,
985 2642 1077 2667 cum
1097 2641 1139 2666 ea
1158 2641 1210 2673 re,
1241 2641 1318 2665 non
1349 2626 1486 2669 verbis,
1517 2625 1839 2678 pondera1·entur;

1362 2695 1541 2734 Ddd2
