2330 2983
561 332 644 374 474
823 320 916 359 DE
975 318 1303 359 NATURA
1361 321 1704 361 DEORUM

562 417 735 456 hiantem
755 418 1021 463 innataverint,
1050 427 1135 456 tum
1155 418 1352 457 admonita
1369 433 1390 457 a
1409 418 1546 472 squilla
1562 420 1680 473 pinna
1698 419 1829 459 morsu
1847 433 1961 461 com-

561 485 697 535 primit
731 483 910 523 conchas.
970 485 1030 523 Sic
1057 485 1319 524 dissimillimis
1355 486 1521 525 bestiolis
1555 487 1820 526 communiter
1849 487 1962 526 cibus

561 551 771 600 quaeritur:
804 550 844 588 in
864 563 942 603 quo
962 551 1229 590 admirandum
1250 551 1315 597 est,
1347 552 1594 605 congrefl‘une
1625 553 1756 606 aliquo
1784 553 1884 591 inter
1909 553 1960 598 se,

561 630 606 655 an
622 617 704 669 jam
725 616 814 654 inde
833 616 879 654 ab
899 626 986 655 ortu
1008 626 1149 656 naturae
1168 618 1256 671 ipsae
1277 629 1515 672 congregatae
1537 619 1620 658 sint.
1667 619 1735 658 Est
1753 619 1869 658 etiam
1890 619 1961 657 ad-

561 683 715 721 miratio
735 682 921 720 nonnulla
940 683 979 720 in
1001 683 1128 721 bestiis
1148 685 1379 735 aquatilibus
1400 685 1461 729 iis,
1483 699 1568 737 quae
1586 686 1801 739 gignuntur
1819 686 1860 724 in
1883 694 1960 723 ter-

560 761 599 787 ra
614 766 625 793 3
657 748 777 786 veluti
809 747 1008 793 crocodili,
1039 747 1314 801 fluviatilesque
1342 749 1562 795 testudines,
1590 751 1844 804 quaedamque
1883 750 1960 788 ser-

559 823 690 866 pentes
709 823 801 852 ortae
827 822 932 851 extra
962 826 1117 866 aquam,
1149 813 1261 852 fimul
1283 826 1325 852 ac
1348 815 1520 868 primum
1541 816 1613 853 niti
1633 815 1799 868 pofl‘unt‚
1819 827 1961 867 aquarn

557 878 850 932 persequuntur.
884 879 1112 930 Qinetiam
1131 889 1286 918 anatum
1307 893 1376 918 ova
1390 880 1543 933 gallinis
1563 881 1657 934 saepe
1675 880 1929 934 supponimus
1944 897 1960 925 5

557 958 578 984 e
591 945 735 997 quibus
751 945 851 998 pulli
871 945 946 983 orti
964 946 1139 998 primum
1153 945 1308 984 aluntur
1326 946 1373 984 ab
1390 947 1450 992 iis,
1465 955 1508 985 ut
1527 960 1548 984 a
1566 947 1770 992 matribus,
1785 959 1807 984 a
1819 945 1962 999 quibus

558 1010 700 1049 exclufi
713 1010 865 1064 fotique
880 1009 990 1050 sunt:
1011 1012 1151 1051 deinde
1160 1025 1222 1051 eas
1239 1012 1478 1065 relinquunt,
1492 1022 1530 1051 et
1541 1012 1736 1066 effugiunt
1747 1012 1961 1066 sequentes,

557 1089 650 1116 cum
669 1078 844 1131 primum
862 1091 1017 1131 aquam,
1031 1079 1138 1132 quafi
1158 1079 1371 1118 naturalem
1391 1079 1571 1125 domum,
1587 1079 1715 1118 videre
1733 1086 1959 1132 potuerunt.

555 1143 728 1182 Tantam
747 1144 924 1197 ingenuit
942 1145 1203 1184 animantibus
1223 1146 1469 1184 conservandi
1489 1146 1546 1184 sui
1566 1155 1699 1185 natura
1717 1144 1944 1184 custodiam.

611 1210 763 1249 XLIX.
785 1211 885 1264 Legi
902 1211 1020 1250 etiam
1041 1211 1242 1265 scriptum,
1264 1212 1335 1251 effe
1354 1226 1463 1251 avem
1481 1213 1691 1265 quandam,
1722 1225 1809 1265 quae
1829 1211 1959 1250 Plata-

556 1275 613 1314 lea
632 1277 897 1315 nominaretur
912 1291 921 1315 :
942 1290 1028 1315 eam
1044 1277 1114 1315 fibi
1131 1277 1269 1315 cibum
1285 1291 1451 1330 quaereoe
1462 1278 1705 1317 advolantem
1719 1278 1767 1316 ad
1781 1290 1842 1316 eas
1858 1289 1958 1321 aves,

556 1356 642 1395 quae
662 1342 698 1380 fe
717 1343 757 1380 in
778 1343 875 1380 mari
892 1352 1111 1396 mergerent
1127 1358 1137 1382 :
1169 1357 1255 1396 quse
1271 1357 1368 1382 cum
1384 1343 1632 1389 emerfiffent,
1653 1344 1874 1397 piscemque
1889 1355 1959 1381 ce·

555 1403 706 1456 piffent,
728 1403 846 1457 usque
866 1416 912 1443 eo
930 1417 1105 1457 premere
1120 1417 1256 1443 earum
1279 1406 1405 1459 capita
1423 1405 1635 1450 mordicus,
1653 1405 1753 1443 dum
1772 1404 1847 1442 iuae
1865 1417 1960 1456 cap·

556 1479 642 1509 tum
660 1470 909 1516 amitterent5
940 1471 981 1509 id
1011 1470 1117 1524 quod
1143 1471 1221 1525 ipsa
1250 1471 1460 1511 invaderet.
1508 1471 1734 1524 Eademque
1766 1468 1848 1508 haec
1881 1468 1959 1508 avis

554 1537 735 1576 scribitur
749 1536 913 1576 conchis
945 1537 980 1576 se
1009 1537 1127 1576 solere
1156 1537 1366 1592 complere,
1393 1538 1542 1591 easque,
1573 1550 1667 1577 cum
1686 1534 1875 1576 stomachi
1892 1547 1960 1573 ca-

555 1603 634 1642 lore
653 1604 891 1648 concoxerit,
923 1617 1115 1649 evomere,
1145 1614 1261 1656 atque
1291 1606 1344 1642 ita
1357 1605 1504 1656 »eligere
1520 1618 1571 1643 ex
1590 1605 1652 1650 iis,
1688 1616 1774 1656 quae
1794 1603 1882 1642 sunt
1898 1601 1960 1640 es-

555 1671 723 1709 culenta.
756 1671 874 1708 Ranae
892 1678 1025 1708 autem
1043 1669 1199 1707 marinae
1219 1669 1402 1707 dicuntur
1419 1670 1582 1708 obruere
1604 1670 1676 1708 sese
1695 1670 1807 1708 arena
1827 1669 1958 1713 solere,

554 1746 592 1775 et
613 1736 759 1775 moveri
779 1748 898 1789 prope
928 1748 1069 1787 aquam
1086 1753 1099 1780 ς
1131 1735 1177 1773 ad
1197 1749 1305 1787 quas,
1339 1735 1443 1787 quasi
1478 1735 1525 1774 ad
1555 1736 1678 1774 escam
1712 1735 1830 1789 pisces
1865 1747 1958 1772 cum

555 1802 787 1847 accefferint,
817 1800 959 1840 confici
979 1813 1000 1838 a
1020 1801 1133 1846 ranis,
1164 1810 1279 1853 atque
1298 1801 1488 1841 consumi.
1542 1802 1671 1841 Milvo
1689 1801 1743 1840 est
1760 1800 1959 1854 quoddam

554 1870 704 1909 bellum
725 1867 828 1922 quasi
846 1867 1015 1906 naturale
1029 1880 1126 1906 cum
1142 1879 1275 1907 corvo.
1304 1868 1411 1921 Ergo
1429 1868 1523 1907 alter
1542 1868 1711 1913 alterius,
1733 1867 1959 1919 ubic-unque

554 1937 687 1975 nactus
704 1935 774 1980 est,
795 1947 864 1972 ova
883 1932 1040 1985 frangit.

612 2001 716 2039 Illud
744 2012 835 2038 vero
855 1998 902 2036 ab
925 1998 1129 2036 Aristotele
1159 1999 1478 2045 animadversum,
1505 2013 1526 2039 a
1545 2013 1625 2053 quo
1644 1999 1838 2053 pleraque,
1867 1997 1959 2050 quis

554 2066 678 2121 potest
707 2079 785 2104 non
817 2063 975 2103 mirari?
1013 2065 1157 2109 Grues,
1189 2078 1282 2102 cum
1316 2065 1399 2103 loca
1429 2065 1610 2104 calidiora
1638 2074 1810 2117 petentes
1838 2063 1959 2101 maria

555 2132 830 2175 transmittant,
853 2130 1035 2183 trianguli
1054 2130 1203 2169 efficere
1223 2129 1390 2169 formam
1410 2146 1419 2169 ε
1451 2131 1532 2182 ejus
1564 2139 1694 2169 autem
1714 2129 1868 2168 summo
1884 2142 1957 2167 an-

555 2199 650 2252 gulo
664 2211 726 2236 aer
743 2197 791 2236 ab
812 2197 857 2235 iis
877 2196 1049 2235 adversus
1068 2197 1248 2249 pellitur:
1270 2196 1407 2236 deinde
1424 2197 1558 2236 sensim
1579 2197 1626 2235 nb
1642 2206 1806 2249 utroque
1826 2196 1955 2239 latere,

556 2275 742 2317 tanquam
773 2263 904 2308 remis,
936 2263 989 2301 ita
1019 2263 1151 2316 pennis
1182 2263 1312 2302 cursus
1342 2264 1473 2302 avium
1505 2263 1665 2302 levatur.
1702 2262 1801 2301 Bafis
1826 2270 1956 2300 autem

556 2330 754 2383 trianguli,
771 2342 888 2382 quam
908 2342 1019 2382 grues
1039 2329 1226 2374 efficiunt,
1241 2343 1296 2374 ea,
1312 2338 1495 2383 tanquam
1512 2342 1532 2367 a
1549 2329 1684 2383 puppi,
1701 2328 1825 2367 ventis
1846 2328 1956 2380 adju-

556 2407 692 2442 vatur3
725 2396 859 2449 haeque
879 2394 919 2434 in
941 2405 1047 2448 tergo
1078 2397 1370 2448 praevolantium
1391 2396 1492 2435 colla
1520 2405 1558 2434 et
1583 2396 1707 2449 capita
1737 2404 1954 2448 reponunt:

556 2463 660 2515 quod
679 2463 768 2515 quia
789 2462 865 2516 ipse
885 2461 963 2500 dux
985 2461 1106 2500 facere
1127 2476 1202 2500 non
1220 2462 1354 2515 potest,
1369 2463 1458 2514 quia
1479 2476 1554 2501 non
1578 2462 1692 2501 habet
1712 2462 1780 2500 ubi
1798 2462 1955 2506 nitatur,

558 2529 713 2573 revolat,
735 2538 777 2566 ut
800 2527 875 2581 ipse
903 2541 1058 2580 quoque
1078 2527 1260 2580 quiescat.
1304 2529 1348 2566 In
1369 2529 1450 2580 ejus
1477 2528 1608 2567 locum
1628 2528 1798 2567 succedit
1816 2541 1864 2566 ex
1893 2527 1955 2570 iis,

555 2608 641 2647 qum
661 2595 886 2646 acquicrunt
905 2613 915 2638 ;
947 2607 1064 2646 eaque
1080 2593 1295 2632 vicinitudo
1316 2594 1354 2631 in
1376 2594 1484 2632 omni
1503 2594 1614 2632 cursu
1635 2594 1891 2633 conservatur.

614 2660 742 2699 Multa
776 2660 962 2713 ejusmodi
998 2658 1165 2713 proferre
1200 2659 1348 2713 possum
1367 2674 1375 2699 :
1409 2660 1468 2699 scd
1494 2674 1614 2713 genus
1643 2659 1770 2714 ipsum
1800 2658 1953 2698 videtis.
