2330 2983
599 283 877 325 LIBER
933 281 1435 325 SECUNDUS.
1638 298 1721 339 479

323 403 345 429 a
363 388 476 429 corde
495 394 625 426 autem
645 387 687 425 in
707 394 836 425 totum
855 398 994 440 corpus
1014 385 1254 426 distribuitur
1283 399 1351 440 per
1375 397 1490 426 venas
1510 384 1722 427 admodum

322 455 479 499 multas,
500 454 542 491 in
562 465 698 492 ornnes
717 461 840 505 partes
859 452 1030 504 corporis
1049 453 1298 505 pertinentes,

378 518 725 571 Qemadmodum
754 526 883 557 autem
902 517 1074 569 reliquiae
1102 517 1183 556 cibi
1202 517 1453 570 depellantur,
1482 527 1567 557 tum
1586 518 1723 558 astrin-

323 585 503 638 gentibus
523 583 558 623 se
577 583 783 628 intestinis,
815 592 903 622 tum
920 583 1193 628 relaxantibus,
1214 581 1318 621 haud
1337 583 1421 621 sane
1441 583 1598 622 difficile
1618 585 1722 623 dictu

323 651 377 690 est
391 668 403 695 ;
434 649 498 689 sed
517 658 647 689 tamen
666 647 974 701 praetereundum
993 647 1060 693 est,
1092 661 1140 686 ne
1159 648 1256 701 quid
1274 647 1413 687 habeat
1431 649 1723 701 injucunditatis

322 715 457 754 oratio.
501 714 575 754 Illa
604 714 733 767 potius
752 714 969 768 explicetur
986 713 1226 754 incredibilis
1251 712 1399 753 fabrica
1416 723 1573 753 naturae.
1617 715 1724 753 Nam

323 794 409 832 quae
427 779 564 834 spiritu
593 779 635 818 in
655 779 859 832 pulmones
889 773 1016 818 anima
1035 779 1205 824 ducitur,
1234 792 1277 817 ea
1295 779 1448 819 calescit
1472 780 1647 832 primum
1676 779 1724 818 ab

323 859 369 885 eo
400 845 551 899 spiritu,
581 845 716 885 deinde
746 845 976 898 contagione
1003 845 1267 898 pulmonum:
1299 859 1347 885 ex
1376 859 1496 899 eaque
1522 859 1606 899 pars
1636 845 1723 884 red-

323 911 430 950 ditur
462 910 691 964 respirand0‚
722 924 806 964 pars
837 911 1058 964 concipitur
1091 911 1215 951 cordis
1245 920 1351 965 parte
1384 912 1565 965 quadam,
1607 925 1725 964 quam

323 977 587 1016 ventriculum
606 977 732 1015 cordis
753 977 946 1030 appellant
961 995 973 1022 5
1004 977 1069 1015 cui
1098 977 1233 1016 fimilis
1253 978 1347 1016 alter
1366 978 1566 1030 adjunctus
1587 977 1652 1022 est,
1682 977 1724 1015 in

325 1056 443 1096 quem
473 1041 623 1094 sanguis
654 1055 675 1080 a
699 1043 828 1094 jecore
859 1056 926 1095 per
955 1056 1093 1081 venam
1122 1043 1232 1081 illam
1252 1057 1383 1081 cavam
1409 1043 1550 1081 influit.
1587 1043 1726 1094 quue

320 1108 442 1149 modo
461 1121 510 1147 ex
528 1107 590 1146 his
607 1108 794 1161 partibus,
824 1117 865 1146 et
884 1108 1034 1160 sanguis
1054 1122 1122 1160 per
1140 1122 1255 1147 venas
1273 1109 1314 1147 in
1333 1109 1443 1147 omni
1468 1121 1625 1161 corpore
1645 1107 1725 1146 dif-

323 1172 516 1218 funditur,
536 1181 576 1211 et
591 1172 743 1225 spiritus
763 1186 831 1225 per
848 1173 1013 1212 arterias.
1045 1173 1229 1225 Utraeque
1249 1182 1378 1213 autem
1397 1173 1552 1218 crebrae,
1569 1173 1725 1211 multae-

322 1252 411 1292 que,
443 1247 528 1278 toto
556 1251 717 1291 corpore
737 1238 908 1283 intextae,
929 1238 1011 1280 vim
1032 1239 1226 1291 quandam
1245 1239 1515 1278 incredibilem
1534 1237 1725 1278 artificiosi

323 1305 448 1358 operis
467 1305 667 1356 divinique
688 1304 884 1343 testantur.

381 1370 492 1421 Qid
511 1369 640 1409 dicam
656 1369 704 1407 de
729 1369 869 1409 offibus
889 1370 901 1407 ?
932 1383 1017 1422 quae
1043 1369 1208 1423 subjecta
1227 1371 1376 1423 corpori
1396 1370 1592 1409 mirabiles
1612 1384 1724 1409 com-

325 1435 498 1475 miffuras
529 1434 686 1480 habent,
721 1444 759 1473 et
789 1435 835 1473 ad
855 1435 1100 1475 stabilitatem
1127 1445 1245 1489 aptas,
1278 1446 1315 1475 et
1339 1437 1387 1474 ad
1406 1445 1507 1475 artus
1536 1436 1723 1475 finiendos

323 1501 650 1546 accommodatas,
681 1510 718 1539 et
738 1500 784 1539 ad
803 1511 973 1546 motum,
1003 1510 1042 1539 et
1060 1501 1107 1540 ad
1134 1515 1296 1540 omnem
1323 1503 1492 1555 corporis
1518 1502 1722 1540 affionem.

326 1567 423 1606 Huc
443 1566 538 1605 adde
557 1579 706 1611 nervos,
738 1579 758 1604 a
777 1567 921 1616 quibus
947 1575 1050 1605 artus
1077 1567 1337 1611 continentur,
1355 1579 1568 1618 eorumque
1587 1566 1724 1618 impli-

323 1632 516 1670 cationem
549 1638 631 1669 toto
661 1642 819 1682 corpore
845 1629 1103 1682 pertinentem
1116 1648 1128 1674 3
1160 1630 1242 1683 qui,
1264 1631 1360 1669 ficut
1386 1645 1489 1669 venae
1508 1640 1547 1670 et
1564 1632 1723 1676 arteriae,

323 1710 346 1735 a
362 1697 479 1736 corde
500 1697 624 1735 tractae
642 1704 681 1733 et
699 1694 892 1748 profectae,
913 1695 953 1733 in
973 1709 1112 1747 corpus
1132 1709 1249 1734 omne
1269 1697 1477 1734 ducuntur.

378 1763 490 1803 LVI.
522 1762 586 1801 Ad
615 1760 716 1800 hanc
737 1761 1016 1814 providentiam
1038 1770 1179 1799 naturae
1201 1771 1280 1799 tam
1310 1762 1536 1814 diligentem
1567 1771 1724 1815 tamque

325 1829 504 1869 solertem
522 1828 682 1880 adjungi
702 1827 825 1866 mul-ta
844 1825 1044 1880 possumne
1064 1827 1206 1879 quibus
1226 1827 1478 1880 intelligatur,
1497 1838 1646 1880 quantae
1667 1843 1724 1867 res

326 1892 555 1932 hominibus
585 1905 608 1930 a
625 1893 728 1936 Deo,
759 1904 955 1943 quamque
974 1891 1126 1930 eximiae
1157 1892 1310 1930 tributae
1329 1892 1401 1930 smt
1416 1911 1429 1937 3
1461 1892 1529 1944 qui
1549 1893 1723 1945 primum

324 1972 389 1998 eos
410 1957 534 1998 humo
553 1958 751 2003 excitatos,
773 1957 905 2003 celsos,
923 1967 961 1996 et
982 1959 1122 1996 erectos
1143 1958 1354 2003 constituit,
1372 1967 1416 1997 ut
1432 1959 1607 1997 Deorum
1627 1972 1722 2011 cog-

325 2024 531 2068 nitionem,
563 2023 702 2062 caelum
721 2023 928 2068 intuentes,
959 2036 1091 2076 capere
1110 2022 1270 2076 poffent.
1316 2025 1413 2062 Sunt
1442 2025 1548 2062 enim
1575 2038 1594 2062 e
1629 2034 1725 2062 terra

325 2088 519 2134 homines,
550 2102 628 2128 non
650 2097 693 2126 ut
721 2088 858 2127 incolae
887 2098 1001 2141 atque
1019 2088 1266 2135 habitatores,
1296 2089 1358 2127 sed
1377 2090 1480 2142 quafi
1501 2090 1723 2143 speetatores

327 2155 548 2208 superarum
568 2168 696 2193 rerum
717 2164 831 2206 atque
849 2155 1072 2199 caelestium,
1104 2168 1269 2207 quarum
1286 2155 1545 2208 spectaculum
1565 2156 1611 2194 ad
1632 2155 1722 2194 nul-

326 2220 412 2259 lum
432 2220 536 2259 aliud
556 2220 951 2273 genus-animantium
967 2221 1145 2272 pertinet.
1184 2221 1317 2260 Sensus
1337 2231 1480 2266 autem,
1499 2222 1722 2274 interpretes

329 2299 371 2324 ac
393 2286 520 2324 nuntii
551 2298 693 2330 rerum,
726 2286 768 2324 in
798 2286 938 2338 capite,
973 2295 1155 2339 tanquam
1185 2287 1227 2326 in
1246 2301 1344 2333 arce,
1376 2287 1539 2326 mirifice
1559 2287 1604 2324 ad
1635 2287 1721 2324 usus

329 2351 548 2390 neceffarios
569 2361 605 2389 et
624 2350 728 2396 faeti,
742 2361 779 2390 et
799 2352 976 2391 collocati
991 2352 1092 2391 sunt.
1123 2354 1229 2392 Nam
1248 2354 1366 2398 oculi,
1383 2363 1566 2405 tanquam
1585 2352 1721 2405 specu-

329 2418 479 2462 latores,
507 2416 730 2457 altiffimum
750 2418 880 2457 locum
901 2419 1078 2459 obtinent
1089 2437 1102 2464 3
1135 2433 1181 2459 ex
1201 2433 1279 2472 quo
1296 2419 1463 2471 plurima
1482 2418 1721 2471 conspicien-

328 2493 385 2522 tes
406 2481 615 2536 fungantur
635 2483 700 2523 suo
720 2497 891 2523 munere.
934 2486 987 2523 Et
1001 2499 1120 2530 aures,
1134 2499 1226 2524 cum
1242 2485 1380 2523 sonum
1399 2485 1589 2537 percipere
1603 2484 1721 2522 debe-

329 2557 408 2595 ant,
423 2549 492 2603 qui
510 2550 644 2590 natura
662 2549 702 2588 in
716 2549 881 2590 sublime
900 2549 1021 2589 fertur
1027 2569 1039 2597 5
1053 2553 1158 2591 ,recte
1177 2551 1216 2589 in
1230 2550 1314 2589 altis
1327 2563 1533 2604 corporum
1548 2550 1721 2604 partibus
