2330 2983
593 249 670 290 270
897 232 1674 273 TUSCULANARUM

726 335 915 373 Heb‘t'orem
934 332 1143 386 quadrf'jugo
1160 347 1274 372 curru
1291 333 1491 387 raptarier.

591 402 724 452 Qem
741 400 952 438 Hectorem
967 398 980 435 ?
1001 407 1067 436 aut
1085 398 1271 450 quamdiu
1290 398 1355 437 ille
1374 399 1445 436 erit
1461 398 1636 437 Hector?
1667 397 1813 436 Melius
1826 398 1982 444 Accius,

590 476 629 505 et
649 464 856 519 aliquando
875 464 1019 517 sapiens
1039 462 1229 509 Achilles,

729 532 839 570 Immo
857 529 1033 568 enimvero
1051 538 1177 582 corpus
1197 528 1345 568 Priamo
1363 528 1511 574 reddidi,
1542 530 1731 568 Heaorem
1748 529 1885 582 abstuli.

593 597 689 636 Non
723 596 843 650 igitur
863 595 1032 634 Hectora
1061 595 1220 640 traxisti,
1250 594 1311 633 sed
1341 608 1494 648 corpus,
1525 595 1629 647 quod
1649 594 1771 633 fuerat
1791 595 1984 634 Hectoris.

594 663 698 702 Ecce
717 663 814 701 alius
833 661 1003 700 exoritur
1020 674 1041 698 e
1061 670 1170 706 terra,
1191 661 1259 714 qui
1279 670 1442 699 matrem
1462 661 1628 698 dormire
1647 675 1726 699 non
1745 661 1853 700 finat.

730 729 875 771 Mater,
906 735 942 765 te
958 727 1106 779 appello,
1135 740 1214 780 quae
1232 739 1357 765 curam
1362 727 1485 778 sbmno
1490 727 1694 778 fitspetfimz
1711 726 1824 771 levas,

729 794 856 846 Neque
874 801 910 831 te
931 792 1000 831 mei
1014 792 1152 845 mfferet
1164 808 1177 830 .·
1195 793 1325 845 stcrge,
1346 792 1501 844 etstpeli
1516 800 1656 829 natum.

593 856 693 898 Hae'c
713 871 805 896 cum
839 857 966 911 preffis
997 866 1036 895 et
1065 857 1261 896 flebilibus
1281 857 1421 902 modis,
1452 857 1520 909 qui
1554 858 1644 895 totis
1665 855 1819 895 theatris
1843 856 1989 895 moesti-

596 925 691 963 tiam
711 922 889 968 inferant,
911 922 1170 961 concinuntur
1181 940 1194 968 ;
1225 922 1383 961 difficile
1402 921 1469 967 est,
1500 935 1578 961 non
1598 935 1677 968 eos,
1711 922 1779 975 qui
1799 920 1992 961 inhumati

596 989 697 1035 sunt,
719 989 875 1028 miseros
890 988 1075 1040 judicare.

734 1055 847 1094 Prius
863 1068 968 1108 quam
973 1054 1089 1106 ftrae,
1119 1053 1343 1107 volucresque
1365 1083 1374 1092 .
1399 1083 1408 1092 .
1433 1083 1443 1092 .

598 1120 760 1165 Metuit,
782 1133 829 1158 ne
849 1119 1020 1158 laceratis
1040 1118 1227 1158 membris
1247 1119 1377 1158 minus
1398 1119 1494 1158 bene
1514 1127 1669 1164 utatur;
1699 1131 1748 1157 ne
1767 1118 1991 1164 combustis,

596 1199 676 1225 non
695 1185 926 1225 extimescit.

737 1253 822 1290 Heu
841 1250 1020 1304 relliquias
1024 1250 1181 1304 st’miaffi
1192 1250 1300 1304 regis,
1329 1249 1514 1289 denudatis
1532 1250 1664 1302 qffibus,

735 1318 813 1356 Per
831 1327 969 1356 terram
975 1317 1080 1370 sanie
1098 1316 1270 1356 delibutas
1274 1316 1375 1369 saede
1393 1317 1611 1356 divexarier.

598 1382 695 1422 Non
714 1382 905 1436 intelligo,
936 1382 1031 1436 quid
1050 1391 1210 1428 metuat,
1240 1396 1331 1421 cum
1352 1391 1433 1421 tam
1463 1383 1584 1421 bonos
1612 1381 1839 1436 septenarios
1861 1379 1997 1422 fundat

599 1449 647 1486 ab
667 1448 818 1487 tibiam.
849 1448 1084 1487 Tenendum
1110 1448 1163 1487 est
1182 1448 1314 1502 igitur,
1345 1447 1445 1488 nihil
1464 1448 1678 1487 curandum
1697 1448 1768 1488 effe
1787 1447 1871 1502 post
1889 1461 1996 1488 mor-

601 1523 696 1558 tem,
727 1527 820 1553 cum
840 1513 957 1553 multi
973 1514 1154 1553 inimicos
1179 1515 1295 1553 etiam
1316 1524 1487 1554 mortuos
1507 1515 1739 1568 poeniantur.
1789 1515 1998 1553 Execratus

601 1579 809 1619 luculentis
830 1580 914 1618 sane
933 1579 1098 1619 verfibus
1116 1581 1218 1633 apud
1238 1581 1414 1619 Ennium
1429 1579 1629 1632 Thyestes,
1646 1581 1819 1633 primum
1837 1589 1880 1618 ut
1900 1593 1995 1618 nau-

601 1644 725 1699 fragio
745 1655 871 1699 pereat
890 1647 1046 1685 Atreus.
1078 1647 1234 1684 Durum
1254 1645 1329 1685 hoc
1351 1646 1435 1685 sane
1450 1664 1462 1691 ς
1494 1645 1578 1684 talis
1599 1646 1704 1684 enim
1724 1646 1900 1684 interitus
1921 1659 1996 1684 non

601 1711 654 1750 est
673 1711 750 1751 fine
768 1712 872 1764 gravi
893 1711 1011 1749 sensu.
1044 1711 1115 1749 Illa
1135 1711 1274 1757 inania,

738 1777 1188 1831 Ipfisicmmisstzxisfixus
1205 1778 1350 1831 asperis,
1380 1778 1608 1830 evfieratun

742 1844 880 1882 Latere
892 1842 1059 1896 pendens,
1076 1844 1361 1896 saxaspargens
1380 1843 1585 1896 tabo‚st1nie
1603 1842 1825 1897 ctsttnguine
1838 1851 1934 1881 atro.

605 1909 700 1948 Non
722 1909 798 1962 ipsa
818 1909 900 1947 saxa
920 1909 1041 1961 magis
1062 1908 1167 1946 sensu
1186 1910 1295 1947 omni
1313 1909 1516 1954 vacabunt,
1534 1923 1650 1962 quam
1671 1909 1750 1953 ille,
1772 1908 1885 1947 latere
1905 1921 2000 1961 pen-

605 1974 712 2019 dens,
745 1974 807 2012 cui
830 1974 863 2012 se
894 1973 958 2012 hic
978 1974 1193 2011 cruciatum
1224 1973 1351 2012 censet
1370 1983 1513 2026 optare.
1552 1975 1682 2026 Qam
1702 1972 1817 2011 essent
1839 1973 1945 2018 dura,
1976 1973 2001 2012 s1

606 2039 788 2079 sentiret?
821 2039 942 2078 Nulla
963 2039 1037 2077 slne
1057 2038 1162 2076 sensu
1183 2038 1283 2077 sunt.
1316 2038 1418 2077 Illud
1438 2052 1526 2076 vero
1546 2051 1728 2091 perquam
1750 2039 1875 2076 inane.

745 2106 1092 2158 A'cquespulcrum,
1123 2119 1188 2157 quo
1207 2104 1371 2157 recipiat,
1393 2104 1536 2148 habeat,
1560 2113 1710 2156 portum
1728 2104 1883 2156 corporis
1897 2119 1910 2142 .-

745 2172 827 2216 Ubi,
858 2171 992 2224 rcmffz
1011 2172 1167 2210 humana
1186 2171 1282 2215 vita,
1313 2179 1438 2223 corpus
1458 2170 1650 2224 requiqfivtt
1670 2170 1783 2208 malis.

612 2236 740 2281 vides,
762 2246 907 2289 quanto
936 2235 1015 2274 haec
1038 2237 1076 2273 in
1097 2249 1219 2274 errore
1238 2235 1444 2274 versentur.
1492 2236 1653 2274 Portum
1673 2234 1743 2273 esse
1763 2234 1947 2287 corporis,
1965 2243 2003 2272 et

608 2302 837 2355 requiescere
858 2302 896 2340 in
929 2301 1100 2354 sepulcro
1132 2311 1240 2354 putat
1272 2311 1485 2339 mortuum.
1534 2301 1679 2354 Magna
1701 2300 1815 2354 culpa
1836 2300 2002 2353 Pelopis,

608 2369 773 2421 quinon
804 2368 983 2406 erudierit
1016 2367 1155 2411 filium,
1191 2380 1259 2405 nec
1291 2366 1477 2411 docuerit,
1513 2377 1700 2419 quatenus
1726 2365 1813 2405 esset
1834 2366 2004 2419 quidque

610 2434 836 2472 curandum.

667 2499 792 2536 XLV.
830 2498 899 2536 Sed
931 2498 1025 2550 quid
1062 2497 1297 2550 singulorum
1319 2497 1518 2551 opiniones
1535 2498 1846 2541 animadvertam,
1879 2496 2002 2534 natio·

612 2579 707 2603 num
740 2565 858 2604 varios
893 2578 1034 2603 errores
1067 2564 1273 2618 perspicere
1307 2578 1398 2603 cum
1433 2564 1570 2603 liccat?
1603 2564 1802 2604 Condiunt
1830 2562 2003 2615 AEgyptii
