2330 2983
733 266 1006 304 LIBER
1068 266 1425 305 PRIMUS.
1692 283 1765 320 421

391 363 512 407 Huic,
534 363 619 400 Deo
637 361 857 415 pulchrior:
879 373 915 401 at
933 372 1024 408 erat,
1045 363 1139 402 ficut
1159 364 1273 403 hodie
1293 365 1358 410 est,
1379 365 1654 418 perverfiffimis
1673 381 1768 406 ocu-

390 429 451 466 lis.
483 428 591 479 Qid
610 427 736 472 refert,
758 428 783 465 fi
803 427 877 466 hoc
893 428 1018 480 ipsum
1038 429 1173 467 salsum
1192 431 1251 468 illi
1270 439 1308 468 et
1326 431 1527 470 venustum
1546 433 1767 472 videbatur?

429 494 580 532 XXIX.
603 493 733 531 Redeo
752 494 797 531 ad
819 495 936 531 Deos.
959 495 1115 545 Ecquos
1136 495 1162 532 fi
1181 508 1257 532 non
1274 504 1353 533 tam
1369 496 1569 542 strabones,
1589 508 1626 537 at
1646 509 1768 552 paetu-

388 558 443 596 los
463 557 533 595 effe
553 557 807 595 arbitramur?
829 570 970 608 ecquos
986 571 1136 596 naevum
1155 557 1319 596 habere?
1339 572 1480 611 ecquos
1496 561 1596 606 filos,
1617 563 1767 608 flaccos,

387 621 596 666 frontones,
619 622 826 674 capitones,
863 636 946 674 quae
966 622 1051 660 sunt
1081 623 1121 660 in
1151 623 1293 661 nobis?
1323 625 1386 661 An
1418 626 1550 662 omnia
1571 629 1769 666 emendata

386 687 425 724 in
447 687 551 724 illis?
583 688 707 725 Detur
736 687 776 724 id
805 687 926 725 vobis.
970 688 1082 725 Num
1101 688 1216 726 etiam
1247 688 1298 726 est
1328 703 1402 726 una
1427 691 1604 729 omnium
1624 692 1766 730 facies?

386 752 506 797 Nam,
528 753 554 790 s1
573 753 713 804 plures,
745 753 858 790 aliam
884 751 952 790 effe
982 753 1053 790 alia
1082 753 1344 806 pulchriorem
1374 756 1517 793 neceffe
1536 757 1601 794 est.
1646 759 1768 809 Igitur

385 818 522 868 aliquis
543 831 619 855 non
639 816 917 869 pulcherrimus
940 819 1060 857 Deus.
1084 820 1121 856 Si
1142 833 1217 856 una
1235 820 1413 858 omnium
1431 820 1544 859 facies
1557 823 1622 867 est,
1637 823 1768 861 florere

385 882 425 919 in
458 882 550 920 caelo
569 882 816 920 Academiam
847 882 988 920 neceffe
1018 884 1083 921 est.
1132 884 1170 922 Si
1197 885 1300 922 enim
1331 884 1429 922 nihil
1460 886 1558 923 inter
1579 888 1710 926 Deum
1730 898 1768 926 et

385 947 516 985 Deum
536 947 676 992 differt,
698 948 802 985 nulla
822 948 874 985 est
892 949 993 1000 apud
1013 950 1116 987 Deos
1137 950 1321 1002 cognitio,
1343 951 1446 988 nulla
1467 953 1672 1004 perceptio.

439 1013 558 1063 Qid‚
580 1013 606 1050 fi
625 1014 754 1056 etiam,
776 1013 915 1057 Vellei,
936 1013 1074 1051 falsum
1094 1015 1192 1052 illud
1220 1017 1380 1054 omnino
1399 1016 1464 1060 est,
1486 1018 1634 1055 nullam
1653 1018 1767 1057 aliam

384 1077 493 1115 nobis
513 1078 558 1114 de
576 1078 660 1115 Deo
679 1078 936 1129 cogitantibus
956 1079 1133 1130 speciem,
1155 1080 1223 1117 nis1
1240 1079 1425 1125 hominis,
1446 1095 1642 1119 occurrere
1661 1084 1674 1119 ?
1707 1093 1766 1120 ta-

383 1155 522 1180 menne
541 1142 608 1180 ista
631 1144 713 1194 jam
744 1142 900 1179 absurda
929 1142 1137 1180 defendes?
1169 1145 1296 1182 Nobis
1328 1144 1476 1183 fortaffe
1503 1146 1554 1184 fic
1584 1148 1764 1193 occurrit,

382 1215 426 1245 ut
445 1207 564 1245 dicis:
593 1209 744 1258 Jovem,
766 1208 976 1257 Junonem,
1003 1207 1236 1251 Minervam,
1259 1209 1504 1260 Neptunum,
1527 1211 1764 1257 Vulcanum,

382 1273 619 1325 Apollinem,
650 1273 817 1322 reliquos
834 1273 950 1316 Deos,
971 1285 1014 1308 ea
1035 1271 1131 1309 facie
1153 1273 1344 1318 novimus,
1366 1288 1440 1325 qua
1458 1276 1631 1327 pictores,
1653 1276 1764 1314 ficto-

381 1337 513 1388 resque
541 1336 769 1374 voluerunt:
801 1349 924 1387 neque
943 1336 1065 1374 solum
1085 1335 1196 1382 facie,
1228 1337 1289 1375 sed
1321 1339 1436 1376 etiam
1462 1350 1609 1385 ornatu,
1643 1351 1761 1387 aetate,

382 1402 529 1440 vestitu.
572 1403 627 1438 At
657 1414 733 1438 non
759 1401 948 1452 AEgyptii,
980 1413 1050 1438 nec
1082 1402 1177 1452 Syri,
1209 1415 1277 1440 nec
1307 1402 1384 1440 fere
1413 1407 1549 1442 cuncta
1579 1405 1760 1445 barbaria.

383 1466 589 1505 Firmiores
608 1465 712 1502 enim
732 1465 856 1502 videas
887 1464 985 1517 apud
1005 1478 1068 1503 eos
1087 1479 1219 1504 omnes
1239 1467 1436 1519 opiniones
1467 1469 1537 1506 effe
1566 1471 1613 1507 de
1636 1471 1762 1509 bestiis

382 1530 623 1584 quibusdam,
656 1542 772 1581 quam
792 1529 891 1581 apud
911 1543 979 1567 nos
1000 1529 1045 1566 de
1064 1530 1297 1569 sanctiffimis
1324 1532 1478 1584 templis
1499 1542 1536 1570 et
1555 1534 1761 1573 fimulacris

382 1597 570 1634 Deorum.
602 1594 759 1631 Etenim
779 1592 865 1630 fana
883 1593 1005 1630 multa
1024 1594 1225 1645 expoliata,
1246 1603 1284 1632 et
1303 1595 1499 1634 fimulacra
1519 1598 1694 1637 Deorum
1715 1600 1762 1637 de

380 1660 472 1698 locis
492 1657 724 1696 sanctiffimis
744 1657 867 1695 ablata
885 1657 1058 1695 videmus
1078 1671 1098 1695 a
1118 1659 1274 1697 nostris:
1307 1669 1344 1698 at
1362 1674 1449 1698 vero
1469 1675 1516 1699 ne
1535 1661 1650 1701 fando
1670 1665 1761 1716 qui-

379 1725 466 1762 dem
485 1723 659 1761 auditum
678 1722 743 1766 est,
774 1722 1027 1767 crocodilum,
1057 1731 1122 1760 aut
1141 1724 1254 1768 ibim,
1284 1734 1348 1762 aut
1366 1724 1482 1763 felem
1502 1727 1687 1766 violatum
1713 1730 1760 1767 ab

379 1788 575 1842 AEgyptio.
618 1787 726 1839 Qid
745 1787 863 1838 igitur
882 1786 1034 1825 censes?
1071 1787 1193 1839 Apim
1212 1787 1340 1834 illum,
1362 1789 1533 1828 sanetum
1553 1792 1759 1845 AEgyptio-

379 1867 465 1892 rum
485 1854 638 1897 bovem,
659 1865 784 1890 nonne
802 1853 932 1889 Deum
952 1851 1069 1890 videri
1089 1853 1282 1905 AEgyptiis
1303 1854 1316 1890 ?
1347 1855 1449 1892 Tam
1469 1854 1610 1902 hercle,
1643 1871 1758 1909 quam

379 1918 450 1956 tibi
482 1918 589 1954 illam
621 1916 784 1953 nostram
805 1915 1004 1968 Sospitam,
1036 1930 1153 1968 quam
1181 1926 1223 1955 tu
1243 1932 1441 1971 nunquam
1472 1934 1518 1958 ne
1545 1922 1586 1959 in
1616 1921 1758 1961 somnis

379 1982 536 2034 quidem
556 1981 672 2025 vides,
703 1981 771 2018 nifi
790 1994 882 2019 cum
911 1981 1011 2034 pelle
1030 1982 1194 2035 caprIna,
1226 1996 1316 2021 cum
1337 1983 1450 2029 hasta,
1483 1999 1574 2023 cum
1594 1986 1756 2033 scutulo,

378 2061 469 2085 cum
503 2047 675 2084 calceolis
707 2047 892 2098 repandis.
938 2049 994 2084 At
1024 2061 1100 2085 non
1119 2047 1171 2085 est
1204 2049 1286 2086 talis
1307 2050 1462 2101 Argiva,
1495 2064 1563 2088 nec
1583 2053 1759 2090 Romana

378 2114 493 2163 Juno.
525 2112 630 2164 Ergo
648 2111 719 2149 alia
739 2111 877 2163 species
897 2112 1060 2162 Junonis
1080 2113 1248 2165 Argivis,
1265 2113 1336 2150 alia
1355 2115 1576 2154 Lanuvinis.
1601 2118 1652 2155 Et
1668 2119 1756 2170 qui-

377 2178 465 2215 dem
485 2177 556 2214 alia
575 2177 684 2214 nobis
705 2177 929 2228 Capitolini,
950 2178 1021 2215 alia
1039 2177 1145 2216 Afris
1166 2180 1371 2217 Ammonis
1391 2181 1510 2230 Jovis.

433 2243 562 2280 XXX.
593 2242 686 2279 Non
705 2242 823 2292 pudet
843 2243 960 2293 igitur
979 2242 1193 2294 phyficum,
1215 2244 1254 2281 id
1277 2244 1328 2282 est
1347 2244 1619 2297 speculatorem
1641 2261 1753 2285 vena-

383 2318 581 2359 toremque
601 2316 754 2350 naturae,
775 2307 822 2345 ab
841 2307 992 2352 animis,
1013 2308 1284 2347 consuetudine
1304 2311 1478 2356 imbutis,
1506 2322 1630 2364 petere
1652 2313 1753 2350 testi-

379 2372 556 2410 monium
576 2371 740 2409 veritatis
759 2371 771 2408 ?
816 2372 890 2410 Isto
909 2373 1012 2411 enim
1032 2373 1148 2412 modo
1177 2375 1300 2412 dicere
1319 2375 1464 2420 licebit,
1494 2377 1631 2426 Jovem
1651 2376 1751 2415 sem-

379 2450 446 2489 per
483 2436 700 2481 barbatum,
739 2437 962 2489 Apollinem
1000 2437 1144 2491 semper
1181 2439 1394 2477 imberbem
1410 2468 1420 2484 ‚
1460 2440 1582 2477 caefios
1621 2442 1751 2480 oculos

380 2502 577 2546 Minervae,
607 2501 782 2540 caeruleos
802 2501 872 2540 esse
890 2502 1081 2555 Neptuni.
1112 2503 1165 2542 Et
1193 2504 1350 2556 quidem
1371 2502 1534 2543 Athenis
1554 2504 1750 2544 laudamus
