2330 2983
553 306 630 359 306
806 301 899 341 DE
957 298 1283 339 NATURA
1339 296 1680 337 DEORUM

551 414 667 455 quem
687 400 852 438 Arcades
873 398 1114 438 Nomionem
1144 396 1351 450 appellant,
1371 396 1477 449 quod
1496 396 1543 435 ab
1569 409 1614 435 eo
1633 396 1669 434 se
1687 395 1789 449 leges
1809 394 1940 434 ferunt

549 466 740 518 accepisse.
783 465 917 503 Dianae
947 464 1042 503 item
1061 463 1213 517 plures:
1245 463 1368 516 prima
1387 462 1493 514 Jovis
1523 471 1561 500 et
1582 461 1824 514 Proserpinae,
1852 474 1938 513 quae

549 533 753 585 pinnatum
785 530 1022 584 Cupidinem
1051 527 1219 582 genuifl‘e
1252 529 1393 566 dicitur
1407 547 1419 574 3
1451 527 1614 566 secunda
1646 527 1785 572 notior,
1820 539 1939 578 quam

548 599 643 649 Jove
663 597 776 635 tertio
794 606 831 635 et
851 597 999 635 Latona
1017 605 1146 634 natam
1165 595 1409 647 accepimus3
1441 594 1559 632 tertiae
1575 602 1679 646 pater
1699 593 1798 646 Upis
1820 591 1938 630 tradi-

548 673 624 708 tur,
646 663 794 700 Glauce
814 670 934 699 mater
945 680 958 706 3
988 674 1072 699 eam
1094 661 1222 699 Graeci
1241 660 1334 712 saepe
1354 659 1477 712 Upim
1507 668 1663 711 paterno
1693 658 1850 696 nomine
1869 670 1938 709 ap-

549 727 705 781 pellant.
747 726 937 778 Dionysos
958 725 1101 763 multos
1121 723 1309 762 habemus
1327 738 1336 761 :
1358 724 1532 776 primum
1547 725 1642 774 Jove
1661 731 1698 760 et
1718 721 1940 773 Proserpina

548 803 684 832 natum
697 811 709 838 3
731 793 942 831 secundum
958 791 1069 835 Nilo,
1087 790 1156 842 qui
1170 789 1318 840 Nysam
1335 789 1477 826 dicitur
1490 787 1742 831 interemiffe3
1765 787 1937 830 tertium,

550 861 692 913 Caprio
711 869 829 912 patre,
850 870 1017 909 eumque
1043 869 1172 908 regem
1199 855 1297 894 Afiae
1322 853 1506 907 praefuiss‘e
1525 854 1673 898 dicunt,
1701 853 1766 890 cui
1786 852 1940 890 Sabazia

549 925 636 962 sunt
655 925 827 962 instituta
842 942 854 968 3
886 931 1066 975 quartum
1085 922 1180 973 Jove
1200 930 1238 958 et
1258 921 1383 965 Luna,
1405 920 1468 958 cui
1488 918 1587 957 sacra
1607 916 1781 971 Orphica
1797 925 1940 969 putan-

548 998 611 1028 tur
630 989 768 1029 confici
786 1007 798 1034 3
830 989 1013 1041 quintum
1033 987 1131 1027 Niso
1151 996 1286 1026 natum
1306 995 1344 1024 et
1363 985 1544 1037 Thyone,
1570 999 1591 1023 a
1610 997 1688 1037 quo
1707 981 1942 1022 Trieterides

548 1056 762 1094 constitutae
782 1063 980 1108 putantur.

602 1122 733 1160 Venus
754 1122 879 1174 prima
900 1119 1007 1158 Caelo
1035 1128 1074 1158 et
1093 1119 1169 1158 Die
1189 1129 1302 1166 nata3
1330 1120 1440 1171 cujus
1461 1118 1574 1157 Elide
1598 1116 1805 1155 delubrum
1832 1114 1941 1152 vide-

548 1200 661 1232 mus3
691 1186 820 1230 altera,
852 1184 987 1238 spuma
1005 1194 1224 1238 procreata3
1255 1197 1303 1222 ex
1323 1197 1398 1236 qua
1416 1193 1454 1221 et
1474 1183 1674 1221 Mercurio
1701 1180 1942 1233 Cupidinem

548 1253 758 1291 secundum
778 1260 912 1289 natum
932 1251 1150 1302 accepimus
1163 1269 1175 1294 3
1208 1250 1332 1293 tertia,
1364 1250 1458 1300 Jove
1484 1258 1584 1293 nata,
1616 1257 1654 1286 et
1673 1247 1804 1286 Diona
1818 1264 1830 1291 3
1857 1259 1942 1298 quae

546 1317 674 1371 nupsit
692 1316 869 1354 Vulcano
881 1333 894 1360 3
926 1315 988 1352 sed
1006 1328 1053 1352 ex
1071 1328 1113 1352 ea
1131 1323 1169 1352 et
1184 1315 1313 1353 Marte
1328 1323 1438 1352 natus
1455 1315 1620 1351 Anteros
1637 1313 1779 1350 dicitur
1790 1329 1802 1355 3
1825 1324 1943 1363 quar-

546 1393 597 1429 ta,
620 1383 737 1435 Syria,
759 1383 944 1433 Tyroque
963 1390 1176 1434 concepta3
1208 1394 1293 1433 quae
1313 1380 1462 1418 Astarte
1481 1388 1662 1424 vocatur3
1685 1391 1803 1430 quam
1830 1377 1942 1414 Ado-

545 1449 626 1487 nidi
647 1447 806 1502 nupfiffe
824 1447 1024 1501 proditum
1044 1447 1111 1485 est.
1149 1447 1328 1485 Minerva
1344 1446 1480 1499 prima,
1502 1458 1619 1497 quam
1640 1443 1837 1496 Apollinis
1857 1455 1943 1481 ma-

546 1524 645 1554 trem
675 1515 785 1568 supra
813 1513 1010 1558 diximus3
1042 1512 1205 1551 secunda
1234 1521 1316 1551 orta
1345 1512 1458 1557 Nilo,
1493 1524 1612 1563 quam
1638 1510 1815 1562 AEgyptii
1835 1509 1945 1547 Saitae

545 1582 680 1620 colunt
695 1599 708 1626 3
740 1580 849 1618 tertia
867 1579 946 1624 illa,
968 1593 1086 1631 quam
1107 1581 1203 1630 Jove
1221 1587 1436 1631 generatam
1454 1577 1563 1630 supra
1582 1577 1751 1616 diximus
1768 1594 1781 1622 3
1812 1583 1945 1628 quarta

546 1648 643 1699 Jove
662 1655 749 1685 nata
767 1654 805 1683 et
831 1643 1025 1696 Coryphe,
1062 1644 1207 1694 Oceani
1239 1643 1330 1687 filia,
1358 1656 1475 1694 quem
1495 1644 1662 1680 Arcades
1691 1642 1848 1680 Coriam
1870 1655 1942 1680 no-

547 1713 710 1756 minant,
741 1720 779 1748 et
809 1710 1081 1762 quadrigarum
1116 1709 1368 1746 inventricem
1399 1707 1529 1746 ferunt
1544 1727 1556 1753 3
1588 1709 1723 1760 quinta
1744 1707 1942 1752 Pallantis,

546 1791 632 1831 quae
651 1785 799 1830 patrem
818 1775 961 1813 dicitur
980 1773 1222 1818 interemiffe,
1239 1773 1498 1826 virginitatem
1517 1774 1621 1812 suam
1636 1774 1776 1812 violare
1796 1787 1942 1812 conan-

545 1853 627 1882 tem
642 1861 655 1888 3
686 1842 751 1880 cui
783 1841 990 1894 pinnarum
1022 1840 1150 1879 talaria
1182 1840 1357 1892 affigunt.
1402 1839 1555 1892 Cupido
1573 1840 1721 1892 primus
1743 1840 1943 1878 Mercurio

545 1918 584 1947 et
603 1908 729 1947 Diana
747 1907 872 1960 prima
891 1915 1001 1944 natus
1022 1906 1164 1943 dicitur
1179 1924 1191 1950 3
1223 1905 1423 1950 secundus,
1445 1905 1645 1943 Mercurio
1663 1913 1700 1942 et
1720 1905 1867 1943 Venere
1886 1905 1944 1943 se-

546 1974 698 2017 cunda3
721 1972 854 2010 tertius
875 1971 1033 2023 quidem
1051 1971 1102 2008 est
1122 1973 1302 2016 Anteros,
1325 1971 1453 2009 Marte
1473 1981 1510 2009 et
1532 1971 1678 2008 Venere
1700 1971 1821 2009 tertia.

602 2041 733 2090 Atque
754 2036 834 2075 haec
856 2035 1030 2088 quidem,
1061 2044 1099 2073 et
1118 2036 1319 2087 ejusmodi,
1341 2049 1387 2073 ex
1409 2044 1531 2072 vetere
1558 2036 1717 2072 Graeciae
1736 2034 1839 2072 fama
1858 2035 1942 2072 col-

548 2105 642 2144 lecta
661 2103 772 2148 sunt3
795 2103 936 2155 quibus
957 2102 1142 2153 intelligis
1164 2101 1407 2140 resistendum
1424 2101 1508 2145 esse,
1525 2114 1570 2139 ne
1591 2101 1862 2153 perturbentur
1883 2115 1943 2139 re-

548 2171 723 2224 ligiones.
747 2168 871 2207 Vestri
890 2177 1018 2207 autem
1041 2182 1117 2207 non
1139 2168 1255 2207 modo
1275 2167 1356 2206 haec
1373 2181 1449 2206 non
1468 2166 1660 2211 refellunt,
1675 2180 1810 2205 verum
1825 2168 1943 2206 etiam

547 2236 792 2280 confirmant,
824 2233 1105 2287 interpretando
1137 2233 1319 2286 quorsum
1354 2234 1526 2286 quidque
1557 2233 1757 2286 pertineat.
1809 2233 1879 2271 Sed
1898 2232 1944 2271 εὸ

544 2304 639 2355 jam,
662 2301 762 2339 unde
781 2299 859 2338 huc
880 2300 1029 2352 digressi
1052 2299 1195 2344 sumus,
1219 2309 1462 2338 revertamur.

604 2367 755 2405 XXIV.
788 2366 899 2404 Num
919 2365 1045 2403 censes
1067 2365 1184 2417 igitur
1206 2365 1399 2403 subtiliore
1421 2364 1563 2403 ratione
1582 2378 1680 2418 opus
1706 2362 1776 2401 esse
1795 2364 1840 2401 ad
1862 2363 1942 2402 hrec

551 2431 781 2470 refellenda?
803 2432 908 2470 Nam
930 2440 1116 2475 mentem,
1135 2430 1264 2475 fidem,
1288 2431 1405 2483 spem,
1423 2431 1619 2475 virtutem,
1638 2429 1837 2474 honorem,
1859 2430 1942 2468 vic-

550 2497 700 2540 toriam,
716 2496 887 2541 salutem,
901 2495 1162 2539 concordiam,
1180 2505 1388 2547 coetcraquc
1409 2495 1609 2547 ejusmodi,
1631 2508 1758 2533 rerum
1774 2495 1853 2532 vim
1872 2494 1941 2532 ha-

552 2563 637 2600 bere
658 2562 846 2607 videmus,
870 2576 943 2601 non
968 2563 1155 2600 Deorum.
1193 2563 1273 2599 Aut
1294 2561 1398 2599 enim
1422 2561 1459 2598 in
1483 2561 1670 2599 nobismet
1692 2560 1818 2598 insunt
1840 2559 1939 2612 ipfis.

552 2637 592 2666 ut
613 2641 735 2672 mem,
763 2638 806 2666 ut
826 2627 933 2674 fides,
966 2637 1008 2667 ut
1030 2628 1123 2681 spes,
1146 2636 1188 2666 ut
1209 2628 1342 2673 virtus,
1364 2637 1406 2667 ut
1425 2628 1651 2673 concordia3
1685 2635 1749 2666 aut
1769 2625 1944 2679 optandae
