2330 2983
676 267 726 319 78
1113 264 1214 303 DE
1274 260 1657 302 FINIBUS

674 364 779 416 quod
792 363 906 402 semel
921 363 1004 415 jam
1020 362 1190 408 miffum,
1206 362 1384 407 coerceri,
1399 361 1633 415 reprimique
1652 374 1730 400 non
1749 359 1895 414 potest5
1918 368 1961 398 ut
1975 371 2066 412 pro-

675 430 887 482 pemodum
901 429 1125 481 justioribus
1142 438 1297 467 utamur
1316 428 1408 472 illis,
1423 428 1490 480 qui
1507 427 1669 466 omnino
1684 436 1842 466 avocent
1857 440 1878 465 a
1897 424 2067 479 philoso-

675 494 780 548 phia,
802 509 920 548 quam
940 495 1001 540 iis,
1036 495 1103 547 qui
1124 495 1236 533 rebus
1257 493 1418 532 infinitis
1439 494 1603 532 modum
1622 493 1868 538 constituant,
1891 493 1933 530 in
1953 505 2070 544 reque

675 573 720 598 eo
740 561 911 605 meliore,
933 573 1011 613 quo
1031 560 1152 611 major
1171 560 1228 604 sit,
1259 559 1565 598 mediocritatem
1596 558 1817 596 desiderent.
1849 558 1934 596 Sive
1962 557 2070 595 enim

675 626 722 663 ad
742 625 964 678 sapientiam
985 624 1171 677 perveniri
1191 623 1336 677 potest5
1369 637 1446 662 non
1466 623 1629 676 paranda
1651 624 1761 662 nobis
1782 623 1905 661 solum
1925 636 1982 667 ea,
2007 621 2070 659 sed

676 689 837 729 fruenda
866 692 995 735 etiam,
1028 689 1208 742 sapientia
1234 689 1313 728 est:
1346 689 1418 727 five
1447 688 1523 727 hoc
1553 689 1712 727 difficile
1740 689 1817 734 est5
1849 698 1978 727 tamen
1998 700 2069 725 nec

677 757 816 794 modus
837 756 890 794 est
908 756 1010 794 ullus
1036 755 1287 807 investigandi
1307 754 1399 798 veri,
1421 754 1488 792 nifi
1509 753 1714 792 inveneris:
1737 763 1774 791 et
1789 753 1982 806 quaerendi
2001 754 2070 791 de-

676 821 851 874 fatigatio
885 822 1006 874 turpis
1036 820 1102 865 est,
1129 833 1220 858 cum
1241 820 1295 864 id,
1317 819 1423 871 quod
1443 819 1638 871 quaeritur,
1670 819 1713 856 fit
1745 817 2069 871 pulcherrimum.

677 889 836 926 Etenim
857 888 882 926 si
900 887 1145 931 delectamur,
1165 899 1258 924 cum
1278 885 1479 923 scribimus
1494 903 1506 930 5
1538 885 1624 937 quis
1643 884 1696 923 est
1716 893 1795 922 tam
1813 885 1981 929 invidus,
2002 884 2072 937 qui

677 954 724 992 ab
752 967 798 992 eo
816 967 886 992 nos
915 951 1106 991 abducat?
1136 951 1190 990 fin
1210 951 1426 990 laboramus
1441 969 1453 996 5
1485 950 1572 1003 quis
1598 950 1651 988 est
1671 951 1738 1002 qui
1758 951 1889 989 alienae
1908 950 2071 989 modum

676 1019 813 1058 statuat
832 1018 1052 1057 industriae?
1084 1017 1205 1062 Nam,
1237 1027 1280 1055 ut
1300 1017 1554 1055 Terentianus
1575 1014 1762 1055 Chremes
1790 1029 1867 1055 non
1886 1014 2073 1055 inhuma-

678 1099 764 1131 nus,
785 1085 853 1138 qui
873 1098 1018 1124 novum
1038 1084 1211 1122 vicinum
1231 1097 1308 1122 non
1328 1083 1411 1121 vult

815 1154 851 1192 F
851 1152 962 1197 odere,
983 1161 1051 1191 aut
1068 1165 1191 1196 arare,
1221 1160 1288 1189 aut
1306 1151 1444 1204 aliquid
1441 1151 1553 1203 firre
1572 1149 1740 1203 denique:

678 1233 756 1257 non
776 1219 881 1256 enim
901 1218 1016 1256 illum
1031 1218 1078 1256 ab
1097 1216 1294 1262 industria,
1311 1215 1372 1255 sed
1392 1218 1438 1256 ab
1458 1216 1636 1255 illiberali
1651 1218 1793 1262 labore,
1815 1217 1978 1255 deterret
1989 1235 2000 1263 5
2024 1215 2075 1254 fic

679 1284 736 1322 isti
757 1283 906 1327 curiosi,
923 1295 1018 1334 quos
1039 1281 1201 1320 offendit
1221 1281 1344 1319 noster
1363 1282 1528 1320 minime
1547 1281 1658 1320 nobis
1682 1282 1915 1334 injucundus
1936 1282 2057 1321 labor.

734 1350 786 1388 11.
818 1349 895 1386 His
925 1347 1044 1399 igitur
1071 1347 1124 1385 est
1154 1346 1351 1384 difficilius
1382 1345 1606 1391 satisfacere,
1628 1347 1696 1399 qui
1721 1347 1757 1385 se
1778 1347 1916 1385 Latina
1934 1347 2075 1400 scripta

678 1415 815 1453 dicunt
833 1423 1092 1452 contemnere.
1124 1413 1169 1451 In
1191 1413 1333 1465 quibus
1353 1411 1428 1451 hoc
1448 1412 1624 1465 primum
1644 1412 1711 1458 est,
1733 1412 1773 1451 in
1793 1418 1873 1465 quo
1891 1412 2071 1459 admirer,

677 1495 745 1519 cur
777 1481 817 1518 in
851 1478 1076 1532 graviflimis
1110 1478 1222 1517 rebus
1252 1491 1330 1517 non
1350 1478 1511 1517 delectet
1539 1491 1602 1517 eos
1632 1479 1776 1531 patrius
1807 1479 1944 1524 sermo,
1978 1492 2073 1518 cum

678 1547 796 1585 iidem
830 1544 987 1584 fabellas
1022 1544 1197 1588 Latinas,
1231 1545 1277 1582 ad
1307 1544 1469 1582 verbum
1503 1544 1549 1583 de
1583 1544 1729 1583 Graecis
1756 1545 1937 1597 expressas
1951 1573 1962 1590 ‚
1994 1559 2072 1584 non

678 1612 791 1650 inviti
810 1611 951 1664 legant.
975 1610 1074 1661 Qis
1094 1609 1202 1648 enim
1222 1619 1301 1647 tam
1320 1609 1504 1648 inimicus
1525 1623 1621 1663 pene
1643 1611 1794 1648 nomini
1810 1611 1990 1649 Romano
2004 1611 2072 1657 est,

677 1678 746 1731 qui
766 1676 885 1716 Ennii
907 1675 1104 1720 Medeam,
1136 1684 1202 1712 aut
1222 1676 1433 1728 Antiopam
1454 1675 1611 1714 Pacuvii
1632 1675 1781 1728 spernat
1811 1685 1875 1713 aut
1895 1676 2039 1728 rejiciat
2057 1676 2072 1713 ?

677 1743 801 1796 quise
833 1741 967 1780 iisdem
1002 1740 1200 1794 Euripidis
1229 1739 1370 1779 fabulis
1404 1740 1579 1779 dele-stari
1612 1740 1729 1785 dicat,
1759 1741 1915 1780 Latinas
1945 1742 2072 1780 literas

677 1808 830 1847 oderit?
861 1805 1106 1859 Synephebos
1140 1819 1224 1859 ego,
1255 1806 1396 1858 inquit,
1427 1807 1554 1859 potius
1589 1806 1752 1852 Caecilii,
1783 1816 1849 1845 aut
1883 1807 2073 1847 Andriam

677 1873 868 1918 Terentii,
903 1885 1019 1924 quam
1043 1881 1246 1924 utramque
1267 1872 1474 1910 Menandri
1495 1872 1652 1925 legam?
1684 1875 1720 1911 A
1746 1873 1888 1925 quibus
1919 1882 2073 1912 tantum

678 1940 866 1984 diffentio,
898 1947 954 1982 ut,
976 1950 1068 1976 cum
1091 1936 1298 1989 Sophocles
1328 1938 1386 1975 vel
1409 1938 1556 1990 optime
1575 1937 1760 1990 scripserit
1782 1939 1990 1984 Electram,
2013 1948 2072 1978 ta-

679 2020 769 2045 men
790 2005 888 2044 male
905 2003 1122 2042 conversam
1144 2003 1274 2041 Attilii
1296 2002 1395 2042 mihi
1416 2003 1615 2058 legendam
1637 2013 1785 2057 putem.
1819 2005 1880 2043 De
1900 2018 1979 2058 quo
2000 2006 2073 2044 Li-

679 2072 818 2117 einins,

816 2136 1211 2189 Ferreumst·r1ptorcm
1223 2151 1236 2173 .·
1261 2150 1401 2180 verum,
1422 2136 1557 2189 opinor,
1565 2136 1782 2190 striptorem
1801 2146 1934 2181 tamen,

680 2209 723 2237 ut
743 2198 925 2251 legendus
958 2197 1013 2235 sit.
1048 2197 1202 2235 Rudem
1231 2197 1336 2235 enim
1356 2197 1426 2235 effe
1445 2198 1606 2238 omnino
1627 2199 1665 2236 in
1685 2198 1818 2236 nostris
1841 2199 1976 2251 poetis,
2008 2208 2073 2237 aut

678 2263 909 2302 inertiffimae
930 2263 1097 2314 segnitiae
1127 2262 1192 2306 cst,
1223 2272 1287 2300 aut
1318 2261 1456 2301 fastidii
1476 2263 1742 2302 delicatissimi.
1776 2263 1881 2302 Mihi
1912 2264 2073 2317 quidem

680 2330 776 2368 nulli
798 2330 882 2368 satis
902 2329 1040 2367 eruditi
1062 2329 1251 2373 videntur,
1268 2330 1410 2381 quibus
1433 2329 1555 2368 nostra
1575 2330 1705 2382 ignota
1723 2329 1822 2369 sunt.
1855 2333 1934 2376 An,

818 2395 964 2434 Utinam
983 2409 1025 2433 ne
1044 2394 1080 2432 in
1100 2408 1235 2433 tumore
1257 2423 1264 2432 .
1291 2423 1300 2432 .
1325 2424 1334 2433 .
1360 2423 1368 2432 .

682 2461 804 2499 nihilo
826 2462 954 2499 minus
975 2460 1154 2513 legimus,
1174 2474 1291 2513 quam
1313 2459 1387 2499 hoc
1419 2461 1520 2499 idem
1543 2461 1724 2500 Graecum
1744 2477 1752 2500 :
1774 2475 1858 2514 quae
1878 2471 2004 2500 autem
2025 2462 2072 2500 de

682 2528 775 2564 bene
797 2527 980 2579 beateque
1016 2525 1179 2564 vivendo
1210 2540 1230 2564 a
1252 2526 1409 2565 Platone
1443 2526 1629 2579 disputata
1663 2527 1763 2573 sunt,
1791 2526 1872 2566 haec
1892 2527 2071 2580 explicari

683 2607 757 2632 non
779 2593 943 2645 placebit
965 2592 1100 2631 Latine
1119 2593 1131 2629 ?
