2330 2983
520 241 598 293 468
778 239 873 279 DE
930 235 1257 278 NATURA
1312 235 1651 276 DEORUM

655 338 743 377 Hac
746 334 875 388 fidunt
891 333 978 374 duce
994 336 1170 373 noeturna
1189 333 1373 373 Phaenices
1391 334 1428 373 in
1447 335 1535 374 alto.

655 401 728 441 Sed
733 401 842 454 prior
860 400 922 440 illa
939 400 1053 453 magis
1057 399 1170 453 stellis
1187 399 1348 453 dssinb‘z‘a
1367 400 1536 454 refulget,

655 469 711 507 Et
730 468 802 506 late
813 467 939 520 prime}¹
955 466 1127 521 confestim
1141 481 1164 506 a
1178 469 1276 506 none
1288 466 1449 506 videtur.

657 534 753 572 Haec
771 547 858 572 vero
868 542 998 586 parva
1015 532 1060 586 ‘st
1071 548 1085 572 :
1102 532 1174 588 fid
1186 533 1308 573 nautis
1327 535 1407 587 usus
1425 534 1462 572 in
1481 533 1549 572 hac
1567 532 1626 588 est.

656 600 758 639 Nam
775 600 881 653 curfic
899 599 1068 638 interiore
1085 599 1193 639 brevi
1207 600 1435 639 convertitur
1452 599 1547 639 orbe.

575 665 707 705 XLII.
739 665 792 703 Et
812 678 890 718 quo
908 665 954 703 fit
972 678 1103 704 earum
1123 665 1318 705 stellarum
1337 665 1599 704 admirabilior
1617 663 1801 719 aspefiffls,

658 733 742 771 Has
761 732 871 776 inter,
900 731 1019 771 veluti
1032 731 1157 785 rapido
1175 746 1254 771 cum
1267 733 1416 785 gurgite
1420 733 1572 786 flumen,

659 794 798 836 ‘Torva’
818 798 948 837 Draco
952 797 1075 851 serpit
1078 797 1226 851 fiebter,
1241 799 1429 851 sttpraque
1446 797 1633 837 revolvens

659 863 748 916 Sese,
769 863 1012 917 conficiensque
1013 863 1122 915 finus
1138 877 1157 903 e
1172 873 1318 917 corpore
1321 865 1449 918 flexos.

522 927 619 981 Ejus
639 942 732 967 cum
763 929 882 968 totius
903 929 958 967 est
985 930 1163 983 praeclara
1192 929 1348 984 species,
1377 931 1419 969 in
1450 929 1586 984 primis
1611 928 1847 984 suspicienda
1864 927 1921 967 est

521 994 642 1049 figura
660 995 811 1049 capitis,
832 1003 948 1048 atque
965 995 1075 1035 ardor
1092 995 1312 1036 oculorum.

658 1061 760 1100 Huic
777 1075 846 1099 non
865 1075 938 1100 una
955 1061 1050 1101 modo
1067 1071 1178 1116 caput
1195 1077 1328 1102 ornans
1332 1061 1441 1116 stella
1456 1063 1603 1108 relucet,

659 1129 792 1166 Verum
810 1135 971 1180 tempora
973 1129 1072 1182 sunt
1088 1128 1223 1182 duplici
1221 1129 1374 1182 fulgore
1392 1138 1533 1174 notata,

659 1193 696 1231 E
715 1191 940 1247 trucibusque
957 1193 1063 1232 oculis
1080 1192 1146 1233 duo
1149 1193 1309 1248 jer-vida
1325 1194 1460 1233 lumina
1464 1195 1652 1248 flagrant,

657 1260 786 1311 Atque
802 1272 870 1297 uno
887 1267 1043 1297 mentum
1061 1258 1228 1298 radianti
1226 1259 1348 1311 fidere
1363 1260 1458 1299 lucet
1468 1276 1483 1299 .·

658 1322 841 1376 ObstrPum
858 1331 982 1377 caput,
1002 1332 1040 1363 et
1056 1324 1169 1364 tereti
1181 1324 1321 1364 cervice
1337 1325 1516 1379 reflexum.

660 1389 839 1428 Obtutum
857 1389 894 1428 in
913 1389 1028 1430 cauda
1044 1390 1310 1445 mty‘orisfigere
1327 1391 1437 1430 dicas.

524 1455 578 1497 Et
596 1455 790 1508 reliquum
810 1453 977 1507 quidem
991 1467 1130 1510 corpus
1149 1455 1324 1495 draconis
1345 1457 1436 1495 totis
1457 1455 1634 1495 noffibus
1654 1454 1863 1494 cernimus.

660 1523 742 1560 Hoc
760 1529 872 1574 caput
889 1520 948 1561 hic
959 1522 1111 1575 paulum
1113 1524 1203 1577 stst²
1209 1523 1403 1578 stabitoque
1419 1522 1590 1567 recondit,

661 1587 780 1625 Ortus
799 1586 872 1631 ubi,
893 1596 1000 1640 atque
1018 1588 1133 1626 obitus
1143 1598 1259 1640 parte
1274 1589 1512 1640 admiscentur
1531 1589 1570 1626 in
1587 1602 1675 1627 una.

524 1655 570 1694 1·d
588 1662 717 1692 autem
736 1661 867 1704 caput,
1065 1692 1067 1694 ,

660 1718 860 1769 Attingens
879 1716 1001 1770 deftffi
1019 1718 1121 1757 velut
1139 1718 1319 1756 maerentis
1337 1718 1450 1771 imago

665 1782 846 1827 Vertitur,

525 1863 641 1905 quam
662 1848 822 1902 quidem
842 1847 971 1886 Graeci

663 1914 865 1966 Engonqfi'n
882 1913 1060 1959 vocitant,
1086 1914 1236 1966 genibus
1253 1915 1338 1969 quia
1355 1914 1618 1968 nixaferatur.

665 1980 740 2019 Hic
759 1979 819 2017 illa
838 1979 960 2017 eximio
971 1980 1087 2032 pqfita
1106 1980 1306 2034 (fisiclgore
1323 1997 1464 2021 corona.

529 2049 659 2100 Atque
678 2044 758 2083 haec
779 2043 941 2096 quidem
960 2057 980 2081 a
1000 2053 1107 2097 tergo
1124 2060 1132 2082 :
1165 2056 1321 2099 propter
1339 2057 1455 2099 caput
1474 2056 1602 2085 autem
1623 2047 1889 2100 Anguitenens

664 2112 775 2162 Qtem
793 2110 890 2148 claro
902 2110 1093 2163 perhibent
1113 2111 1339 2164 Ophiuchum
1358 2113 1493 2151 nomine
1512 2113 1634 2152 Graii.

665 2177 741 2215 Hic
752 2175 869 2229 preffic
885 2175 1018 2228 duplici
1027 2177 1232 2230 palmarum
1250 2179 1404 2217 continet
1428 2193 1592 2232 anguem,

663 2243 754 2293 Ejus
773 2250 807 2280 et
827 2241 895 2294 ipse
912 2251 1030 2280 manet
1047 2243 1219 2296 religatus
1237 2253 1382 2298 corpore
1399 2254 1470 2283 toto
1485 2260 1500 2283 :

665 2308 832 2361 Namque
850 2308 972 2346 virum
992 2308 1137 2348 medium
1142 2313 1290 2363 firpcns
1295 2311 1370 2365 staeb
1381 2314 1530 2364 pectora
1548 2311 1674 2365 cingit.

666 2373 730 2412 Ille
747 2382 864 2412 tamen
883 2374 999 2412 nitens
1013 2376 1188 2427 graviter
1207 2377 1353 2430 vstigia
1365 2377 1483 2430 ponit,

666 2441 791 2491 Atque
809 2440 919 2478 oculos
938 2450 1043 2493 urget
1056 2440 1215 2493 pedibus,
1241 2444 1427 2495 pactusque
1446 2443 1578 2495 Nepai.

533 2505 684 2555 Septem
708 2505 847 2543 triones
868 2514 996 2544 autem
1021 2505 1187 2558 sequitur

669 2571 927 2625 Arc‘hplylax,
947 2573 1054 2627 vulgo
1074 2573 1136 2626 qui
1150 2573 1282 2614 :licitur
1297 2573 1355 2627 ‘ff'
1374 2575 1495 2613 Bootes
1509 2589 1522 2612 :
