2330 2983
653 232 942 285 VARIAE
1027 253 1590 321 LECTIONES.

387 360 445 391 4²9
469 365 502 394 13
527 365 556 388 tu
572 360 706 397 Eotum

469 405 505 433 14
527 406 584 429 tum
601 404 622 432 E
638 413 722 437 tamen

469 444 503 473 ¹9
525 448 591 469 num
608 442 635 478 ψ
648 457 714 476 nune

463 483 496 503 21
521 486 548 506 et
564 481 586 508 E
602 484 630 511 d.

457 527 499 536 —
517 521 646 555 reperitis
659 525 682 553 E
696 533 822 564 reperieris

458 563 473 581 2
482 564 496 582 2
519 559 634 590 vacillat
648 564 669 592 Ε
684 569 811 598 vaca'llat

455 601 490 630 23
512 605 597 632 quam
612 602 635 630 E
649 605 676 630 A.

453 640 489 670 ²5
512 635 602 666 forma
616 641 728 679 dsfanm

451 680 487 707 27
509 673 680 717 Pythagorei
695 685 722 712 0
738 686 906 729 Pythagorici

448 712 485 739 28
508 713 643 756 Cercopis
671 723 694 752 Ε
710 725 735 759 ψ
758 728 878 760 Cerdonis
903 734 931 762 Ο
950 735 1076 769 Ciceronis

553 755 583 784 U
596 762 686 789 Cernis

443 803 484 812 —
504 791 532 821 Id
548 795 586 823 est
600 798 628 826 Ο
640 805 688 838 qui

444 839 480 867 29
501 835 578 869 quod
591 852 672 863 —
686 842 764 881 Qid
780 847 804 876 E
817 851 845 880 d.

442 878 475 905 3¹
499 880 653 908 potuerunt
666 881 689 910 E
699 891 835 920 potuerant

440 917 474 946 33
498 911 659 947 collibitum
674 922 699 954 ψ
712 928 780 962 quod
785 927 887 960 libitum

355 952 416 982 430
460 957 470 976 1
496 959 589 1022 aAuteEm
606 957 628 985 E
641 963 720 991 eriam

430 997 471 1051 —31
491 997 613 1063 lictentess
623 1000 790 1073 &dlicentiam

450 1075 468 1103 7
489 1068 585 1109 inquis
600 1075 624 1104 E
639 1077 670 1106 U
682 1082 710 1110 d.

445 1117 464 1145 9
484 1111 713 1148 aequilibritatem
742 1123 766 1151 E
787 1127 1002 1163 aequilibertatem
1026 1136 1057 1164 U

522 1154 688 1189 aequiln'bratn
701 1159 848 1194 libertatem

426 1192 438 1211 1
446 1194 460 1212 2
484 1188 631 1222 nascantur
643 1196 667 1225 E
678 1202 818 1236 nascuntur

420 1237 460 1245 —
481 1234 509 1255 et
523 1229 546 1256 E
563 1232 592 1260 U
606 1235 630 1268 ψ
644 1238 672 1264 d.

425 1271 460 1298 ¹4
482 1265 527 1295 sed
543 1269 606 1308 *daſs

415 1316 456 1324 —
477 1303 539 1335 istos
553 1311 578 1343 ψ
591 1313 649 1348 istos
661 1317 704 1352 effi

421 1351 430 1368 1
440 1353 454 1380 ς
477 1344 633 1380 individuis
648 1354 671 1382 E
687 1357 715 1384 O
727 1357 756 1386 U
770 1359 797 1394 ψ
811 1363 914 1393 divinis

420 1382 455 1409 16
476 1393 540 1421 quae
553 1391 631 1420 nulla
646 1393 708 1425 sunt
720 1397 743 1425 E
759 1399 787 1427 0
805 1401 832 1430 U
847 1403 911 1438 ψᾶ.

417 1429 426 1447 1
436 1423 452 1449 8
473 1434 528 1453 non
543 1429 568 1462 ψ
580 1433 606 1458 d.

410 1474 451 1483 —
470 1465 578 1500 possent
591 1471 614 1498 E
622 1474 712 1510 poffine
725 1475 752 1511 ψ
763 1480 791 1508 d.

407 1515 449 1523 —·
468 1503 564 1535 Deum
583 1509 607 1538 E
622 1511 704 1543 Deum
717 1517 760 1553 affl

407 1550 440 1568 21
466 1551 495 1571 et
510 1546 533 1573 E
548 1549 574 1576 d.

406 1589 442 1617 ²3
465 1585 545 1614 nullo
558 1602 638 1613 —
648 1591 788 1626 bonorum
802 1599 827 1633 ψ
844 1602 868 1629 α’.

404 1619 442 1647 26
466 1622 560 1655 Vellei
574 1628 598 1656 E
613 1631 681 1661 velle

402 1667 438 1695 ²7
460 1663 631 1702 reliquorum
648 1670 676 1706 ψ
687 1673 833 1712 aliquorum

398 1712 437 1720 —
458 1710 554 1732 earum
570 1708 599 1735 O
612 1709 642 1738 U
657 1710 685 1746 ψ
695 1717 829 1746 earundem

394 1750 436 1760 —
455 1739 573 1779 Epicuri
588 1747 612 1776 E
627 1750 749 1788 Epicurei

398 1779 434 1806 28
457 1790 492 1808 ne
507 1783 530 1810 E
543 1787 571 1813 d.

394 1824 432 1852 30
453 1828 550 1850 omnes
565 1825 588 1852 E
602 1831 695 1856 omnis'

393 1864 426 1892 3¹
451 1868 499 1889 aut
513 1861 614 1894 florum
630 1868 659 1896 U
673 1873 796 1908 cistarum

388 1904 424 1932 33
448 1899 489 1928 At
503 1900 526 1929 E
540 1903 565 1937 ψ
579 1913 609 1933 ut

389 1943 429 1971 34
446 1938 626 1975 juventatem
642 1947 672 1977 U
686 1949 857 1986 Juventutem

305 1979 359 2008 4³¹
406 1984 425 2011 4
447 1978 486 2007 At
501 1980 528 2008 Ο
542 1983 587 2010 Ad

383 2027 424 2037 —-·
442 2017 561 2050 leviores
576 2024 599 2051 E
613 2024 721 2059 levioris

381 2068 420 2075 —
440 2058 544 2094 quibus
556 2076 636 2087 ——
651 2069 811 2107 voluptates
827 2077 854 2104 Ο
869 2079 896 2107 d.

401 2103 417 2130 ς
440 2097 591 2129 adhibetur
605 2103 628 2132 E
643 2107 796 2140 adhibemur

399 2133 417 2159 6
437 2136 522 2166 etiam
538 2141 561 2168 E
578 2141 608 2170 U
620 2149 686 2174 enim

396 2181 414 2209 9
437 2174 576 2213 sapientiae
592 2180 769 2222 *Jaefhpieneior

380 2220 414 2239 ιο
434 2213 643 2253 impudentiora
659 2225 682 2253 E
698 2229 880 2265 impudentiam
894 2240 936 2276 effi

377 2259 386 2277 1
396 2259 408 2279 1
433 2252 544 2286 dubitet
558 2259 582 2287 E
596 2262 698 2294 dubunt

376 2298 410 2326 ¹7
432 2294 471 2322 At
496 2296 518 2324 P,
534 2298 562 2326 Ο
574 2301 605 2328 A

369 2343 408 2350 —
429 2333 517 2363 Satin’
531 2339 568 2366 est
583 2341 608 2374 ψ
622 2343 670 2371 Sat
684 2347 747 2385 inss

368 2383 408 2390 —
427 2371 458 2400 id
474 2374 502 2402 U
517 2378 544 2406 d.

371 2411 404 2437 18
426 2412 526 2444 affidue
542 2419 564 2446 E
579 2421 705 2458 affiduum

363 2448 450 2480 Tou.
472 2453 511 2484 Π.

1143 363 1196 430 Ξμ
1226 405 1261 433 19
1283 402 1357 431 enim
1373 404 1439 439 abd.

1216 449 1258 458 —-
1277 439 1492 479 Comprehende
1509 451 1530 479 E
1546 457 1754 494 Comprehendere

1218 484 1250 503 21
1277 481 1393 515 pulchre
1407 486 1430 514 E
1447 486 1590 526 Upulchro

1217 523 1253 543 22
1275 527 1330 547 non
1346 530 1474 554 vereatur
1487 530 1514 557 O
1530 532 1559 560 U
1573 533 1600 569 ψ
1613 538 1733 568 videatur

1214 567 1253 576 —
1273 566 1310 584 ne
1323 559 1442 592 intereat
1456 567 1479 594 E
1495 569 1522 596 O
1538 572 1567 600 U
1583 573 1608 607 ψ
1623 579 1650 604 d.

1214 602 1248 631 23
1272 595 1427 631 incurfione
1453 606 1482 633 O
1504 612 1647 650 impulsione
1673 619 1697 651 ψ
1717 623 1839 661 incraffiz-

1309 645 1375 668 tlon?

1210 681 1246 708 ²4
1267 674 1434 714 sempiterna
1448 683 1470 711 E
1489 689 1624 727 incursione
1626 694 1783 734 sempiterna

1207 720 1243 748 27
1267 714 1477 752 Coruncanium
1492 725 1515 754 E
1532 729 1735 766 Corruncanium

1205 753 1242 780 28
1263 754 1418 788 Scaevolam
1433 762 1456 790 E
1472 764 1506 793 Ρ.
1523 767 1686 804 Scevolanum

1204 800 1242 827 30
1263 795 1418 828 rationibus
1431 800 1458 837 ψ
1471 809 1571 838 ratione

1201 840 1233 866 3¹
1259 837 1390 866 everterit
1407 839 1435 868 U
1449 849 1546 875 evertit

1200 879 1236 906 32
1260 872 1311 902 Dii
1325 876 1348 904 E
1365 877 1392 905 Ο
1405 882 1447 909 dei

1197 918 1236 946 34
1258 913 1298 941 At
1312 915 1335 942 E
1350 917 1394 945 Ad

1198 958 1211 985 3
1218 960 1232 987 5
1255 952 1356 983 elicere
1371 955 1398 992 ψ
1410 961 1498 991 ducere

1113 993 1170 1021 43²
1217 999 1227 1017 1
1254 993 1398 1031 voluptate
1412 999 1435 1027 Ε
1449 1003 1584 1035 voluntate

1212 1038 1226 1066 3
1251 1032 1330 1068 cujus
1346 1035 1368 1063 E
1380 1042 1423 1066 cui

1211 1079 1226 1103 7
1249 1069 1311 1100 sunt
1324 1073 1347 1102 E
1352 1077 1408 1111 finr

1210 1111 1226 1137 8
1249 1109 1282 1137 iis
1301 1112 1323 1139 E
1338 1115 1378 1142 his

1189 1157 1218 1175 11
1245 1149 1358 1180 liberari
1374 1155 1396 1182 E
1412 1157 1439 1184 O
1456 1159 1484 1187 U
1498 1160 1609 1194 liberare

1187 1195 1223 1223 ¹4
1243 1187 1358 1226 liquerit
1373 1195 1400 1221 O
1412 1195 1518 1228 libuerit

1185 1227 1220 1254 16
1242 1226 1366 1260 Deorum
1383 1233 1407 1261 E
1421 1237 1450 1264 d.

1181 1275 1219 1303 24
1239 1265 1325 1297 fortes
1341 1271 1363 1298 E
1367 1276 1454 1310 firris

1178 1320 1218 1326 —
1237 1314 1366 1341 potentes
1384 1313 1407 1340 E
1417 1322 1529 1351 potentis

1175 1359 1215 1366 —
1236 1347 1294 1380 post
1310 1347 1337 1383 ψ
1346 1355 1430 1386 primo

1175 1394 1211 1421 ²7
1234 1384 1430 1424 interpretatus
1446 1395 1468 1423 E
1483 1398 1664 1438 interpretatu-r
1676 1410 1710 1444 est

1172 1432 1211 1460 30
1231 1424 1342 1455 videtur
1360 1431 1382 1458 E
1397 1435 1523 1464 videatur

1171 1473 1204 1500 3¹
1230 1463 1388 1498 Eleufinam
1402 1472 1425 1500 E
1440 1473 1470 1502 U
1483 1478 1620 1513 Eleusinem

1167 1512 1205 1540 32
1226 1511 1337 1535 orarum
1351 1509 1375 1537 E
1389 1520 1412 1539 et
1426 1513 1547 1547 horarum

1167 1552 1204 1580 35-
1226 1541 1345 1580 saepibus
1361 1549 1384 1577 E
1399 1556 1523 1589 vepribus

1083 1588 1140 1617 433
1158 1598 1161 1599 ν
1184 1583 1203 1610 6
1226 1583 1397 1618 univerfitati
1418 1591 1443 1619 E
1457 1597 1486 1624 in
1505 1600 1675 1637 unt‘verfitate
1689 1603 1718 1633 U
1731 1610 1791 1636 uni-

1261 1627 1388 1662 versitate

1158 1674 1199 1682 —
1219 1665 1382 1703 mentesque
1395 1670 1418 1698 E
1433 1682 1524 1704 mente:

1160 1708 1196 1728 10
1215 1701 1307 1737 patrii
1327 1705 1350 1732 E
1370 1706 1398 1735 U
1407 1715 1494 1746 paria

1158 1748 1188 1768 11
1214 1738 1382 1774 Democrito
1401 1748 1431 1777 U
1444 1752 1585 1785 Democriti

1156 1781 1191 1808 18
1211 1780 1248 1807 est
1263 1781 1285 1809 E
1303 1783 1330 1811 Ο
1345 1785 1375 1814 U
1387 1788 1416 1817 d.

1152 1827 1187 1847 22
1210 1827 1226 1846 a
1240 1819 1306 1849 Diis
1321 1823 1344 1852 E
1359 1826 1386 1855 d.

1147 1871 1188 1880 —
1207 1857 1259 1887 Dii
1275 1861 1297 1888 E
1315 1861 1343 1890 U
1355 1866 1396 1894 dei

1148 1906 1184 1934 27
1205 1897 1234 1925 in
1249 1898 1318 1929 imbz
1328 1903 1447 1936 ciuitate
1461 1910 1488 1947 ψ
1500 1915 1697 1953 ίηιὸιείΙΙίιαειηι

1145 1946 1178 1973 3¹
1204 1947 1287 1974 quam
1306 1941 1332 1976 ψ
1346 1955 1416 1982 quem

1142 1985 1157 2013 3
1164 1986 1178 2014 3
1202 1976 1347 2017 diligimus
1361 1985 1384 2013 E
1397 1985 1530 2027 diligemus

1142 2025 1177 2054 35
1200 2016 1240 2045 eis
1256 2020 1278 2047 E
1295 2021 1322 2048 O
1337 2023 1379 2052 his

1059 2061 1118 2091 434
1164 2066 1172 2084 ι
1199 2057 1277 2086 nulla
1292 2060 1314 2088 E
1331 2063 1358 2090 Ο
1374 2063 1403 2093 U
1417 2065 1484 2102 ψίη
1497 2071 1571 2102 nulla

1158 2105 1176 2132 4
1199 2095 1263 2125 Diis
1287 2099 1310 2127 Ε
1325 2103 1378 2131 deis

1155 2144 1171 2172 ς
1194 2145 1329 2168 vovemus
1344 2142 1369 2177 ψ
1383 2154 1493 2178 vocemus

1136 2182 1171 2201 10
1194 2175 1354 2209 Posidonius
1369 2183 1391 2211 E
1410 2186 1438 2214 U
1452 2189 1606 2225 Pffdonins

1135 2221 1144 2240 1
1153 2223 1168 2249 3
1191 2214 1354 2248 homunculi
1367 2223 1392 2255 ψ
1406 2225 1560 2260 homunculi!

1133 2254 1168 2280 16
1190 2256 1331 2291 quendam
1345 2261 1366 2288 E
1380 2265 1476 2300 quidem

1125 2305 1166 2314 —
1187 2301 1272 2331 atque
1288 2297 1309 2324 E
1325 2310 1357 2327 ac

1126 2341 1158 2359 21
1184 2333 1275 2362 dicam
1294 2337 1315 2363 E
1329 2340 1400 2368 dicas

1122 2386 1162 2393 —
1181 2373 1257 2402 enim
1277 2374 1299 2402 E
1313 2380 1392 2408 etiam

1123 2420 1158 2439 22
1180 2412 1208 2440 in
1225 2413 1247 2440 Ε
1262 2417 1288 2442 d.

1118 2465 1160 2473 —
1180 2460 1208 2480 et
1224 2454 1250 2480 O
1266 2456 1292 2481 A.

1238 2493 1266 2520 N
1283 2503 1300 2522 n
1318 2505 1334 2524 n
1351 2507 1367 2525 n
