2330 2983
633 253 708 306 258
939 251 1707 293 TUSCULANARUM

630 351 689 388 vel
729 351 769 388 in
799 350 993 402 republica
1021 348 1197 388 violanda
1225 349 1373 390 fraudes
1400 351 1647 405 inexpiabiles
1672 349 1940 404 coneepifl‘ent,
1970 350 2016 389 iis

631 416 786 454 devium
820 416 1014 468 quoddam
1047 418 1119 456 iter
1151 418 1234 462 effe,
1264 417 1448 456 seclusum
1472 431 1492 455 a
1511 418 1678 457 concilio
1697 419 1885 456 Deorum.
1935 417 2018 468 Qi

630 491 760 520 autem
780 482 815 520 se
845 483 1011 534 integros
1040 483 1231 536 castosque
1250 482 1498 528 servavissent,
1520 483 1733 536 quibusque
1751 482 1878 522 fuiffet
1896 482 2018 521 mini-

630 561 695 585 ma
713 561 804 586 cum
824 548 1047 601 corporibus
1067 550 1258 602 contagio,
1289 549 1436 602 seseque
1467 550 1513 588 ab
1534 549 1593 587 his
1614 549 1762 602 semper
1779 547 2016 592 sevocaffent,

630 613 823 666 effentque
843 614 883 651 in
911 614 1134 667 corporibus
1160 615 1341 653 humanis
1361 616 1478 653 vitam
1499 615 1641 653 imitati
1661 616 1834 653 Deorum
1849 632 1862 659 3
1892 612 1954 652 his
1971 613 2019 651 ad

631 679 733 724 illos,
768 692 789 716 a
814 679 955 732 quibus
974 679 1089 718 effent
1108 679 1282 733 profecti,
1312 681 1477 718 reditum
1510 679 1662 718 facilem
1689 690 1827 733 patere.
1886 679 2019 731 Itaque

632 754 926 789 commemorat,
970 754 1013 783 ut
1046 745 1178 798 cygnis
1223 746 1308 797 (qui
1340 759 1415 784 non
1449 746 1524 783 fine
1560 744 1668 783 causa
1695 745 1870 798 Apollini
1903 743 2018 782 dicati

631 809 732 854 sunt,
763 810 824 847 sed
845 810 948 862 quod
968 810 1014 848 ab
1044 824 1089 848 eo
1117 810 1392 848 divinationem
1421 809 1560 848 habere
1593 810 1805 854 videantur,
1835 822 1910 861 qua
1928 822 2018 861 pro-

630 875 800 913 videntes
830 875 924 927 quid
953 875 994 913 in
1027 883 1151 914 morte
1180 875 1272 913 boni
1303 875 1362 920 fit,
1391 889 1484 914 cum
1507 885 1621 913 cantu
1649 884 1688 914 et
1706 875 1902 928 voluptate
1931 887 2020 912 mo-

631 940 805 992 riantur)
837 940 886 978 fic
919 939 1102 978 omnibus
1131 949 1170 979 et
1198 940 1308 979 bonis
1339 949 1376 979 et
1405 941 1525 979 doctis
1558 939 1629 979 effe
1657 940 1891 979 faciendum.
1932 939 2020 978 Nec

631 1020 720 1045 vero
759 1007 806 1044 de
835 1006 911 1045 hoc
951 1007 1153 1059 quisquam
1195 1007 1367 1045 dubitare
1409 1007 1539 1060 posset,
1573 1007 1640 1045 nifi
1671 1007 1774 1046 idem
1807 1005 1918 1045 nobis
1955 1018 2020 1043 ac·

631 1072 787 1118 cideret‚
828 1073 1031 1126 diligenter
1069 1073 1115 1111 de
1147 1073 1278 1111 animo
1302 1073 1574 1126 cogitantibus,
1606 1073 1711 1126 quod
1746 1073 1794 1111 iis
1830 1072 1923 1125 faepe
1951 1071 2021 1109 usu

631 1139 750 1184 venit,
781 1140 851 1192 qui
883 1140 1018 1177 acriter
1048 1139 1170 1177 oculis
1189 1138 1431 1177 deficientem
1453 1139 1571 1177 solem
1603 1140 1855 1183 intuerentur,
1894 1146 1936 1176 ut
1961 1137 2019 1175 as-

631 1206 786 1256 pectum
817 1206 978 1243 omnino
1007 1205 1251 1242 amitterent:
1295 1205 1342 1242 fic
1374 1206 1515 1243 mentis
1548 1206 1645 1243 acies
1678 1204 1832 1257 seipsam
1866 1204 2019 1241 intuens

632 1282 908 1321 nonnunquam
942 1269 1139 1313 hebescit;
1170 1271 1221 1308 ob
1251 1283 1411 1322 eamque
1444 1271 1594 1308 causam
1621 1269 1906 1322 contemplandi
1927 1269 2019 1307 dili·

630 1336 800 1387 gentiam
821 1335 1050 1374 amittimus.
1102 1335 1235 1387 Itaque
1255 1336 1448 1380 dubitans,
1479 1335 1812 1388 circumspectans,
1832 1334 2020 1379 haefitans,

632 1401 756 1438 multa
774 1400 922 1439 adversa
951 1409 1152 1446 revertens,
1183 1410 1366 1454 tanquam
1387 1401 1475 1440 ratis
1505 1401 1546 1439 in
1576 1401 1671 1440 mari
1690 1399 1879 1439 immenso
1899 1399 2022 1438 nostra

630 1465 783 1504 vehitur
801 1467 934 1505 oratio.

686 1533 757 1570 Sed
777 1532 857 1571 haec
877 1542 913 1571 et
932 1543 1069 1579 vetera,
1099 1543 1137 1572 et
1166 1547 1187 1571 a
1215 1534 1373 1572 Graecis.
1434 1535 1532 1573 Cato
1551 1542 1678 1572 autem
1699 1533 1747 1572 sic
1766 1533 1861 1572 abiit
1880 1547 1899 1571 e
1926 1532 2016 1575 vita.

631 1607 674 1637 ut
694 1598 843 1637 causam
864 1600 1051 1638 moriendi
1072 1601 1228 1650 „nactum
1249 1600 1283 1638 se
1303 1600 1372 1637 esse
1393 1600 1583 1652 gauderet.
1632 1601 1744 1638 Vetat
1763 1600 1868 1638 enim
1888 1599 2017 1637 domi-

632 1677 723 1702 nans
744 1664 808 1702 ille
828 1665 868 1702 in
889 1666 999 1703 nobis
1021 1666 1141 1709 Deus,
1172 1664 1307 1717 injuss‘u
1328 1664 1420 1703 hinc
1451 1679 1518 1704 nos
1539 1664 1604 1702 suo
1631 1665 1854 1717 demigrare.
1914 1665 2019 1702 Cum

629 1746 716 1769 vero
746 1731 894 1769 causam
917 1730 1059 1783 justam
1095 1732 1200 1769 Deus
1221 1730 1474 1783 ipsedederit,
1517 1740 1559 1769 ut
1593 1740 1685 1768 tunc
1721 1731 1879 1774 Socrati,
1910 1744 2015 1769 nunc

631 1798 785 1843 Catoni,
808 1797 901 1850 saepe
922 1797 1083 1842 multis,
1114 1811 1171 1835 nae
1201 1796 1279 1841 ille,
1311 1797 1458 1835 medius
1478 1796 1606 1841 fidius,
1636 1797 1694 1834 vir
1724 1796 1881 1849 sapiens,
1912 1796 2018 1834 laetus

630 1877 676 1901 ex
696 1862 757 1901 his
778 1863 940 1901 tenebris
961 1863 1000 1899 in
1021 1861 1148 1900 lucem
1168 1861 1276 1900 illam
1296 1861 1501 1900 excesserit.
1551 1862 1591 1900 N
1595 1875 1638 1899 ec
1663 1870 1791 1900 tamen
1812 1860 1877 1899 illa
1895 1861 2022 1899 vincla

625 1929 783 1968 carceris
804 1929 945 1981 ruperit
960 1946 972 1972 ;
1005 1928 1127 1979 Leges
1147 1928 1252 1966 enim
1273 1937 1413 1966 vetant.
1446 1927 1516 1965 Sed
1536 1936 1719 1979 tanquam
1745 1941 1766 1964 a
1786 1927 2019 1980 magistratu,

630 2004 694 2032 aut
714 1994 760 2032 ab
780 1993 907 2045 aliqua
925 1992 1103 2045 potestate
1123 1992 1310 2044 legitima,
1332 1993 1381 2030 fic
1400 2006 1420 2030 a
1437 1994 1521 2031 Deo
1540 2002 1715 2030 evocatus
1735 2002 1848 2044 atque
1867 1992 2019 2031 emiss'us

629 2060 776 2098 exierit.
829 2056 921 2098 ‘Tota
950 2059 1039 2097 enim
1059 2058 1345 2112 Philqsophorum
1364 2059 1459 2103 vita,
1491 2067 1533 2095 ut
1554 2058 1605 2095 ait
1636 2058 1754 2102 idem,
1780 2059 2020 2097 commentatio

630 2126 754 2164 mortis
772 2124 829 2178 est.

686 2191 838 2229 XXXI.
870 2190 975 2228 Nam
1007 2189 1102 2242 quid
1122 2189 1224 2228 aliud
1254 2189 1418 2242 agimus,
1449 2202 1540 2227 cum
1571 2201 1591 2226 a
1611 2188 1819 2241 voluptate,
1847 2189 1885 2226 id
1905 2189 1970 2233 est,
2001 2203 2022 2227 a

631 2271 801 2310 corpore,
832 2269 923 2294 cum
955 2269 975 2292 a
1006 2269 1042 2293 rc
1064 2255 1256 2299 familiari,
1291 2269 1375 2308 quae
1394 2254 1446 2293 est
1473 2254 1642 2292 ministra
1661 2264 1698 2292 et
1718 2253 1862 2292 famula
1880 2268 2019 2307 corpo—

633 2324 696 2368 ris,
727 2337 818 2362 cum
839 2336 859 2360 a
879 2322 1086 2375 republica,
1117 2336 1208 2360 cum
1229 2335 1248 2359 a
1269 2322 1421 2374 negotio
1450 2322 1558 2360 omni
1580 2321 1794 2359 sevocamus
1816 2321 2019 2359 animum?

632 2389 754 2440 Qid‚
787 2389 959 2442 inquam,
991 2398 1074 2426 tum
1095 2388 1258 2440 agimus,
1295 2387 1361 2425 nist
1388 2387 1562 2425 animum
1594 2387 1637 2425 ad
1670 2386 1829 2440 seipsum
1860 2387 2020 2425 advoca-

633 2469 735 2499 mus,
767 2455 895 2493 sccum
928 2453 999 2493 esse
1029 2455 1220 2506 cogimus,
1252 2454 1494 2506 maximeque
1528 2467 1546 2490 a
1577 2467 1732 2506 corpore
1760 2452 2018 2491 abducimus?

633 2523 831 2559 Secernere
863 2530 991 2558 autem
1024 2533 1044 2557 a
1072 2532 1228 2573 corpore
1262 2520 1451 2563 animum,
1483 2532 1551 2557 nec
1586 2519 1798 2571 quidquam
1833 2517 1935 2555 aliud
1968 2518 2021 2555 est

632 2599 748 2637 quam
780 2586 898 2625 emori
929 2585 1082 2626 discere.
1141 2586 1269 2638 Qare
1303 2584 1376 2624 hoc
1406 2594 1730 2630 commentemur,
1762 2582 1862 2623 mihi
1894 2583 2018 2629 crede,
