2330 2983
627 255 903 296 LIBER
959 254 1319 295 PRIMUS.
1635 272 1684 313 93

291 354 664 410 temperantiamque
692 353 960 407 expetendam,
991 366 1069 392 non
1103 352 1194 406 quia
1222 353 1434 407 voluptates
1456 352 1593 407 fugiat,
1624 355 1688 395 sed

291 423 381 475 quia
401 422 559 473 majores
580 418 846 472 consequatur.

345 488 437 526 XV.
469 485 617 524 Eadem
635 484 875 524 fortitudinis
895 485 991 523 ratio
1011 485 1231 538 reperietur.
1250 486 1356 524 Nam
1373 499 1495 538 neque
1512 487 1687 527 laborum

290 551 520 605 perfunctio,
544 563 667 603 neque
687 549 871 603 perpeflio
889 550 1083 595 dolorum,
1104 563 1172 603 per
1190 549 1225 588 se
1245 550 1323 604 ipsa
1351 551 1472 589 allicit
1485 570 1496 596 ;
1529 566 1598 590 nec
1619 566 1687 605 pa-

290 617 436 662 tientia,
472 630 543 655 nec
576 614 817 660 affiduitates,
859 629 930 653 nec
964 615 1121 668 vigiliae,
1152 628 1222 653 nec
1243 629 1285 653 ea
1318 615 1409 669 ipsa,
1441 630 1526 668 quae
1555 616 1686 654 lauda-

290 692 366 728 tur,
398 681 594 726 industria,
625 694 672 719 ne
702 680 892 719 fortitudo
924 681 1107 734 quidem:
1139 680 1200 719 sed
1227 681 1292 719 ista
1312 682 1522 734 sequimur,
1549 691 1592 720 ut
1612 682 1688 720 fine

291 761 381 786 cura
401 756 584 800 metuque
603 746 776 785 vivamus
793 765 805 791 3
837 746 1090 799 animumque
1110 754 1148 784 et
1174 759 1326 799 corpus,
1347 755 1537 800 quantum
1557 747 1686 785 effice-

292 827 331 851 re
351 814 549 867 poflimus,
580 812 753 850 molestia
782 812 1002 851 liberemus.
1049 814 1107 851 Ut
1137 812 1242 850 enim
1263 813 1398 850 mortis
1424 811 1533 850 m‘etu
1558 814 1686 852 omnis

292 881 430 932 quietae
450 880 536 918 vitae
555 879 669 917 status
685 879 926 931 perturbatur
941 897 953 923 ς
975 887 1026 924 et,
1049 887 1092 917 ut
1107 878 1355 917 succumbere
1378 879 1587 924 doloribus,
1605 879 1687 917 eos-

292 959 367 998 que
387 944 530 983 humili
561 945 691 982 animo
711 943 987 996 imbecilloque
1007 943 1115 989 ferre,
1146 943 1329 982 miserum
1347 944 1400 982 est
1411 963 1424 989 ‚-
1454 944 1505 982 ob
1525 958 1689 997 eamque

291 1011 531 1049 debilitatem
552 1010 686 1054 animi,
716 1009 832 1048 multi
858 1018 1045 1062 parentes,
1076 1009 1192 1048 multi
1223 1010 1381 1054 amicos,
1412 1009 1590 1047 nonnulli
1619 1023 1689 1062 pa-

291 1078 418 1122 triam,
440 1077 614 1130 plerique
641 1084 769 1114 autem
789 1076 825 1113 se
844 1075 942 1128 ipsos
963 1076 1116 1128 penitus
1136 1075 1383 1128 perdiderunt
1398 1094 1409 1121 ς
1442 1076 1491 1113 fic
1512 1076 1687 1115 robustus

290 1143 440 1181 animus
461 1152 498 1180 et
517 1142 686 1180 excelsus
707 1142 816 1180 omni
835 1141 887 1179 est
907 1141 1005 1179 liber
1023 1154 1114 1178 cura
1132 1149 1170 1179 et
1184 1155 1338 1194 angore,
1355 1155 1448 1179 cum
1467 1151 1505 1180 et
1520 1150 1689 1180 mortem

292 1208 522 1252 contemnit,
553 1220 629 1259 qua
648 1207 715 1259 qui
749 1206 875 1245 affecti
907 1206 1007 1250 sunt,
1038 1206 1079 1243 in
1099 1206 1232 1244 eadem
1252 1206 1359 1244 causa
1385 1206 1485 1251 sunt,
1515 1219 1590 1258 qua
1619 1219 1688 1244 an-

290 1284 447 1327 tequam
468 1274 547 1311 nati
563 1292 575 1318 3
606 1282 643 1310 et
663 1273 709 1310 ad
729 1273 878 1310 dolores
899 1273 950 1310 ita
969 1281 1118 1325 paratus
1139 1272 1206 1317 est,
1237 1281 1280 1310 ut
1300 1273 1535 1317 meminerit,
1560 1273 1690 1310 maxi-

290 1352 376 1378 mos
397 1348 523 1377 morte
542 1338 657 1382 finiri,
688 1350 819 1389 parvos
851 1337 977 1375 multa
995 1336 1134 1375 habere
1160 1337 1358 1375 intervalla
1377 1338 1570 1390 requietis,
1601 1351 1688 1376 rne-

291 1405 484 1443 diocrium
505 1417 573 1442 nos
593 1402 665 1440 effe
686 1403 865 1441 dominos
884 1417 893 1440 :
926 1411 982 1447 ut,
1004 1403 1030 1440 fi
1052 1402 1267 1440 tolerabiles
1288 1403 1374 1449 fint,
1406 1402 1572 1441 feramus
1592 1423 1601 1445 ς
1633 1404 1688 1443 fin

292 1471 439 1514 minus,
481 1482 592 1521 aequo
621 1469 750 1506 animo
777 1481 797 1505 e
823 1468 913 1512 vita,
955 1482 1047 1505 curn
1077 1481 1119 1506 ea
1147 1482 1225 1506 non
1255 1469 1415 1520 placeat,
1458 1478 1642 1521 tanquam
1667 1483 1689 1508 e

290 1535 452 1580 theatro,
483 1546 674 1573 exeamus.
718 1533 873 1585 Qibus
904 1533 1015 1571 rebus
1045 1533 1289 1585 intelligitur,
1335 1547 1406 1571 nec
1436 1535 1689 1573 timiditatem

291 1602 560 1655 ignaviamque
585 1600 804 1652 vituperari,
835 1612 905 1637 nec
935 1598 1204 1637 fortitudinem
1225 1600 1526 1653 patientiamque
1545 1601 1688 1641 laudari

290 1668 356 1706 suo
374 1667 560 1705 nomine:
591 1665 653 1703 sed
672 1665 755 1704 illas
787 1664 906 1718 rejici,
942 1665 1033 1718 quia
1052 1664 1226 1704 dolorem
1254 1665 1430 1719 pariant,
1461 1665 1528 1705 has
1549 1667 1692 1720 optari„

290 1735 381 1787 quia
399 1734 654 1787 voluptatem.

342 1801 454 1839 XVI.
486 1799 639 1851 Justitia
658 1799 780 1844 restat,
794 1808 838 1837 ut
857 1800 904 1838 de
923 1801 1033 1839 omni
1050 1801 1190 1839 virtute
1206 1800 1251 1838 fit
1269 1800 1416 1839 distum
1432 1818 1444 1845 ;
1473 1800 1534 1839 sed
1549 1801 1691 1840 similia.

287 1864 366 1903 fere
386 1865 463 1903 dici
482 1863 648 1917 pofi‘unt.
694 1866 752 1903 Ut
771 1866 876 1903 enim
897 1866 1135 1918 sapientiam,
1157 1867 1463 1918 temperantiam,
1485 1865 1686 1904 fortitudi-

290 1944 393 1976 nem,
424 1930 617 1983 copulatas
638 1930 708 1968 esse
728 1930 842 1968 docui
866 1945 958 1969 cum
990 1932 1200 1984 voluptate,
1232 1941 1275 1969 ut
1301 1932 1348 1970 ab
1374 1946 1416 1970 ea
1434 1932 1543 1970 nullo
1571 1932 1694 1971 modo⁴

287 2010 358 2035 nec
378 1996 523 2041 divelli,
556 2009 625 2033 nec
646 1995 800 2033 distrahi
820 1996 972 2049 poffint,
1003 1997 1053 2034 fic
1074 1997 1120 2035 de
1145 1997 1293 2049 justitia
1317 1997 1573 2050 judicandum
1604 1998 1683 2043 est;

287 2075 372 2115 quae
391 2075 468 2100 non
489 2061 607 2100 modo
626 2075 827 2114 nunquam
847 2071 960 2100 nocet
980 2063 1178 2115 cuiquam,
1206 2063 1268 2101 sed
1297 2062 1431 2102 contra
1450 2063 1597 2116 semper
1619 2064 1686 2102 alit

286 2128 434 2181 aliquid
465 2137 551 2166 tum
571 2128 608 2165 vi
629 2128 692 2166 sua
710 2137 825 2181 atque
845 2138 991 2174 natura,
1023 2130 1127 2182 quod
1159 2130 1382 2182 tranquillet
1406 2131 1569 2174 animos,
1601 2139 1686 2168 tum

287 2193 364 2245 spe,
397 2192 496 2232 nihil
530 2206 662 2231 earum
682 2206 810 2231 rerum
842 2193 1081 2239 defuturum,
1112 2208 1204 2246 quas
1234 2204 1366 2232 natura
1392 2209 1468 2233 non
1488 2195 1687 2247 depravata

287 2259 479 2297 desideret.
504 2259 848 2311 Qemadmodum
870 2260 1076 2305 temeritas,
1098 2257 1136 2298 et
1156 2260 1291 2305 libido,
1313 2270 1351 2299 et
1368 2261 1518 2313 ignavia
1538 2261 1685 2313 semper

288 2325 464 2362 animum
483 2325 717 2370 excruciant,
748 2334 785 2363 et
817 2325 962 2378 semper
982 2325 1201 2371 sollicitant,
1233 2327 1538 2378 turbulentaeque
1568 2327 1653 2364 sunt
1669 2345 1682 2371 3

288 2391 337 2431 fic
368 2391 477 2442 cujus
504 2391 544 2428 in
574 2400 703 2430 mente
737 2392 920 2438 consedit,
951 2392 1026 2431 hoc
1059 2393 1154 2446 ipso,
1185 2393 1290 2446 quod
1320 2393 1433 2437 adest,
1465 2392 1686 2431 turbulenta

289 2470 365 2495 non
386 2456 507 2509 potest
527 2456 606 2494 fieri
624 2472 633 2495 t
665 2467 703 2495 et
731 2458 756 2496 fi
777 2472 866 2496 vero
885 2459 1020 2496 molita
1035 2459 1236 2512 quippiam
1256 2459 1321 2504 est,
1339 2459 1512 2510 quamvis
1533 2459 1688 2497 occulte

288 2522 432 2567 fecerit,
455 2535 655 2574 nunquam
676 2532 804 2561 tamen
824 2524 993 2562 confidet
1013 2525 1054 2562 id
1072 2524 1152 2562 fore
1172 2525 1317 2577 semper
1337 2524 1550 2562 occultum.
1593 2525 1686 2562 Ple-

291 2601 456 2641 rumque
487 2588 756 2642 improborum
787 2588 884 2628 faeta
913 2590 1042 2643 primo
1075 2590 1238 2644 suspicio
1268 2590 1505 2643 insequitur:
1548 2590 1684 2629 deindo
