2330 2983
731 298 1004 337 LIBER
1061 299 1417 338 PRIMUS.
1692 315 1768 353 427

388 398 554 438 mortali.
596 397 713 449 Qiod
733 398 759 435 s1
789 399 829 435 in
849 399 1028 436 omnibus
1048 398 1108 436 his
1140 399 1250 438 rebus
1272 399 1429 444 obsistis,
1460 399 1553 452 quid
1572 400 1637 444 est,
1665 399 1770 452 quod

390 474 427 502 te
447 477 520 501 una
537 462 661 500 forma
680 463 910 500 conturbet?
942 463 1017 499 His
1037 463 1140 500 enim
1161 464 1356 508 omnibus,
1378 478 1462 515 quae
1482 464 1672 516 proposui,
1703 464 1770 502 ad-

385 527 543 579 junffis,
565 528 604 564 in
624 525 784 564 homine
801 526 985 563 rationem
1005 525 1074 564 effe
1093 535 1130 564 et
1150 536 1318 564 mentem
1339 528 1490 565 videbas
1509 543 1518 566 :
1541 529 1682 579 quibus
1703 529 1770 566 de-

391 592 531 636 tracus,
554 592 685 629 Deum
716 601 842 629 tamen
862 590 962 628 noffe
993 599 1030 628 te
1049 591 1157 635 dicis,
1188 591 1305 628 modo
1325 591 1552 629 lineamenta
1580 602 1770 631 maneant.

390 657 482 695 Hoc
501 656 553 694 est
573 669 650 693 non
669 655 910 700 considerare,
932 655 994 692 sed
1014 655 1115 707 quafi
1136 655 1272 700 sortiri,
1293 656 1387 707 quid
1407 656 1574 708 loquare.

446 722 531 760 Nifi
549 721 649 760 forte
668 734 715 759 ne
733 719 808 759 hoc
828 721 985 773 quidem
1004 721 1180 766 attendis,
1208 734 1284 759 non
1305 722 1420 760 modo
1449 722 1490 759 in
1509 721 1682 767 homine,
1714 721 1774 759 sed

393 787 510 825 etiam
530 787 570 825 in
590 787 734 831 arbore,
757 786 947 838 quidquid
966 786 1280 838 supervacaneum
1299 787 1357 832 fit,
1387 796 1452 824 aut
1477 787 1588 825 usum
1608 800 1685 826 non
1705 786 1774 824 ha-

395 852 495 896 beat,
516 852 672 890 obstare.
695 852 824 902 Qam
845 851 1049 889 molestum
1068 851 1120 889 est
1140 865 1217 889 uno
1236 852 1357 904 digito
1375 852 1462 905 plus
1482 851 1646 890 habere?
1667 852 1776 903 Qid

394 917 474 955 ita?
495 918 585 969 quia
604 930 672 955 nec
692 917 869 969 speciem,
891 930 961 954 nec
976 917 1086 954 usum
1101 917 1220 955 alium
1236 918 1406 970 quinque
1425 918 1643 956 desiderant.
1665 918 1777 955 Tuus

397 992 524 1021 autem
545 984 650 1020 Deus
669 996 747 1020 non
767 983 888 1034 digito
907 996 984 1021 uno
1004 983 1201 1027 redundat,
1231 982 1291 1020 sed
1310 984 1448 1035 capite,
1469 983 1583 1027 collo,
1618 983 1777 1021 cervici-

396 1048 482 1092 bus,
503 1047 698 1092 lateribus,
728 1047 824 1092 alvo,
856 1057 975 1100 tergo,
1005 1048 1232 1100 poplitibus,
1254 1048 1446 1093 manibus,
1468 1048 1641 1100 pedibus,
1662 1047 1778 1085 femi-

396 1113 524 1157 nibus,
545 1113 733 1151 cruribus.
757 1113 794 1150 Si
816 1121 857 1150 ut
876 1113 1104 1150 immortalis
1121 1114 1179 1157 fit,
1196 1112 1290 1164 quid
1309 1112 1390 1150 haec
1409 1113 1455 1150 ad
1474 1113 1592 1150 vitam
1608 1112 1780 1150 membra

397 1178 589 1231 pertinent
606 1177 619 1213 ?
650 1177 743 1229 quid
762 1177 840 1229 ipsa
858 1176 971 1215 facies
988 1177 1000 1214 ?
1031 1177 1160 1229 Magis
1180 1177 1258 1222 illa,
1289 1177 1504 1222 cerebrum,
1522 1190 1600 1221 cor,
1622 1177 1779 1229 pulmo-

399 1256 480 1288 nes,
495 1243 630 1295 jecur,
661 1241 743 1280 haec
762 1242 865 1280 enim
886 1242 971 1280 sunt
991 1242 1184 1281 domicilia
1203 1243 1302 1281 vitae.
1341 1243 1431 1282 Oris
1451 1242 1609 1294 quidem
1627 1240 1780 1280 habitus

398 1308 445 1346 ad
464 1309 550 1346 vitae
569 1307 793 1345 firmitatem
812 1306 911 1345 nihil
932 1308 1109 1359 pertinet.

441 1372 631 1410 XXXVI.
655 1373 709 1409 At
727 1385 790 1409 eos
810 1372 1062 1424 vituperabaS,
1084 1373 1152 1424 qui
1172 1386 1218 1411 ex
1238 1373 1415 1425 operibus
1436 1371 1650 1424 magnificis
1671 1380 1783 1423 atque

401 1437 602 1491 praeclaris,
623 1450 715 1474 cum
734 1437 858 1489 ipsum
878 1437 1084 1482 mundum,
1106 1451 1198 1476 cum
1216 1438 1296 1490 ejus
1316 1438 1502 1483 membra,
1523 1437 1674 1481 caelum,
1705 1445 1782 1474 ter-

402 1516 474 1548 ras,
505 1502 634 1546 maria,
666 1515 833 1554 cumque
865 1501 1005 1541 horum
1035 1502 1207 1555 insignia,
1244 1503 1376 1547 solem,
1409 1502 1556 1546 lunam,
1591 1500 1785 1552 stellasque

403 1568 592 1610 vidissent,
622 1580 789 1616 cumque
806 1576 1026 1617 temporum
1046 1569 1295 1609 maturitates,
1325 1566 1568 1609 mutationes,
1600 1564 1784 1602 viciffitu-

404 1631 585 1683 dinesque
615 1629 885 1682 cognovissent,
917 1629 1093 1682 suspicati
1112 1630 1228 1668 essent
1246 1630 1415 1683 aliquam
1434 1629 1686 1669 excellentem
1717 1630 1786 1667 effe

403 1696 718 1751 praestantemque
736 1703 923 1741 naturam,
944 1709 1028 1748 quae
1047 1695 1128 1734 haec
1147 1695 1303 1741 fecisset,
1324 1705 1508 1740 moveret,
1534 1705 1692 1747 regeret,
1712 1709 1784 1748 gu-

404 1763 599 1801 bernaret:
632 1760 714 1812 qui,
745 1760 861 1798 etiam
880 1760 906 1798 s1
926 1760 1097 1798 aberrant
1119 1773 1140 1797 a
1157 1760 1384 1811 conjectura,
1415 1759 1525 1797 video
1545 1768 1673 1797 tamen
1693 1759 1787 1811 quid

405 1828 619 1880 sequantur.
664 1827 731 1863 Tu
750 1826 854 1878 quod
873 1838 968 1877 opus
988 1825 1141 1863 tandem
1162 1838 1346 1877 magnum
1367 1833 1405 1862 et
1431 1824 1628 1877 egregium
1657 1823 1786 1869 habes,

407 1893 512 1945 quod
531 1891 709 1929 effectum
730 1891 857 1928 divina
876 1899 1005 1928 mente
1024 1890 1208 1935 videatur,
1237 1903 1283 1928 ex
1303 1903 1382 1942 quo
1401 1889 1471 1928 effe
1491 1891 1594 1928 Deos
1623 1889 1787 1942 suspice-

409 1958 473 1995 re?
497 1956 714 2000 Habebam,
731 1956 874 2008 inquis,
895 1956 935 1993 in
954 1956 1083 1993 animo
1097 1955 1246 1994 infitam
1265 1954 1578 1993 informationem
1597 1955 1788 2007 quandam

409 2023 509 2066 Dei,
530 2030 567 2058 et
587 2021 731 2058 barbati
750 2021 907 2072 quidem
923 2021 1043 2071 Jovis,
1061 2020 1213 2072 galeatae
1232 2020 1432 2058 Minervae.
1454 2020 1566 2058 Num
1587 2020 1704 2072 igitur
1718 2019 1788 2058 effe

410 2087 500 2126 tales
521 2095 628 2138 putas
648 2086 660 2121 ?

449 2153 606 2202 Qanto
627 2151 764 2189 melius
784 2149 865 2189 haec
884 2151 1020 2204 vulgus
1040 2151 1336 2204 imperitorum?
1357 2151 1425 2204 qui
1444 2164 1520 2189 non
1536 2152 1711 2189 membra
1730 2151 1788 2189 so-

408 2217 493 2254 lum
512 2211 681 2254 hominis
703 2217 789 2253 Deo
810 2217 998 2261 tribuunt,
1020 2217 1079 2254 sed
1100 2216 1209 2255 usum
1235 2217 1350 2254 etiam
1377 2217 1654 2255 membrorum.
1687 2217 1791 2254 Dant

413 2282 518 2318 enim
538 2294 682 2325 arcum,
714 2280 875 2332 sagittas,
905 2280 1061 2326 hastam,
1083 2281 1277 2334 clypeum,
1309 2281 1510 2326 fuscinam,
1531 2280 1680 2319 fulmen
1695 2299 1707 2325 ς
1738 2290 1789 2324 et,

414 2346 456 2390 fi,
477 2346 639 2383 actiones
660 2359 744 2396 quae
763 2346 848 2383 sunt
868 2347 1055 2391 Deorum,
1085 2360 1164 2386 non
1184 2348 1326 2392 vident,
1351 2345 1449 2384 nihil
1469 2355 1643 2398 agentem
1664 2354 1792 2383 tamen

415 2411 548 2448 Deum
569 2424 644 2447 non
665 2419 811 2461 queunt
830 2410 1008 2463 cogitare.
1040 2411 1126 2464 Ipfi,
1148 2412 1215 2463 qui
1240 2411 1456 2455 irridentur,
1488 2410 1675 2461 AEgyptii,
1702 2409 1792 2446 nul-

418 2475 495 2512 lam
515 2475 697 2519 belluam,
731 2475 798 2512 nifi
829 2476 879 2513 ob
899 2476 1065 2528 aliquam
1085 2476 1305 2521 utilitatem,
1337 2489 1452 2527 quam
1472 2488 1518 2512 ex
1543 2488 1584 2511 ea
1603 2484 1791 2526 caperent,

417 2540 739 2578 consecraverunt.
763 2541 879 2578 Velut
899 2541 978 2579 ibes
999 2543 1206 2580 maximam
1224 2543 1303 2579 vim
1320 2541 1547 2592 serpentium
1568 2539 1792 2583 conficiunt,

417 2618 507 2642 cum
526 2605 596 2644 smt
615 2619 698 2644 aves
718 2606 884 2652 excelsae,
901 2607 1074 2645 cruribus
1094 2607 1239 2659 rigidis,
1254 2618 1392 2644 corneo
1408 2619 1640 2658 proceroque
1654 2605 1768 2643 rostro
1782 2623 1792 2647 ;

1311 2671 1350 2709 H
1372 2669 1444 2708 hh
1477 2684 1496 2709 2
