2330 2983
581 263 657 303 502
835 247 931 285 DE
989 243 1318 283 NATURA
1376 242 1721 282 DEORUM

578 348 658 387 nati
674 344 888 386 matribus?
911 341 1047 393 Qid?
1071 341 1266 386 Aristaeus,
1280 340 1349 393 qui
1363 340 1473 378 olivae
1488 340 1632 378 dicitur
1647 340 1836 385 inventor,
1856 342 1981 394 Apol-

577 415 668 453 linis
687 412 818 454 filius,
851 407 1038 452 Theseus,
1061 408 1129 460 qui
1151 407 1356 460 Neptuni;
1389 407 1542 459 reliqui,
1564 420 1732 459 quorum
1752 415 1876 459 patres
1896 407 1982 452 Dii,

580 492 658 517 non
677 485 790 514 erunt
811 475 851 513 in
868 475 1044 512 Deorum
1064 474 1255 511 numero?
1288 473 1411 523 Qid,
1436 486 1605 525 quorum
1625 481 1763 511 matres
1780 473 1792 509 ?
1831 472 1984 525 Opinor

579 544 696 583 etiam
716 542 852 595 magis.
899 542 957 579 Ut
976 541 1082 579 enim
1102 541 1142 578 in
1157 541 1245 591 jure
1265 539 1386 584 civili,
1417 540 1485 592 qui
1505 539 1558 577 est
1575 548 1696 578 matre
1720 538 1854 583 libera,
1887 538 1985 576 liber

579 610 657 655 est;
690 610 785 647 item
799 609 887 660 jure
918 615 1073 652 naturae,
1109 607 1178 658 qui
1213 607 1297 645 Dea
1315 615 1436 645 matre
1455 605 1521 651 est,
1558 606 1665 644 Deus
1683 605 1728 643 fit
1754 603 1899 642 necesse
1919 603 1984 642 est.

580 678 717 729 Itaque
738 673 938 713 Achillem
959 672 1224 725 Astypalenses
1243 672 1406 711 insulani
1433 672 1657 712 sanetiffime
1677 671 1812 710 colunt
1830 685 1838 709 :
1871 670 1941 723 qui
1960 669 1987 707 fi

581 743 690 782 Deus
710 741 790 786 est,
822 750 860 778 et
882 738 1078 792 Orpheus,
1112 748 1151 776 et
1172 737 1338 783 Rhesus,
1360 738 1430 776 Dii
1451 738 1551 783 sunt,
1587 739 1703 777 Musa
1733 746 1854 776 matre
1881 736 1985 775 nati:

580 809 651 847 nisi
672 807 770 846 forte
790 806 996 844 maritima:
1022 805 1167 856 nuptiae
1188 804 1345 842 terrenis
1365 812 1664 857 anteponuntur.
1698 803 1736 841 Si
1756 802 1800 841 hi
1819 803 1890 840 Dii
1910 816 1987 840 non

583 875 684 919 sunt,
706 874 797 926 quia
816 871 1006 924 nusquam
1026 870 1211 908 coluntur
1225 889 1238 915 :-
1270 883 1350 922 quo
1369 869 1488 908 modo
1507 869 1565 907 illi
1586 869 1672 908 sunt
1690 869 1702 905 ?
1734 869 1834 906 Vide
1855 869 1987 920 igitur,

582 954 630 979 ne
650 940 858 978 virtutibus
878 937 1090 976 hominum
1109 936 1169 975 isti
1185 935 1350 976 honores
1366 935 1593 981 habeantur,
1615 949 1695 975 non
1715 934 1988 974 immortalita-

582 1006 688 1045 tibus
704 1024 716 1051 ς
748 1004 854 1058 quod
875 1013 917 1042 tu
934 1016 1108 1056 quoque,
1130 1003 1261 1048 Balbe,
1282 1003 1382 1041 visus
1403 1016 1441 1041 es
1462 1003 1601 1041 dicere.

639 1073 733 1123 Qo
766 1071 884 1109 modo
904 1078 1033 1108 autem
1064 1079 1187 1122 potes,
1222 1069 1249 1108 s1
1277 1071 1468 1108 Latonam
1499 1069 1626 1108 Deam
1655 1077 1781 1122 putas,
1814 1068 1990 1107 Hecaten

584 1151 663 1176 non
683 1146 830 1190 putare,
851 1149 936 1188 quae
956 1144 1077 1173 matre
1089 1135 1237 1173 Asteria
1255 1134 1323 1180 est,
1344 1135 1468 1173 sorore
1488 1135 1675 1174 Latonae?
1702 1136 1768 1173 An
1787 1133 1869 1172 haec
1889 1146 1991 1186 quo-

585 1217 662 1256 que
683 1203 767 1242 Dea
783 1201 837 1240 est
854 1201 868 1238 ?
898 1200 1067 1239 vidimus
1087 1201 1194 1238 enim
1214 1201 1294 1252 ejus
1315 1214 1394 1239 aras
1414 1200 1650 1253 delubraque
1668 1201 1710 1238 in
1729 1200 1891 1239 Graecia.
1927 1199 1993 1237 Sin

584 1268 667 1307 haec
690 1269 773 1306 Dea
791 1267 859 1312 est,
890 1280 960 1305 cur
979 1280 1058 1304 non
1074 1266 1310 1304 Eumenides
1328 1267 1341 1303 ?
1373 1267 1473 1317 Qae
1492 1266 1518 1305 fi
1536 1267 1628 1305 Deae
1648 1267 1750 1311 sunt,
1771 1279 1936 1318 quarum
1953 1274 1992 1302 et

585 1333 754 1373 Athenis
774 1332 911 1371 fanum
930 1331 997 1377 est,
1027 1340 1066 1369 et
1083 1331 1184 1384 apud
1205 1345 1288 1376 nos,
1313 1341 1357 1369 ut
1375 1345 1447 1384 ego
1467 1331 1710 1384 interpretor,
1742 1331 1853 1369 lucus
1876 1331 1992 1369 Furi-

586 1414 644 1438 nae
659 1417 672 1444 ς
703 1400 831 1438 Furiae
851 1399 945 1436 Deae
965 1397 1067 1442 sunt,
1103 1397 1384 1449 speculatrices,
1415 1396 1541 1441 credo,
1574 1406 1613 1435 et
1642 1396 1814 1435 vindices
1843 1395 1994 1434 facino-

588 1479 692 1511 turn,
713 1475 752 1504 et
771 1464 970 1503 scelerum.

629 1531 750 1584 Qod
770 1531 796 1569 fi
817 1530 910 1569 tales
928 1530 998 1569 Dii
1017 1529 1117 1575 sunt,
1132 1538 1176 1568 ut
1196 1529 1306 1568 rebus
1327 1528 1509 1567 humanis
1531 1528 1703 1568 intersint
1719 1547 1730 1574 ;
1753 1528 1876 1568 Natio
1895 1542 1995 1581 quo-

589 1611 667 1651 que
685 1599 770 1636 Dea
789 1595 957 1649 putanda
975 1595 1027 1633 est
1043 1614 1055 1639 5
1087 1596 1166 1640 cui,
1198 1609 1292 1634 cum
1311 1595 1399 1634 fana
1418 1595 1629 1634 circuimus
1649 1596 1690 1634 in
1716 1609 1806 1649 agro
1821 1595 1994 1641 Ardeati,

591 1678 674 1702 rem
690 1662 862 1701 divinam
883 1659 1006 1698 facere
1023 1659 1208 1698 solemus:
1231 1673 1330 1712 quae,
1345 1659 1437 1711 quia
1456 1669 1586 1712 partus
1603 1670 1867 1700 matronarum
1889 1672 1996 1700 tuea-

590 1740 668 1774 tur,
689 1742 710 1766 a
729 1727 971 1766 nascentibus
992 1727 1114 1764 Natio
1134 1727 1333 1764 nominata
1351 1725 1417 1764 est.
1452 1727 1509 1764 Ea
1526 1726 1551 1766 s1
1573 1727 1656 1765 Dea
1673 1727 1750 1772 est,
1774 1729 1844 1766 Dii
1862 1742 1997 1767 omnes

592 1795 652 1833 illi
672 1793 740 1846 qui
760 1791 1166 1831 commemorabantur
1185 1804 1205 1828 a
1222 1800 1272 1836 te,
1291 1791 1446 1837 Honos,
1466 1792 1596 1837 Fides,
1614 1793 1746 1838 Mens,
1765 1794 1995 1833 Concordia.

593 1862 699 1913 Ergo
718 1860 835 1898 etiam
853 1859 960 1911 Spes,
984 1858 1160 1903 Moneta,
1179 1858 1403 1911 omniaque,
1435 1872 1521 1911 quae
1541 1859 1776 1912 cogitatione
1807 1860 1999 1898 nobismet

594 1926 682 1980 ipfis
703 1924 899 1978 pofl‘urnus
916 1923 1074 1976 fingere.
1107 1924 1227 1975 Qod
1246 1924 1272 1963 s1
1288 1924 1491 1964 verisimile
1511 1937 1589 1963 non
1609 1924 1662 1963 est
1677 1943 1689 1971 ς
1722 1938 1770 1963 ne
1789 1925 1890 1964 illud
1908 1926 1999 1978 qui-

594 1993 685 2031 dem
706 1991 772 2035 est,
793 1990 875 2029 haec
897 1989 999 2027 unde
1018 1989 1228 2030 fluxerunt.

651 2058 765 2096 XIX.
798 2055 906 2108 Qid
927 2065 1057 2094 autem
1077 2055 1173 2094 dicis
1193 2057 1206 2093 ?
1238 2056 1264 2094 fi
1285 2056 1354 2094 Dii
1375 2056 1462 2095 sunt
1483 2057 1555 2102 illi,
1574 2070 1671 2109 quos
1691 2057 1858 2096 colimus
1877 2067 1915 2095 et
1935 2071 1999 2096 ac-

595 2125 800 2178 cepimus;
832 2137 900 2161 cur
920 2136 998 2161 non
1017 2122 1154 2162 eodem
1175 2123 1214 2161 in
1236 2136 1373 2176 genere
1403 2125 1588 2177 Serapim,
1621 2124 1786 2176 Isimque
1821 2138 1999 2163 numere-

598 2204 687 2231 mus
706 2191 718 2228 ?
745 2189 865 2241 Qod
885 2189 909 2228 si
931 2187 1111 2234 facimus,
1129 2202 1198 2227 cur
1219 2189 1466 2228 barbarorum
1490 2190 1593 2228 Deos
1610 2191 1854 2243 repudiemus
1875 2191 1888 2227 ?
1922 2191 1999 2228 Bo-

598 2271 661 2295 ves
683 2255 814 2308 igitur,
846 2264 883 2293 et
903 2268 1036 2306 equos,
1066 2255 1161 2300 ibes,
1183 2255 1399 2308 accipitre3‚
1420 2255 1578 2308 aspidas,
1607 2256 1834 2300 crocodilos,
1866 2256 1999 2309 pisces,

599 2336 726 2367 canes,
757 2321 882 2374 lupos,
913 2319 1019 2365 feles,
1042 2321 1183 2359 multas
1206 2331 1380 2375 praeterea
1400 2322 1559 2367 belluas,
1595 2323 1635 2361 in
1657 2323 1830 2361 Deorum
1862 2336 2002 2361 nume-

596 2403 691 2428 rum
722 2401 965 2441 reponemus.
1012 2389 1110 2439 Qa:
1131 2387 1156 2426 fi
1176 2389 1407 2440 rejiciamus,
1434 2389 1501 2427 illa
1520 2402 1675 2443 quoque
1696 2389 1795 2428 unde
1814 2388 1896 2427 hacc
1917 2397 2002 2427 nata

602 2456 703 2500 sunt,
727 2453 958 2507 rejicicmuS.

658 2521 769 2573 Qid
799 2520 967 2561 deinde?
998 2521 1084 2567 Ino,
1117 2521 1201 2561 Dea
1219 2521 1382 2568 dicetur,
1404 2535 1488 2575 qua:
1507 2521 1729 2563 Leucothea
1754 2536 1775 2561 a
1793 2521 1953 2565 Graecis,
1983 2534 2002 2559 a
