2330 2983
867 307 1471 349 LUCULLUS.
1823 321 1865 349 11

459 404 698 444 evidentiam
717 415 800 448 nOS,
831 403 858 441 fi
889 403 1033 456 placet,
1059 403 1333 449 nominemus5
1364 402 1691 455 fabricemurque,
1717 400 1745 439 fi
1771 413 1867 454 opus

463 471 551 516 erit,
580 470 707 515 verba.
729 483 778 507 ne
796 467 863 507 hic
897 469 966 507 fibi
999 470 1082 521 (me
1101 469 1315 522 appellabat
1333 470 1486 522 jocans)
1518 467 1593 506 hoc
1614 468 1728 506 licere
1758 475 1869 520 putet

463 536 548 574 soli.
607 536 679 574 Sed
709 544 840 573 tamen
870 535 1084 574 orationem
1119 535 1269 573 nullam
1298 534 1484 587 putabant
1513 533 1759 571 illustriorem
1789 531 1870 585 ipsa

461 602 654 641 evidentia
679 602 833 655 reperiri
853 601 968 654 posse,
1000 615 1071 640 nec
1091 614 1145 646 ea,
1177 614 1262 653 quae
1279 610 1363 639 tam
1382 601 1481 638 clara
1500 599 1631 644 effent,
1653 597 1869 636 definienda

462 667 681 706 censebant.
727 667 824 708 ,Alii
843 676 973 705 autem
992 667 1183 720 negabant
1208 666 1243 704 se
1262 680 1332 718 pro
1350 665 1422 704 hac
1442 665 1633 703 evidentia
1652 664 1868 716 quidquam

463 734 608 787 priores
626 733 739 773 fuiffe
771 733 938 771 dicturos
954 751 967 779 3
999 732 1061 771 sed
1094 733 1141 771 ad
1160 746 1215 777 ea,
1246 746 1331 784 quae
1365 741 1498 770 contra
1523 731 1755 773 dicerentur,
1790 729 1869 767 dici

461 810 637 853 oportere
656 800 856 853 putabant,
877 813 926 838 ne
946 800 1014 853 qui
1033 799 1268 837 fallerentur.
1315 799 1493 850 Plerique
1512 807 1641 835 tamen
1661 805 1699 834 et
1729 795 1867 833 defini-

463 862 586 901 tiones
606 862 772 915 ipsarum
792 862 908 899 etiam
937 861 1175 899 evidentium
1195 873 1325 898 rerum
1349 873 1426 897 non
1447 858 1668 911 improbant
1685 872 1695 895 :
1726 866 1765 895 et
1784 869 1868 894 rem

463 928 656 972 idoneam,
684 928 730 966 de
755 941 832 980 qua
851 935 1052 979 quaeratur,
1079 936 1117 964 et
1136 925 1314 965 homines
1334 925 1486 978 dignos,
1500 924 1735 977 quibuscum
1752 921 1866 961 diffe-

464 1003 581 1038 ratur,
603 1002 754 1047 putant,

502 1058 635 1098 Philo
655 1068 800 1103 autem,
835 1051 932 1095 dum
963 1071 1060 1096 nova
1079 1056 1254 1109 quaedam
1279 1063 1516 1100 commovet,
1543 1053 1650 1107 quod
1683 1067 1726 1092 ea
1755 1052 1866 1092 susti-

463 1138 553 1164 nere
573 1125 638 1163 vix
670 1131 832 1177 poterat,
863 1137 948 1175 quae
981 1132 1113 1161 contra
1132 1122 1460 1161 Academicorum
1479 1120 1728 1174 pertinaciam
1759 1119 1867 1156 dice-

466 1191 617 1236 bantur,
647 1200 686 1229 et
711 1200 838 1243 aperte
870 1190 1071 1234 mentitur,
1102 1197 1146 1226 ut
1173 1188 1226 1226 est
1245 1186 1492 1241 reprehensus
1527 1200 1548 1224 a
1575 1194 1688 1239 patre„
1710 1184 1867 1229 Catulo.

463 1267 516 1303 et,
547 1266 591 1296 ut
610 1257 745 1296 docuit
762 1254 1000 1301 Antiochus,
1033 1255 1073 1292 in
1106 1255 1146 1293 id
1166 1254 1292 1307 ipsum
1312 1253 1349 1291 se
1377 1252 1520 1297 induit,
1550 1250 1657 1304 quod
1690 1251 1867 1288 timebat.

465 1325 571 1363 Cum
591 1323 698 1362 enim
731 1322 784 1361 ita
802 1330 956 1374 negaret
976 1320 1191 1373 quidquam
1221 1319 1305 1364 effe,
1336 1319 1442 1371 quod
1466 1315 1745 1370 comprehendi
1778 1315 1868 1369 pos·

465 1389 533 1435 set,
548 1424 552 1428 .
566 1389 625 1441 (id
644 1389 749 1430 enim
769 1387 950 1425 volumus
970 1385 1040 1424 effe
1058 1382 1318 1436 ἀκατάληπτον)
1347 1385 1374 1422 fi
1399 1384 1498 1423 illud
1517 1384 1620 1427 effet,
1642 1383 1738 1421 ficut
1758 1383 1870 1420 Zeno

465 1455 656 1499 definiret,
687 1452 760 1491 tale
778 1452 904 1490 visum
937 1453 1038 1504 (jam
1068 1451 1174 1489 enim
1202 1449 1278 1488 hoc
1309 1464 1379 1503 pro
1398 1446 1575 1499 φαντασίᾳ,
1594 1448 1756 1487 verbum
1782 1447 1868 1486 satis

465 1521 642 1560 hesterno
662 1519 834 1557 sermone
854 1518 1050 1569 trivimus)
1083 1517 1207 1555 visum
1227 1517 1347 1568 igitur
1365 1515 1592 1568 impressum
1616 1515 1870 1567 effictumque

465 1601 514 1626 ex
543 1600 602 1631 eo,
634 1585 736 1624 unde
769 1583 872 1629 esset,
903 1584 1015 1636 quale
1041 1582 1112 1621 effe
1138 1596 1216 1621 non
1245 1582 1378 1635 poffet,
1408 1595 1455 1620 ex
1474 1595 1533 1626 eo,
1565 1581 1666 1619 unde
1701 1594 1779 1618 non
1809 1580 1868 1618 es-

466 1652 518 1692 set
535 1670 545 1696 ;
569 1652 609 1690 id
625 1664 693 1690 nos
713 1663 734 1687 a
751 1650 909 1688 Zenone
925 1648 1130 1687 definitum
1143 1647 1341 1686 reffiffime
1357 1647 1539 1685 dicimus.
1572 1646 1654 1698 Qi
1673 1645 1778 1684 enim
1795 1659 1868 1697 po-

466 1718 537 1756 test
569 1717 786 1770 quidquam
827 1714 1117 1768 comprehendi,
1147 1723 1190 1752 ut
1224 1714 1336 1767 plane
1373 1712 1541 1752 confidas
1570 1713 1611 1750 id
1643 1720 1871 1764 perceptum

465 1785 749 1837 cognitumque
775 1781 860 1826 effe,
892 1781 996 1834 quod
1025 1781 1078 1818 est
1109 1780 1195 1825 tale,
1226 1779 1339 1832 quale
1368 1779 1428 1817 vel
1458 1778 1598 1817 falsum
1624 1777 1694 1815 effe
1722 1776 1868 1829 poffit?

467 1852 560 1890 Hoc
591 1863 684 1888 curn
704 1848 876 1888 infirmat
895 1847 1075 1898 tollitque
1102 1845 1231 1890 Philo,
1257 1845 1454 1897 judicium
1476 1844 1580 1882 tollit
1610 1842 1801 1894 incogniti
1831 1851 1869 1880 et

466 1917 629 1970 cogniti.
676 1917 739 1954 Ex
758 1927 836 1967 quo
856 1914 1022 1952 efficitur
1041 1911 1140 1950 nihil
1161 1911 1262 1964 poffe
1284 1909 1577 1964 comprehendi.
1627 1909 1686 1947 Ita
1715 1909 1868 1961 impru-

468 1984 560 2022 dens
580 1995 638 2026 eo,
657 1980 922 2033 quominime
941 1979 1038 2023 vult,
1056 1978 1277 2016 revolvitur.
1302 1978 1431 2029 Qare
1450 1975 1577 2014 omnis
1596 1974 1718 2013 oratio
1737 1982 1870 2011 contra

469 2047 719 2087 Academiam
740 2045 941 2098 suscipitur
961 2058 982 2082 a
1000 2044 1127 2088 nobis,
1162 2053 1205 2082 ut
1226 2043 1454 2082 retineamus
1475 2055 1559 2079 eam
1588 2039 1868 2084 definitionem,

466 2128 586 2167 quarn
607 2111 723 2152 Philo
743 2111 866 2149 voluit
885 2120 1049 2149 evertere
1068 2125 1076 2148 :
1109 2123 1227 2163 quam
1253 2109 1322 2147 nifi
1342 2108 1578 2151 obtinemus,
1603 2105 1748 2159 percipi
1768 2102 1869 2142 nihil

468 2180 569 2234 pofl‘e
589 2179 853 2218 concedimus.

523 2247 616 2285 VII.
648 2245 859 2283 Ordiamur
874 2243 994 2296 igitur
1013 2256 1033 2280 a
1053 2242 1218 2282 sensibus
1237 2257 1245 2280 :
1278 2255 1445 2294 quorum
1466 2240 1518 2278 ita
1537 2239 1636 2277 clara
1661 2237 1809 2290 judicia
1827 2245 1867 2274 et

467 2323 570 2355 certa
589 2312 690 2356 sunt,
721 2320 764 2349 ut
784 2311 809 2348 fi
830 2311 938 2364 optio
958 2320 1099 2348 naturae
1126 2308 1258 2347 nostrae
1277 2309 1402 2352 detur,
1434 2317 1472 2344 et
1492 2306 1538 2344 ab
1559 2319 1602 2343 ea
1621 2305 1728 2342 Deus
1749 2302 1870 2354 aliqui

469 2379 649 2431 requirat,
681 2386 908 2415 contentane
935 2376 979 2414 sit
1000 2376 1073 2414 suis
1094 2375 1253 2427 integris
1273 2371 1580 2426 incorruptisque
1611 2369 1790 2412 senfibus,
1821 2381 1870 2406 an

470 2444 635 2498 postulet
654 2444 794 2482 melius
814 2442 959 2495 aliquid
976 2461 987 2486 ς
1019 2456 1096 2480 non
1117 2441 1281 2485 videam,
1299 2439 1392 2492 quid
1409 2447 1551 2491 quaerat
1570 2435 1749 2488 amplius.
1783 2434 1869 2472 Ne-

470 2525 546 2564 que
566 2524 654 2549 vero
673 2509 748 2549 hoc
768 2510 855 2548 loco
875 2509 1155 2562 expectandum
1175 2507 1241 2552 est,
1263 2507 1358 2545 dum
1378 2506 1424 2543 de
1444 2517 1550 2542 remo
1569 2502 1726 2546 inflexo,
1744 2509 1809 2538 aut
1823 2499 1872 2538 de

471 2576 574 2616 collo
594 2576 798 2620 columbae,
820 2576 1080 2628 respondeam.
1130 2574 1225 2614 Non
1244 2573 1350 2611 enim
1370 2572 1402 2610 is
1433 2569 1532 2613 sum,
1560 2569 1642 2621 qui,
1679 2563 1871 2620 quidquid

1485 2636 1516 2674 Β
1547 2647 1573 2674 2
