2330 2983
549 228 622 268 160
965 224 1068 264 DE
1126 222 1508 263 FINIBUS

542 325 751 379 contraque
781 324 885 378 quod
911 318 1158 372 οίππρωγγμῖρον
1183 324 1409 369 nominavit,
1440 337 1531 362 cum
1554 331 1722 362 uteretur
1739 323 1780 362 in
1808 324 1941 378 lingua

542 391 692 445 copiosa
703 391 812 429 fac'tis
833 399 960 429 tamen
976 389 1201 428 nominibus
1217 403 1259 428 ac
1275 390 1384 428 novis
1400 408 1412 434 ς
1435 389 1540 442 quod
1556 389 1667 428 nobis
1687 390 1726 428 in
1745 388 1819 428 hac
1834 390 1941 442 inopi

543 459 675 510 lingua
694 471 771 496 non
800 456 1040 496 conceditur.
1086 456 1320 508 Qanquam
1349 465 1391 494 tu
1410 455 1510 494 hanc
1541 455 1790 509 copiofiorem
1824 456 1941 494 etiam

541 524 666 562 dicere
684 523 793 561 soles.
840 521 911 561 Sed
930 534 1008 559 non
1029 521 1197 559 alienum
1217 521 1283 566 est,
1308 535 1387 574 quo
1406 519 1557 559 facilius
1588 521 1644 559 vis
1664 521 1771 560 verbi
1789 520 1938 559 intelli-

541 599 664 642 gatur,
685 588 874 628 rationem
893 586 1008 639 hujus
1027 587 1132 625 verbi
1149 571 1314 625 faciendi
1333 587 1500 626 Zenonis
1516 600 1721 640 exponere.

595 656 707 695 XVI.
741 657 797 694 Ut
827 654 946 699 enim,
981 654 1124 705 inquit,
1152 666 1268 692 nemo
1301 653 1410 698 dicit,
1441 654 1481 691 in
1514 653 1616 706 regia
1648 667 1778 706 regem
1813 653 1940 706 ipsum

541 722 643 775 quafi
668 721 898 775 productum
915 719 987 758 effe
1007 719 1054 756 ad
1070 719 1315 771 dignitatern,
1347 719 1406 770 <id
1436 719 1542 756 enim
1560 719 1614 756 est
1632 714 1847 771 ωτερηγμῖύον)
1879 718 1944 757 sed

540 801 619 832 eos,
640 788 708 839 qui
729 787 768 824 in
789 786 919 837 aliquo
937 783 1082 822 honore
1101 785 1187 827 sint,
1210 797 1378 836 quorum
1397 783 1492 822 ordo
1511 784 1690 836 proxime
1712 783 1875 828 accedit,
1897 793 1940 821 ut

541 853 726 891 secundus
761 851 804 890 fit
837 851 883 888 ad
918 850 1066 902 regium
1101 849 1390 902 principatum;
1422 849 1471 887 fic
1502 849 1542 887 in
1576 849 1653 886 vita
1672 861 1750 886 non
1769 861 1824 893 ea,
1855 862 1940 902 quae

542 919 722 971 primario
755 916 842 955 loco
873 915 972 960 sunt,
1017 915 1080 953 sed
1112 928 1169 960 ea,
1213 928 1297 967 quae
1326 913 1536 953 secundum
1576 914 1708 952 locum
1746 914 1939 959 obtinent,

539 981 746 1035 προηγμθρα,
777 981 817 1019 id
836 980 888 1019 est
905 981 1103 1034 produ&a,
1125 980 1387 1018 nominentur.
1434 981 1533 1032 Qae
1555 979 1614 1017 vel
1635 980 1688 1017 ita
1702 979 1939 1032 appellemus

543 1047 602 1100 (id
621 1047 692 1085 erit
712 1047 872 1086 verbum
893 1060 913 1084 e
933 1047 1067 1098 verbo)
1099 1045 1159 1083 vel
1179 1054 1357 1099 promota
1375 1054 1414 1084 et
1434 1054 1590 1090 remota,
1624 1045 1698 1089 vel,
1728 1054 1771 1083 ut
1789 1045 1939 1083 dudum

541 1114 728 1158 diximus,
751 1112 959 1166 praepofita,
980 1112 1038 1150 vel
1059 1112 1263 1165 praecipua,
1285 1120 1323 1149 et
1344 1110 1409 1149 illa
1429 1112 1576 1164 rejecta.
1619 1111 1679 1149 Re
1698 1111 1804 1149 enim
1822 1111 1939 1149 intel-

542 1179 637 1217 lecta
655 1179 695 1217 in
717 1178 919 1216 verborum
939 1177 1008 1217 usu
1027 1176 1157 1215 faciles
1177 1176 1248 1215 effe
1267 1177 1466 1216 debemus.

597 1245 795 1298 Qoniam
825 1252 954 1282 autem
973 1257 1102 1288 omne,
1135 1243 1240 1295 quod
1258 1243 1311 1281 est
1330 1243 1492 1289 bonum,
1524 1243 1695 1296 primum
1726 1243 1858 1282 locum
1880 1252 1939 1281 te-

543 1324 631 1349 nere
652 1310 832 1354 dicimus,
849 1308 991 1347 necess‘e
1009 1307 1074 1353 est,
1096 1322 1167 1347 nec
1184 1309 1332 1346 bonum
1351 1307 1437 1353 effe,
1467 1321 1537 1347 nec
1555 1309 1705 1346 malum
1725 1307 1814 1353 hoc,
1836 1309 1942 1361 quod

541 1377 800 1431 praeposltum,
831 1375 891 1413 vel
924 1375 1163 1428 praecipuum
1184 1376 1445 1413 nominamus.
1491 1375 1626 1426 Itaque
1646 1374 1685 1411 id
1719 1374 1940 1419 definimus,

542 1443 648 1496 quod
668 1443 712 1481 fit
732 1441 966 1489 indifferens,
996 1455 1089 1480 cum
1117 1441 1364 1480 aestimatione
1385 1440 1584 1479 mediocri.
1619 1441 1738 1491 Qod
1757 1441 1862 1479 enim
1884 1440 1943 1478 illi

541 1503 715 1561 ἀδιαφαςαν
745 1508 895 1553 dicunt,
925 1507 965 1545 id
995 1506 1095 1545 mihi
1130 1507 1182 1545 ita
1213 1507 1394 1551 occurrit,
1432 1517 1475 1544 ut
1502 1505 1722 1544 indifferens
1758 1506 1940 1545 dicerem.

543 1575 684 1626 Neque
700 1574 804 1614 enim
825 1573 922 1611 illud
942 1572 1023 1611 fieri
1045 1581 1191 1626 poterat
1211 1572 1291 1610 ullo
1320 1572 1452 1617 modo,
1484 1581 1526 1610 ut
1543 1570 1641 1609 nihil
1663 1572 1944 1624 relinqueretur

543 1641 584 1679 in
604 1640 757 1684 mediis,
789 1639 892 1691 quod
912 1648 978 1676 aut
1006 1638 1216 1676 seeundum
1244 1647 1419 1676 naturam
1437 1635 1538 1682 esset,
1568 1646 1632 1675 aut
1664 1636 1824 1681 contra;
1856 1650 1941 1682 nec,

542 1719 635 1760 curn
655 1706 694 1744 id
715 1705 1005 1757 relinqueretur,
1037 1703 1136 1742 nihil
1161 1705 1202 1742 in
1236 1703 1296 1742 his
1328 1704 1435 1757 poni,
1469 1703 1574 1756 quod
1607 1703 1692 1741 satis
1723 1702 1942 1741 aestimabile

543 1769 631 1811 effet
647 1791 658 1817 ς
691 1785 774 1816 nec,
805 1770 880 1810 hoc
902 1771 1037 1824 pofito,
1059 1784 1136 1809 non
1156 1770 1284 1823 aliqua
1302 1769 1417 1808 effent
1437 1769 1646 1822 praeposita.

598 1839 717 1877 Recte
743 1837 862 1890 igitur
881 1836 963 1876 haec
982 1835 1080 1875 faita
1099 1836 1291 1874 distinctio
1309 1835 1388 1874 est:
1420 1845 1535 1888 atque
1563 1835 1679 1873 etiam
1709 1834 1756 1872 ab
1776 1835 1837 1879 iis,
1864 1848 1943 1887 quo

544 1904 695 1942 facilius
716 1917 772 1942 res
793 1902 953 1956 perspici
970 1902 1094 1955 poffit,
1108 1901 1182 1941 hoc
1203 1901 1326 1940 simile
1341 1901 1511 1955 ponitur.
1529 1902 1586 1939 Ut
1605 1901 1726 1946 enim,
1743 1901 1942 1953 inquiunt,

546 1971 570 2009 si
602 1969 676 2009 hoc
697 1969 888 2022 fingamus
919 1968 989 2006 effe
1009 1968 1112 2021 quasi
1143 1967 1260 2006 finem
1291 1977 1329 2006 et
1348 1967 1549 2011 ultimum,
1576 1967 1627 2004 ita
1654 1968 1780 2018 jacere
1806 1967 1943 2011 talum,

546 2046 588 2075 ut
609 2038 730 2074 rectus
750 2035 907 2073 affistat:
930 2035 996 2087 qui
1019 2035 1071 2072 ita
1088 2034 1183 2072 talus
1203 2034 1274 2071 erit
1291 2035 1427 2087 jactus,
1446 2043 1487 2071 ut
1507 2033 1615 2071 cadat
1636 2035 1772 2077 rectus,
1795 2046 1944 2085 praepo-

546 2104 659 2141 situm
680 2101 864 2154 quiddam
886 2099 1041 2139 habebit
1068 2100 1114 2138 ad
1132 2099 1249 2138 finem
1268 2118 1278 2144 ;
1310 2100 1378 2152 qui
1397 2099 1519 2144 aliter,
1550 2108 1708 2137 contra:
1742 2111 1865 2150 neque
1887 2107 1944 2136 ta·-

546 2181 636 2207 men
665 2167 730 2206 illa
753 2166 965 2220 praepositio
992 2166 1056 2204 tali
1078 2165 1122 2203 ad
1151 2180 1256 2211 eum,
1288 2179 1405 2218 quem
1437 2165 1533 2209 dixi,
1563 2163 1678 2202 finem
1707 2163 1942 2216 pertinebit:

547 2235 595 2273 fic
616 2247 672 2278 ea,
703 2248 787 2286 quae
804 2233 888 2271 sunt
918 2232 1126 2286 praeposita,
1158 2231 1373 2270 referuntur
1394 2231 1459 2270 illa
1478 2230 1637 2284 quidem
1655 2230 1700 2269 ad
1720 2229 1853 2275 finem,
1882 2229 1944 2268 sed

546 2301 591 2339 ad
608 2301 689 2353 ejus
706 2300 784 2338 vim
804 2309 1052 2351 naturamque
1070 2297 1165 2337 nihil
1187 2297 1390 2351 pertinent.

602 2366 781 2418 Sequitur
812 2365 876 2404 illa
895 2364 1041 2409 divisio,
1074 2374 1115 2402 ut
1136 2365 1325 2403 bonorum
1358 2364 1428 2402 alia
1449 2363 1519 2401 sint
1553 2362 1597 2401 ad
1633 2361 1728 2401 illud
1758 2363 1944 2401 ultimum

548 2432 789 2486 pertinentia,
836 2431 903 2483 (sic
934 2432 1038 2470 enim
1069 2431 1233 2484 appello,
1265 2445 1349 2483 quae
1379 2427 1495 2465 πλικιὶ
1521 2430 1730 2467 dicuntur:
1757 2430 1839 2481 jam
1870 2427 1944 2466 hoc

549 2497 673 2553 ipsum
697 2498 952 2542 instituamus,
975 2508 1017 2536 ut
1036 2497 1196 2550 placuit,
1234 2496 1406 2549 pluribus
1428 2495 1549 2533 verbis
1571 2495 1708 2540 dicere,
1736 2494 1839 2547 quod
1868 2506 1945 2531 uno

547 2577 627 2610 non
659 2564 886 2617 poterimus,
919 2573 961 2603 ut
991 2576 1046 2603 res
1069 2562 1323 2617 intelligatur)
1355 2561 1425 2600 alia
1455 2571 1584 2601 autem
1613 2560 1831 2607 efficientia,
1861 2559 1949 2613 quae'
