<?xml version="1.0" encoding="UTF-8"?>
<!DOCTYPE html PUBLIC "-//W3C//DTD XHTML 1.0 Transitional//EN"
    "http://www.w3.org/TR/xhtml1/DTD/xhtml1-transitional.dtd">
<html xmlns="http://www.w3.org/1999/xhtml" xml:lang="en" lang="en">
 <head>
  <title>
</title>
<meta http-equiv="Content-Type" content="text/html;charset=utf-8" />
  <meta name='ocr-system' content='tesseract 3.04.00' />
  <meta name='ocr-capabilities' content='ocr_page ocr_carea ocr_par ocr_line ocrx_word'/>
</head>
<body>
  <div class='ocr_page' id='page_1' title='image "./operacumindicibu02ciceuoft_0088.png"; bbox 0 0 2330 2983; ppageno 0'>
   <div class='ocr_carea' id='block_1_1' title="bbox 614 236 1593 279">
    <p class='ocr_par' dir='ltr' id='par_1_1' title="bbox 614 236 1593 279">
     <span class='ocr_line' id='line_1_1' title="bbox 614 236 1593 279; baseline -0.003 0"><span class='ocrx_word' id='word_1_1' title='bbox 614 240 664 279; x_wconf 87' lang='lat'>80</span> <span class='ocrx_word' id='word_1_2' title='bbox 1021 238 1124 276; x_wconf 88' lang='lat' dir='ltr'>DE</span> <span class='ocrx_word' id='word_1_3' title='bbox 1211 236 1593 276; x_wconf 91' lang='lat' dir='ltr'>FINIBUS</span> 
     </span>
    </p>
   </div>
   <div class='ocr_carea' id='block_1_2' title="bbox 603 333 2008 2626">
    <p class='ocr_par' dir='ltr' id='par_1_2' title="bbox 609 333 2008 716">
     <span class='ocr_line' id='line_1_2' title="bbox 610 333 2006 389; baseline 0.001 -17"><span class='ocrx_word' id='word_1_4' title='bbox 610 335 798 380; x_wconf 81' lang='lat' dir='ltr'>affentior,</span> <span class='ocrx_word' id='word_1_5' title='bbox 824 333 1040 372; x_wconf 87' lang='lat' dir='ltr'>dummodo</span> <span class='ocrx_word' id='word_1_6' title='bbox 1072 334 1119 372; x_wconf 86' lang='lat' dir='ltr'>de</span> <span class='ocrx_word' id='word_1_7' title='bbox 1148 333 1282 372; x_wconf 83' lang='lat' dir='ltr'>iisdem</span> <span class='ocrx_word' id='word_1_8' title='bbox 1302 336 1413 374; x_wconf 85' lang='lat' dir='ltr'>rebus</span> <span class='ocrx_word' id='word_1_9' title='bbox 1443 348 1492 373; x_wconf 90' lang='lat' dir='ltr'>ne</span> <span class='ocrx_word' id='word_1_10' title='bbox 1513 336 1668 374; x_wconf 87' lang='lat' dir='ltr'>Graecos</span> <span class='ocrx_word' id='word_1_11' title='bbox 1688 334 1849 387; x_wconf 89' lang='lat' dir='ltr'>quidem</span> <span class='ocrx_word' id='word_1_12' title='bbox 1876 334 2006 389; x_wconf 89' lang='lat' dir='ltr'>legen-</span> 
     </span>
     <span class='ocr_line' id='line_1_3' title="bbox 610 400 2008 454; baseline 0.001 -15"><span class='ocrx_word' id='word_1_13' title='bbox 610 402 678 439; x_wconf 88' lang='lat' dir='ltr'>dos</span> <span class='ocrx_word' id='word_1_14' title='bbox 698 409 849 453; x_wconf 90' lang='lat' dir='ltr'>putent.</span> <span class='ocrx_word' id='word_1_15' title='bbox 903 400 980 438; x_wconf 89' lang='lat' dir='ltr'>Res</span> <span class='ocrx_word' id='word_1_16' title='bbox 1013 413 1102 438; x_wconf 86' lang='lat' dir='ltr'>vero</span> <span class='ocrx_word' id='word_1_17' title='bbox 1122 400 1254 444; x_wconf 90' lang='lat' dir='ltr'>bonas,</span> <span class='ocrx_word' id='word_1_18' title='bbox 1281 401 1406 439; x_wconf 86' lang='lat' dir='ltr'>verbis</span> <span class='ocrx_word' id='word_1_19' title='bbox 1437 401 1579 445; x_wconf 71' lang='lat' dir='ltr'>electis,</span> <span class='ocrx_word' id='word_1_20' title='bbox 1611 401 1774 453; x_wconf 87' lang='lat' dir='ltr'>graviter</span> <span class='ocrx_word' id='word_1_21' title='bbox 1801 410 2008 454; x_wconf 88' lang='lat' dir='ltr'>ornateque</span> 
     </span>
     <span class='ocr_line' id='line_1_4' title="bbox 611 465 2006 520; baseline 0.001 -17"><span class='ocrx_word' id='word_1_22' title='bbox 611 467 780 510; x_wconf 63' lang='lat' dir='ltr'>dietatas,</span> <span class='ocrx_word' id='word_1_23' title='bbox 801 465 888 518; x_wconf 86' lang='lat' dir='ltr'>quis</span> <span class='ocrx_word' id='word_1_24' title='bbox 909 479 986 503; x_wconf 90' lang='lat' dir='ltr'>non</span> <span class='ocrx_word' id='word_1_25' title='bbox 1006 465 1134 518; x_wconf 84' lang='lat' dir='ltr'>legat?</span> <span class='ocrx_word' id='word_1_26' title='bbox 1166 466 1233 504; x_wconf 84' lang='lat' dir='ltr'>nifi</span> <span class='ocrx_word' id='word_1_27' title='bbox 1249 467 1316 518; x_wconf 90' lang='lat' dir='ltr'>qui</span> <span class='ocrx_word' id='word_1_28' title='bbox 1333 466 1368 504; x_wconf 89' lang='lat' dir='ltr'>se</span> <span class='ocrx_word' id='word_1_29' title='bbox 1383 466 1494 520; x_wconf 87' lang='lat' dir='ltr'>plane</span> <span class='ocrx_word' id='word_1_30' title='bbox 1510 468 1694 505; x_wconf 82' lang='lat' dir='ltr'>Graecum</span> <span class='ocrx_word' id='word_1_31' title='bbox 1714 466 1791 504; x_wconf 90' lang='lat' dir='ltr'>dici</span> <span class='ocrx_word' id='word_1_32' title='bbox 1811 466 1902 505; x_wconf 87' lang='lat' dir='ltr'>velit</span> <span class='ocrx_word' id='word_1_33' title='bbox 1917 486 1930 512; x_wconf 69' lang='grc' dir='ltr'><strong><em>ς</em></strong></span> <span class='ocrx_word' id='word_1_34' title='bbox 1963 477 2006 506; x_wconf 94' lang='lat' dir='ltr'>ut</span> 
     </span>
     <span class='ocr_line' id='line_1_5' title="bbox 610 531 2007 586; baseline 0.001 -16"><span class='ocrx_word' id='word_1_35' title='bbox 610 547 630 570; x_wconf 87' lang='lat' dir='ltr'>a</span> <span class='ocrx_word' id='word_1_36' title='bbox 650 532 814 570; x_wconf 85' lang='lat' dir='ltr'>Scaevola</span> <span class='ocrx_word' id='word_1_37' title='bbox 833 532 885 570; x_wconf 89' lang='lat' dir='ltr'>est</span> <span class='ocrx_word' id='word_1_38' title='bbox 906 533 1068 570; x_wconf 81' lang='lat' dir='ltr'>Praetore</span> <span class='ocrx_word' id='word_1_39' title='bbox 1089 532 1271 570; x_wconf 85' lang='lat' dir='ltr'>salutatus</span> <span class='ocrx_word' id='word_1_40' title='bbox 1288 531 1453 571; x_wconf 86' lang='lat' dir='ltr'><strong>Athenis</strong></span> <span class='ocrx_word' id='word_1_41' title='bbox 1469 533 1676 571; x_wconf 86' lang='lat' dir='ltr'><strong>Albucius.</strong></span> <span class='ocrx_word' id='word_1_42' title='bbox 1700 534 1831 584; x_wconf 82' lang='lat' dir='ltr'>Qem</span> <span class='ocrx_word' id='word_1_43' title='bbox 1847 533 2007 586; x_wconf 90' lang='lat' dir='ltr'>quidem</span> 
     </span>
     <span class='ocr_line' id='line_1_6' title="bbox 610 597 2007 653; baseline 0.001 -17"><span class='ocrx_word' id='word_1_44' title='bbox 610 599 743 637; x_wconf 90' lang='lat' dir='ltr'>locum</span> <span class='ocrx_word' id='word_1_45' title='bbox 762 611 854 636; x_wconf 90' lang='lat' dir='ltr'>cum</span> <span class='ocrx_word' id='word_1_46' title='bbox 874 597 998 636; x_wconf 86' lang='lat' dir='ltr'>multa</span> <span class='ocrx_word' id='word_1_47' title='bbox 1016 597 1209 636; x_wconf 87' lang='lat' dir='ltr'>venustate</span> <span class='ocrx_word' id='word_1_48' title='bbox 1228 607 1266 636; x_wconf 91' lang='lat' dir='ltr'>et</span> <span class='ocrx_word' id='word_1_49' title='bbox 1294 599 1405 637; x_wconf 88' lang='lat' dir='ltr'>omni</span> <span class='ocrx_word' id='word_1_50' title='bbox 1435 599 1507 637; x_wconf 81' lang='lat' dir='ltr'>sale</span> <span class='ocrx_word' id='word_1_51' title='bbox 1537 599 1642 637; x_wconf 88' lang='lat' dir='ltr'>idem</span> <span class='ocrx_word' id='word_1_52' title='bbox 1672 599 1848 638; x_wconf 80' lang='lat' dir='ltr'>Lucilius</span> <span class='ocrx_word' id='word_1_53' title='bbox 1863 617 1877 645; x_wconf 73' lang='lat'>3</span> <span class='ocrx_word' id='word_1_54' title='bbox 1907 599 2007 653; x_wconf 91' lang='lat' dir='ltr'>apud</span> 
     </span>
     <span class='ocr_line' id='line_1_7' title="bbox 609 663 1122 716; baseline 0 -15"><span class='ocrx_word' id='word_1_55' title='bbox 609 677 728 716; x_wconf 87' lang='lat' dir='ltr'>quern</span> <span class='ocrx_word' id='word_1_56' title='bbox 748 664 924 716; x_wconf 86' lang='lat' dir='ltr'>praeclare</span> <span class='ocrx_word' id='word_1_57' title='bbox 945 663 1122 708; x_wconf 74' lang='lat' dir='ltr'>Scaevola,</span> 
     </span>
    </p>

    <p class='ocr_par' dir='ltr' id='par_1_3' title="bbox 748 729 1836 783">
     <span class='ocr_line' id='line_1_8' title="bbox 748 729 1836 783; baseline 0.002 -16"><span class='ocrx_word' id='word_1_58' title='bbox 748 731 918 768; x_wconf 82' lang='lat' dir='ltr'>Graecum</span> <span class='ocrx_word' id='word_1_59' title='bbox 932 739 980 773; x_wconf 86' lang='lat' dir='ltr'>te,</span> <span class='ocrx_word' id='word_1_60' title='bbox 1002 729 1148 774; x_wconf 86' lang='lat' dir='ltr'><em>Albuci,</em></span> <span class='ocrx_word' id='word_1_61' title='bbox 1169 744 1274 783; x_wconf 86' lang='lat' dir='ltr'><em>quam</em></span> <span class='ocrx_word' id='word_1_62' title='bbox 1294 731 1505 774; x_wconf 78' lang='lat' dir='ltr'><em>Romanum,</em></span> <span class='ocrx_word' id='word_1_63' title='bbox 1525 740 1633 783; x_wconf 80' lang='lat' dir='ltr'>atque</span> <span class='ocrx_word' id='word_1_64' title='bbox 1654 730 1836 776; x_wconf 82' lang='lat' dir='ltr'><em>Sabinum,</em></span> 
     </span>
    </p>

    <p class='ocr_par' dir='ltr' id='par_1_4' title="bbox 743 793 1612 847">
     <span class='ocr_line' id='line_1_9' title="bbox 743 793 1612 847; baseline 0 -14"><span class='ocrx_word' id='word_1_65' title='bbox 743 795 964 847; x_wconf 66' lang='lat' dir='ltr'>Adunicipetn</span> <span class='ocrx_word' id='word_1_66' title='bbox 983 795 1110 839; x_wconf 80' lang='lat' dir='ltr'><em>Ponti,</em></span> <span class='ocrx_word' id='word_1_67' title='bbox 1143 793 1329 839; x_wconf 80' lang='lat' dir='ltr'>Tritanni,</span> <span class='ocrx_word' id='word_1_68' title='bbox 1356 795 1612 839; x_wconf 84' lang='lat' dir='ltr'><em>centurionum,</em></span> 
     </span>
    </p>

    <p class='ocr_par' dir='ltr' id='par_1_5' title="bbox 744 860 1828 914">
     <span class='ocr_line' id='line_1_10' title="bbox 744 860 1828 914; baseline 0.001 -16"><span class='ocrx_word' id='word_1_69' title='bbox 744 860 1015 899; x_wconf 83' lang='lat' dir='ltr'>Praeclarorum</span> <span class='ocrx_word' id='word_1_70' title='bbox 1033 860 1222 904; x_wconf 79' lang='lat' dir='ltr'><em>hominum,</em></span> <span class='ocrx_word' id='word_1_71' title='bbox 1243 875 1287 898; x_wconf 89' lang='lat' dir='ltr'>ac</span> <span class='ocrx_word' id='word_1_72' title='bbox 1298 861 1512 913; x_wconf 85' lang='lat' dir='ltr'>primorum,</span> <span class='ocrx_word' id='word_1_73' title='bbox 1529 860 1828 914; x_wconf 57' lang='lat' dir='ltr'>stgnfirumque,</span> 
     </span>
    </p>

    <p class='ocr_par' dir='ltr' id='par_1_6' title="bbox 743 925 1637 979">
     <span class='ocr_line' id='line_1_11' title="bbox 743 925 1637 979; baseline 0.001 -15"><span class='ocrx_word' id='word_1_74' title='bbox 743 926 912 979; x_wconf 73' lang='lat' dir='ltr'>Maluisti</span> <span class='ocrx_word' id='word_1_75' title='bbox 926 925 1007 965; x_wconf 85' lang='lat' dir='ltr'>dici.</span> <span class='ocrx_word' id='word_1_76' title='bbox 1052 926 1181 965; x_wconf 81' lang='lat' dir='ltr'>Graece</span> <span class='ocrx_word' id='word_1_77' title='bbox 1199 941 1280 979; x_wconf 83' lang='lat' dir='ltr'>ergo</span> <span class='ocrx_word' id='word_1_78' title='bbox 1300 927 1452 965; x_wconf 83' lang='lat' dir='ltr'>Praetor</span> <span class='ocrx_word' id='word_1_79' title='bbox 1464 926 1637 971; x_wconf 81' lang='lat' dir='ltr'><em>Athenis,</em></span> 
     </span>
    </p>

    <p class='ocr_par' dir='ltr' id='par_1_7' title="bbox 744 991 1706 1046">
     <span class='ocr_line' id='line_1_12' title="bbox 744 991 1706 1046; baseline 0 -15"><span class='ocrx_word' id='word_1_80' title='bbox 744 992 795 1032; x_wconf 89' lang='lat' dir='ltr'>Id</span> <span class='ocrx_word' id='word_1_81' title='bbox 807 991 901 1046; x_wconf 84' lang='lat' dir='ltr'><em>quod</em></span> <span class='ocrx_word' id='word_1_82' title='bbox 913 991 1075 1046; x_wconf 70' lang='lat' dir='ltr'><em>malussi,</em></span> <span class='ocrx_word' id='word_1_83' title='bbox 1097 1002 1145 1038; x_wconf 80' lang='lat' dir='ltr'>te,</span> <span class='ocrx_word' id='word_1_84' title='bbox 1166 1008 1244 1032; x_wconf 86' lang='lat' dir='ltr'>cum</span> <span class='ocrx_word' id='word_1_85' title='bbox 1263 993 1315 1031; x_wconf 84' lang='lat' dir='ltr'>ad</span> <span class='ocrx_word' id='word_1_86' title='bbox 1327 1008 1380 1032; x_wconf 85' lang='lat' dir='ltr'>me</span> <span class='ocrx_word' id='word_1_87' title='bbox 1397 992 1545 1038; x_wconf 81' lang='lat' dir='ltr'>accedi&#39;‚</span> <span class='ocrx_word' id='word_1_88' title='bbox 1552 993 1677 1046; x_wconf 87' lang='lat' dir='ltr'><em>saluto</em></span> <span class='ocrx_word' id='word_1_89' title='bbox 1692 1009 1706 1031; x_wconf 91' lang='lat'><em>:</em></span> 
     </span>
    </p>

    <p class='ocr_par' dir='ltr' id='par_1_8' title="bbox 745 1055 1844 1112">
     <span class='ocr_line' id='line_1_13' title="bbox 745 1055 1844 1112; baseline 0.004 -19"><span class='ocrx_word' id='word_1_90' title='bbox 745 1057 855 1107; x_wconf 71' lang='grc' dir='ltr'>Χαῖρε,</span> <span class='ocrx_word' id='word_1_91' title='bbox 877 1058 1034 1111; x_wconf 83' lang='lat' dir='ltr'><em>inquam,</em></span> <span class='ocrx_word' id='word_1_92' title='bbox 1056 1055 1163 1097; x_wconf 77' lang='lat' dir='ltr'><em>Tite.-</em></span> <span class='ocrx_word' id='word_1_93' title='bbox 1193 1059 1345 1103; x_wconf 66' lang='lat' dir='ltr'>lic‘lores,</span> <span class='ocrx_word' id='word_1_94' title='bbox 1367 1068 1490 1097; x_wconf 85' lang='lat' dir='ltr'>turma</span> <span class='ocrx_word' id='word_1_95' title='bbox 1505 1059 1599 1097; x_wconf 87' lang='lat' dir='ltr'><em>omni</em></span> <span class='ocrx_word' id='word_1_96' title='bbox 1604 1059 1625 1103; x_wconf 89' lang='lat'>&#39;,</span> <span class='ocrx_word' id='word_1_97' title='bbox 1646 1057 1844 1112; x_wconf 77' lang='lat' dir='ltr'><em>cohorsque,</em></span> 
     </span>
    </p>

    <p class='ocr_par' dir='ltr' id='par_1_9' title="bbox 605 1121 2007 1686">
     <span class='ocr_line' id='line_1_14' title="bbox 743 1121 1788 1178; baseline -0.001 -15"><span class='ocrx_word' id='word_1_98' title='bbox 743 1122 852 1173; x_wconf 70' lang='grc' dir='ltr'>Χαῖρε,</span> <span class='ocrx_word' id='word_1_99' title='bbox 875 1121 981 1163; x_wconf 80' lang='lat' dir='ltr'>Tite.-</span> <span class='ocrx_word' id='word_1_100' title='bbox 1011 1124 1095 1162; x_wconf 83' lang='lat' dir='ltr'><em>hinc</em></span> <span class='ocrx_word' id='word_1_101' title='bbox 1112 1124 1214 1178; x_wconf 83' lang='lat' dir='ltr'><em>hostis</em></span> <span class='ocrx_word' id='word_1_102' title='bbox 1233 1126 1286 1163; x_wconf 78' lang='lat' dir='ltr'>mi</span> <span class='ocrx_word' id='word_1_103' title='bbox 1305 1125 1489 1170; x_wconf 83' lang='lat' dir='ltr'><em>Albucius,</em></span> <span class='ocrx_word' id='word_1_104' title='bbox 1512 1125 1594 1163; x_wconf 80' lang='lat' dir='ltr'><em>hinc</em></span> <span class='ocrx_word' id='word_1_105' title='bbox 1613 1125 1788 1163; x_wconf 83' lang='lat' dir='ltr'>iuimicus.</span> 
     </span>
     <span class='ocr_line' id='line_1_15' title="bbox 607 1188 2006 1242; baseline 0.001 -16"><span class='ocrx_word' id='word_1_106' title='bbox 607 1188 680 1227; x_wconf 85' lang='lat' dir='ltr'>Sed</span> <span class='ocrx_word' id='word_1_107' title='bbox 694 1189 780 1240; x_wconf 89' lang='lat' dir='ltr'>jure</span> <span class='ocrx_word' id='word_1_108' title='bbox 801 1189 976 1227; x_wconf 88' lang='lat' dir='ltr'>Mucius.</span> <span class='ocrx_word' id='word_1_109' title='bbox 1020 1190 1106 1242; x_wconf 86' lang='lat' dir='ltr'>Ego</span> <span class='ocrx_word' id='word_1_110' title='bbox 1124 1200 1254 1227; x_wconf 88' lang='lat' dir='ltr'>autem</span> <span class='ocrx_word' id='word_1_111' title='bbox 1274 1189 1360 1227; x_wconf 90' lang='lat' dir='ltr'>satis</span> <span class='ocrx_word' id='word_1_112' title='bbox 1391 1190 1521 1228; x_wconf 83' lang='lat' dir='ltr'>mirari</span> <span class='ocrx_word' id='word_1_113' title='bbox 1550 1203 1628 1228; x_wconf 86' lang='lat' dir='ltr'>non</span> <span class='ocrx_word' id='word_1_114' title='bbox 1659 1203 1773 1242; x_wconf 88' lang='lat' dir='ltr'>queo,</span> <span class='ocrx_word' id='word_1_115' title='bbox 1805 1188 1905 1227; x_wconf 87' lang='lat' dir='ltr'>unde</span> <span class='ocrx_word' id='word_1_116' title='bbox 1929 1188 2006 1228; x_wconf 91' lang='lat' dir='ltr'>hoc</span> 
     </span>
     <span class='ocr_line' id='line_1_16' title="bbox 607 1253 2007 1294; baseline 0.001 -3"><span class='ocrx_word' id='word_1_117' title='bbox 607 1254 652 1292; x_wconf 86' lang='lat' dir='ltr'>fit</span> <span class='ocrx_word' id='word_1_118' title='bbox 673 1263 751 1291; x_wconf 86' lang='lat' dir='ltr'>tarn</span> <span class='ocrx_word' id='word_1_119' title='bbox 772 1253 935 1292; x_wconf 89' lang='lat' dir='ltr'>insolens</span> <span class='ocrx_word' id='word_1_120' title='bbox 955 1253 1246 1292; x_wconf 81' lang='lat' dir='ltr'>domesticarum</span> <span class='ocrx_word' id='word_1_121' title='bbox 1264 1268 1392 1293; x_wconf 90' lang='lat' dir='ltr'>rerum</span> <span class='ocrx_word' id='word_1_122' title='bbox 1411 1254 1620 1293; x_wconf 82' lang='lat' dir='ltr'>fastidium.</span> <span class='ocrx_word' id='word_1_123' title='bbox 1658 1255 1753 1294; x_wconf 90' lang='lat' dir='ltr'>Non</span> <span class='ocrx_word' id='word_1_124' title='bbox 1774 1254 1827 1292; x_wconf 89' lang='lat' dir='ltr'>est</span> <span class='ocrx_word' id='word_1_125' title='bbox 1844 1255 2007 1293; x_wconf 88' lang='lat' dir='ltr'>omnino</span> 
     </span>
     <span class='ocr_line' id='line_1_17' title="bbox 606 1317 2004 1372; baseline 0.001 -16"><span class='ocrx_word' id='word_1_126' title='bbox 606 1317 673 1357; x_wconf 88' lang='lat' dir='ltr'>hic</span> <span class='ocrx_word' id='word_1_127' title='bbox 693 1319 856 1357; x_wconf 87' lang='lat' dir='ltr'>docendi</span> <span class='ocrx_word' id='word_1_128' title='bbox 877 1319 985 1357; x_wconf 87' lang='lat' dir='ltr'>locus</span> <span class='ocrx_word' id='word_1_129' title='bbox 1004 1334 1013 1357; x_wconf 74' lang='grc' dir='ltr'>ε</span> <span class='ocrx_word' id='word_1_130' title='bbox 1044 1319 1107 1356; x_wconf 86' lang='lat' dir='ltr'>sed</span> <span class='ocrx_word' id='word_1_131' title='bbox 1126 1320 1179 1357; x_wconf 87' lang='lat' dir='ltr'>ita</span> <span class='ocrx_word' id='word_1_132' title='bbox 1203 1319 1325 1358; x_wconf 88' lang='lat' dir='ltr'>sentio</span> <span class='ocrx_word' id='word_1_133' title='bbox 1344 1330 1382 1357; x_wconf 87' lang='lat' dir='ltr'>et</span> <span class='ocrx_word' id='word_1_134' title='bbox 1401 1319 1495 1372; x_wconf 85' lang='lat' dir='ltr'>saepe</span> <span class='ocrx_word' id='word_1_135' title='bbox 1521 1320 1686 1364; x_wconf 84' lang='lat' dir='ltr'>differui,</span> <span class='ocrx_word' id='word_1_136' title='bbox 1718 1320 1899 1358; x_wconf 84' lang='lat' dir='ltr'>Latinam</span> <span class='ocrx_word' id='word_1_137' title='bbox 1925 1319 2004 1358; x_wconf 91' lang='lat' dir='ltr'>lin-</span> 
     </span>
     <span class='ocr_line' id='line_1_18' title="bbox 605 1385 2005 1438; baseline 0.001 -16"><span class='ocrx_word' id='word_1_138' title='bbox 605 1398 724 1436; x_wconf 86' lang='lat' dir='ltr'>guam</span> <span class='ocrx_word' id='word_1_139' title='bbox 744 1398 822 1423; x_wconf 93' lang='lat' dir='ltr'>non</span> <span class='ocrx_word' id='word_1_140' title='bbox 842 1385 960 1423; x_wconf 90' lang='lat' dir='ltr'>modo</span> <span class='ocrx_word' id='word_1_141' title='bbox 990 1398 1068 1422; x_wconf 91' lang='lat' dir='ltr'>non</span> <span class='ocrx_word' id='word_1_142' title='bbox 1089 1385 1261 1437; x_wconf 86' lang='lat' dir='ltr'>inopem,</span> <span class='ocrx_word' id='word_1_143' title='bbox 1293 1394 1337 1422; x_wconf 93' lang='lat' dir='ltr'>ut</span> <span class='ocrx_word' id='word_1_144' title='bbox 1367 1385 1484 1438; x_wconf 89' lang='lat' dir='ltr'>vulgo</span> <span class='ocrx_word' id='word_1_145' title='bbox 1514 1394 1705 1438; x_wconf 87' lang='lat' dir='ltr'>putarent,</span> <span class='ocrx_word' id='word_1_146' title='bbox 1735 1385 1798 1423; x_wconf 88' lang='lat' dir='ltr'>sed</span> <span class='ocrx_word' id='word_1_147' title='bbox 1830 1385 2005 1438; x_wconf 88' lang='lat' dir='ltr'>locuple-</span> 
     </span>
     <span class='ocr_line' id='line_1_19' title="bbox 606 1450 2006 1503; baseline 0.001 -15"><span class='ocrx_word' id='word_1_148' title='bbox 606 1451 745 1488; x_wconf 89' lang='lat' dir='ltr'>tiorem</span> <span class='ocrx_word' id='word_1_149' title='bbox 766 1451 882 1489; x_wconf 86' lang='lat' dir='ltr'>etiam</span> <span class='ocrx_word' id='word_1_150' title='bbox 901 1450 971 1488; x_wconf 78' lang='lat' dir='ltr'>effe</span> <span class='ocrx_word' id='word_1_151' title='bbox 986 1464 1104 1503; x_wconf 86' lang='lat' dir='ltr'>quam</span> <span class='ocrx_word' id='word_1_152' title='bbox 1120 1452 1313 1489; x_wconf 69' lang='lat' dir='ltr'>Graecam.</span> <span class='ocrx_word' id='word_1_153' title='bbox 1337 1451 1505 1502; x_wconf 83' lang='lat' dir='ltr'>Qando</span> <span class='ocrx_word' id='word_1_154' title='bbox 1524 1452 1644 1495; x_wconf 88' lang='lat' dir='ltr'>enim,</span> <span class='ocrx_word' id='word_1_155' title='bbox 1665 1464 1713 1488; x_wconf 90' lang='lat' dir='ltr'>ne</span> <span class='ocrx_word' id='word_1_156' title='bbox 1732 1451 1844 1489; x_wconf 85' lang='lat' dir='ltr'>nobis</span> <span class='ocrx_word' id='word_1_157' title='bbox 1863 1450 2006 1496; x_wconf 74' lang='lat' dir='ltr'>dicam,</span> 
     </span>
     <span class='ocr_line' id='line_1_20' title="bbox 607 1516 2006 1570; baseline 0.001 -16"><span class='ocrx_word' id='word_1_158' title='bbox 607 1526 672 1554; x_wconf 85' lang='lat' dir='ltr'>aut</span> <span class='ocrx_word' id='word_1_159' title='bbox 691 1517 903 1556; x_wconf 87' lang='lat' dir='ltr'>oratoribus</span> <span class='ocrx_word' id='word_1_160' title='bbox 930 1517 1056 1562; x_wconf 87' lang='lat' dir='ltr'>bonis,</span> <span class='ocrx_word' id='word_1_161' title='bbox 1082 1526 1146 1554; x_wconf 91' lang='lat' dir='ltr'>aut</span> <span class='ocrx_word' id='word_1_162' title='bbox 1166 1517 1303 1570; x_wconf 90' lang='lat' dir='ltr'>poetis,</span> <span class='ocrx_word' id='word_1_163' title='bbox 1328 1517 1452 1570; x_wconf 85' lang='lat' dir='ltr'>postea</span> <span class='ocrx_word' id='word_1_164' title='bbox 1467 1517 1625 1570; x_wconf 85' lang='lat' dir='ltr'>quidem</span> <span class='ocrx_word' id='word_1_165' title='bbox 1653 1531 1770 1569; x_wconf 89' lang='lat' dir='ltr'>quam</span> <span class='ocrx_word' id='word_1_166' title='bbox 1791 1516 1869 1555; x_wconf 86' lang='lat' dir='ltr'>fuit</span> <span class='ocrx_word' id='word_1_167' title='bbox 1888 1531 2006 1570; x_wconf 91' lang='lat' dir='ltr'>quem</span> 
     </span>
     <span class='ocr_line' id='line_1_21' title="bbox 606 1583 2006 1636; baseline 0.001 -15"><span class='ocrx_word' id='word_1_168' title='bbox 606 1583 863 1629; x_wconf 83' lang='lat' dir='ltr'>imitarentur,</span> <span class='ocrx_word' id='word_1_169' title='bbox 893 1583 995 1622; x_wconf 86' lang='lat' dir='ltr'>ullus</span> <span class='ocrx_word' id='word_1_170' title='bbox 1025 1583 1204 1622; x_wconf 86' lang='lat' dir='ltr'>orationis</span> <span class='ocrx_word' id='word_1_171' title='bbox 1236 1583 1294 1621; x_wconf 91' lang='lat' dir='ltr'>vel</span> <span class='ocrx_word' id='word_1_172' title='bbox 1323 1583 1496 1636; x_wconf 85' lang='lat' dir='ltr'>copiosae,</span> <span class='ocrx_word' id='word_1_173' title='bbox 1539 1583 1598 1622; x_wconf 92' lang='lat' dir='ltr'>vel</span> <span class='ocrx_word' id='word_1_174' title='bbox 1633 1583 1817 1636; x_wconf 85' lang='lat' dir='ltr'>elegantis</span> <span class='ocrx_word' id='word_1_175' title='bbox 1851 1593 2006 1622; x_wconf 87' lang='lat' dir='ltr'>ornatus</span> 
     </span>
     <span class='ocr_line' id='line_1_22' title="bbox 607 1647 760 1686; baseline -0.007 0"><span class='ocrx_word' id='word_1_176' title='bbox 607 1647 731 1686; x_wconf 73' lang='lat' dir='ltr'>defuit</span> <span class='ocrx_word' id='word_1_177' title='bbox 747 1648 760 1685; x_wconf 90' lang='lat'>?</span> 
     </span>
    </p>

    <p class='ocr_par' dir='ltr' id='par_1_10' title="bbox 603 1713 2006 2214">
     <span class='ocr_line' id='line_1_23' title="bbox 654 1713 2006 1768; baseline 0.001 -16"><span class='ocrx_word' id='word_1_178' title='bbox 654 1715 724 1752; x_wconf 91' lang='lat' dir='ltr'>1V.</span> <span class='ocrx_word' id='word_1_179' title='bbox 749 1716 834 1767; x_wconf 86' lang='lat' dir='ltr'>Ego</span> <span class='ocrx_word' id='word_1_180' title='bbox 853 1728 954 1758; x_wconf 89' lang='lat' dir='ltr'>vero,</span> <span class='ocrx_word' id='word_1_181' title='bbox 976 1728 1068 1752; x_wconf 88' lang='lat' dir='ltr'>cum</span> <span class='ocrx_word' id='word_1_182' title='bbox 1089 1713 1299 1753; x_wconf 83' lang='lat' dir='ltr'>forensibus</span> <span class='ocrx_word' id='word_1_183' title='bbox 1319 1715 1457 1768; x_wconf 88' lang='lat' dir='ltr'>operis,</span> <span class='ocrx_word' id='word_1_184' title='bbox 1480 1715 1688 1759; x_wconf 84' lang='lat' dir='ltr'>laboribus,</span> <span class='ocrx_word' id='word_1_185' title='bbox 1712 1714 1905 1767; x_wconf 66' lang='lat' dir='ltr'>periculis»,</span> <span class='ocrx_word' id='word_1_186' title='bbox 1927 1728 2006 1753; x_wconf 91' lang='lat' dir='ltr'>non</span> 
     </span>
     <span class='ocr_line' id='line_1_24' title="bbox 603 1779 2005 1834; baseline 0.001 -17"><span class='ocrx_word' id='word_1_187' title='bbox 603 1779 798 1818; x_wconf 75' lang='lat' dir='ltr'>deseruiise</span> <span class='ocrx_word' id='word_1_188' title='bbox 818 1779 918 1818; x_wconf 86' lang='lat' dir='ltr'>mihi</span> <span class='ocrx_word' id='word_1_189' title='bbox 938 1779 1068 1817; x_wconf 88' lang='lat' dir='ltr'>videor</span> <span class='ocrx_word' id='word_1_190' title='bbox 1087 1780 1316 1832; x_wconf 64' lang='lat' dir='ltr'>praesidium,</span> <span class='ocrx_word' id='word_1_191' title='bbox 1338 1781 1378 1818; x_wconf 91' lang='lat' dir='ltr'>in</span> <span class='ocrx_word' id='word_1_192' title='bbox 1399 1794 1478 1833; x_wconf 90' lang='lat' dir='ltr'>quo</span> <span class='ocrx_word' id='word_1_193' title='bbox 1497 1794 1518 1818; x_wconf 91' lang='lat' dir='ltr'>a</span> <span class='ocrx_word' id='word_1_194' title='bbox 1536 1780 1681 1834; x_wconf 89' lang='lat' dir='ltr'>populo</span> <span class='ocrx_word' id='word_1_195' title='bbox 1702 1781 1881 1818; x_wconf 88' lang='lat' dir='ltr'>Romano</span> <span class='ocrx_word' id='word_1_196' title='bbox 1901 1779 2005 1818; x_wconf 84' lang='lat' dir='ltr'>loca-</span> 
     </span>
     <span class='ocr_line' id='line_1_25' title="bbox 606 1844 2005 1899; baseline 0.001 -16"><span class='ocrx_word' id='word_1_197' title='bbox 606 1855 666 1883; x_wconf 90' lang='lat' dir='ltr'>tus</span> <span class='ocrx_word' id='word_1_198' title='bbox 689 1845 796 1890; x_wconf 84' lang='lat' dir='ltr'>sum;</span> <span class='ocrx_word' id='word_1_199' title='bbox 828 1846 948 1884; x_wconf 88' lang='lat' dir='ltr'>debeo</span> <span class='ocrx_word' id='word_1_200' title='bbox 978 1844 1161 1898; x_wconf 62' lang='lat' dir='ltr'>profesto,</span> <span class='ocrx_word' id='word_1_201' title='bbox 1196 1855 1542 1899; x_wconf 85' lang='lat' dir='ltr'>quantumcunque</span> <span class='ocrx_word' id='word_1_202' title='bbox 1570 1846 1721 1899; x_wconf 83' lang='lat' dir='ltr'>poffim,</span> <span class='ocrx_word' id='word_1_203' title='bbox 1757 1847 1797 1884; x_wconf 90' lang='lat' dir='ltr'>in</span> <span class='ocrx_word' id='word_1_204' title='bbox 1830 1859 1875 1884; x_wconf 87' lang='lat' dir='ltr'>eo</span> <span class='ocrx_word' id='word_1_205' title='bbox 1905 1860 2005 1899; x_wconf 90' lang='lat' dir='ltr'>quo-</span> 
     </span>
     <span class='ocr_line' id='line_1_26' title="bbox 607 1912 2006 1965; baseline 0 -15"><span class='ocrx_word' id='word_1_206' title='bbox 607 1926 682 1964; x_wconf 86' lang='lat' dir='ltr'>quc</span> <span class='ocrx_word' id='word_1_207' title='bbox 702 1912 904 1957; x_wconf 84' lang='lat' dir='ltr'>elaborare,</span> <span class='ocrx_word' id='word_1_208' title='bbox 940 1921 982 1949; x_wconf 91' lang='lat' dir='ltr'>ut</span> <span class='ocrx_word' id='word_1_209' title='bbox 1003 1912 1075 1949; x_wconf 78' lang='lat' dir='ltr'>sint</span> <span class='ocrx_word' id='word_1_210' title='bbox 1095 1912 1221 1965; x_wconf 64' lang='lat' dir='ltr'>opera,</span> <span class='ocrx_word' id='word_1_211' title='bbox 1258 1912 1395 1958; x_wconf 88' lang='lat' dir='ltr'>studio,</span> <span class='ocrx_word' id='word_1_212' title='bbox 1422 1913 1550 1951; x_wconf 85' lang='lat' dir='ltr'>labore</span> <span class='ocrx_word' id='word_1_213' title='bbox 1570 1926 1658 1951; x_wconf 90' lang='lat' dir='ltr'>meo</span> <span class='ocrx_word' id='word_1_214' title='bbox 1688 1912 1874 1951; x_wconf 67' lang='lat' dir='ltr'>dostiores</span> <span class='ocrx_word' id='word_1_215' title='bbox 1904 1913 2006 1951; x_wconf 89' lang='lat' dir='ltr'>cives</span> 
     </span>
     <span class='ocr_line' id='line_1_27' title="bbox 607 1977 2003 2030; baseline -0.001 -14"><span class='ocrx_word' id='word_1_216' title='bbox 607 1978 700 2023; x_wconf 84' lang='lat' dir='ltr'>mei,</span> <span class='ocrx_word' id='word_1_217' title='bbox 722 1991 791 2016; x_wconf 92' lang='lat' dir='ltr'>nec</span> <span class='ocrx_word' id='word_1_218' title='bbox 812 1991 904 2015; x_wconf 88' lang='lat' dir='ltr'>cum</span> <span class='ocrx_word' id='word_1_219' title='bbox 931 1977 1008 2016; x_wconf 87' lang='lat' dir='ltr'>istis</span> <span class='ocrx_word' id='word_1_220' title='bbox 1031 1986 1225 2030; x_wconf 87' lang='lat' dir='ltr'>tantopere</span> <span class='ocrx_word' id='word_1_221' title='bbox 1247 1991 1427 2030; x_wconf 88' lang='lat' dir='ltr'>pugnare,</span> <span class='ocrx_word' id='word_1_222' title='bbox 1449 1979 1515 2030; x_wconf 80' lang='lat' dir='ltr'>qui</span> <span class='ocrx_word' id='word_1_223' title='bbox 1544 1979 1679 2016; x_wconf 84' lang='lat' dir='ltr'>Graeca</span> <span class='ocrx_word' id='word_1_224' title='bbox 1698 1977 1822 2030; x_wconf 88' lang='lat' dir='ltr'>legere</span> <span class='ocrx_word' id='word_1_225' title='bbox 1843 1978 2003 2022; x_wconf 74' lang='lat' dir='ltr'>malint3</span> 
     </span>
     <span class='ocr_line' id='line_1_28' title="bbox 609 2043 2004 2096; baseline -0.001 -15"><span class='ocrx_word' id='word_1_226' title='bbox 609 2044 746 2095; x_wconf 88' lang='lat' dir='ltr'>(modo</span> <span class='ocrx_word' id='word_1_227' title='bbox 766 2043 892 2096; x_wconf 90' lang='lat' dir='ltr'>legant</span> <span class='ocrx_word' id='word_1_228' title='bbox 913 2043 979 2081; x_wconf 86' lang='lat' dir='ltr'>illa</span> <span class='ocrx_word' id='word_1_229' title='bbox 999 2043 1089 2096; x_wconf 81' lang='lat' dir='ltr'>ipsa,</span> <span class='ocrx_word' id='word_1_230' title='bbox 1120 2056 1190 2081; x_wconf 90' lang='lat' dir='ltr'>nec</span> <span class='ocrx_word' id='word_1_231' title='bbox 1211 2043 1409 2093; x_wconf 81' lang='lat' dir='ltr'>slmulent)</span> <span class='ocrx_word' id='word_1_232' title='bbox 1432 2053 1469 2081; x_wconf 90' lang='lat' dir='ltr'>et</span> <span class='ocrx_word' id='word_1_233' title='bbox 1491 2043 1536 2080; x_wconf 88' lang='lat' dir='ltr'>iis</span> <span class='ocrx_word' id='word_1_234' title='bbox 1559 2043 1704 2088; x_wconf 75' lang='lat' dir='ltr'>servire,</span> <span class='ocrx_word' id='word_1_235' title='bbox 1726 2043 1794 2095; x_wconf 88' lang='lat' dir='ltr'>qui</span> <span class='ocrx_word' id='word_1_236' title='bbox 1815 2043 1874 2080; x_wconf 89' lang='lat' dir='ltr'>vel</span> <span class='ocrx_word' id='word_1_237' title='bbox 1892 2043 2004 2081; x_wconf 86' lang='lat' dir='ltr'>utris-</span> 
     </span>
     <span class='ocr_line' id='line_1_29' title="bbox 607 2108 2006 2162; baseline 0 -14"><span class='ocrx_word' id='word_1_238' title='bbox 607 2123 683 2162; x_wconf 90' lang='lat' dir='ltr'>que</span> <span class='ocrx_word' id='word_1_239' title='bbox 704 2110 822 2148; x_wconf 82' lang='lat' dir='ltr'>literis</span> <span class='ocrx_word' id='word_1_240' title='bbox 852 2109 909 2147; x_wconf 82' lang='lat' dir='ltr'>uti</span> <span class='ocrx_word' id='word_1_241' title='bbox 930 2109 1062 2154; x_wconf 88' lang='lat' dir='ltr'>velint,</span> <span class='ocrx_word' id='word_1_242' title='bbox 1097 2110 1170 2154; x_wconf 84' lang='lat' dir='ltr'>vel,</span> <span class='ocrx_word' id='word_1_243' title='bbox 1201 2109 1226 2147; x_wconf 81' lang='lat' dir='ltr'>si</span> <span class='ocrx_word' id='word_1_244' title='bbox 1262 2109 1343 2148; x_wconf 87' lang='lat' dir='ltr'>suas</span> <span class='ocrx_word' id='word_1_245' title='bbox 1369 2108 1526 2155; x_wconf 84' lang='lat' dir='ltr'>habent,</span> <span class='ocrx_word' id='word_1_246' title='bbox 1563 2110 1645 2148; x_wconf 83' lang='lat' dir='ltr'>illas</span> <span class='ocrx_word' id='word_1_247' title='bbox 1678 2123 1754 2148; x_wconf 88' lang='lat' dir='ltr'>non</span> <span class='ocrx_word' id='word_1_248' title='bbox 1777 2123 2006 2162; x_wconf 83' lang='lat' dir='ltr'>magnopere</span> 
     </span>
     <span class='ocr_line' id='line_1_30' title="bbox 607 2176 828 2214; baseline 0.005 -1"><span class='ocrx_word' id='word_1_249' title='bbox 607 2176 828 2214; x_wconf 79' lang='lat' dir='ltr'>deiiderent.</span> 
     </span>
    </p>

    <p class='ocr_par' dir='ltr' id='par_1_11' title="bbox 605 2240 2006 2626">
     <span class='ocr_line' id='line_1_31' title="bbox 662 2240 2003 2294; baseline -0.001 -14"><span class='ocrx_word' id='word_1_250' title='bbox 662 2242 744 2294; x_wconf 85' lang='lat' dir='ltr'>Qi</span> <span class='ocrx_word' id='word_1_251' title='bbox 765 2251 892 2280; x_wconf 85' lang='lat' dir='ltr'>autem</span> <span class='ocrx_word' id='word_1_252' title='bbox 913 2241 984 2279; x_wconf 82' lang='lat' dir='ltr'>alia</span> <span class='ocrx_word' id='word_1_253' title='bbox 1014 2241 1163 2279; x_wconf 84' lang='lat' dir='ltr'>malunt</span> <span class='ocrx_word' id='word_1_254' title='bbox 1191 2240 1303 2279; x_wconf 84' lang='lat' dir='ltr'>scribi</span> <span class='ocrx_word' id='word_1_255' title='bbox 1325 2255 1343 2278; x_wconf 90' lang='lat' dir='ltr'>a</span> <span class='ocrx_word' id='word_1_256' title='bbox 1365 2241 1490 2285; x_wconf 84' lang='lat' dir='ltr'>nobis,</span> <span class='ocrx_word' id='word_1_257' title='bbox 1512 2241 1611 2294; x_wconf 78' lang='lat' dir='ltr'>aequi</span> <span class='ocrx_word' id='word_1_258' title='bbox 1627 2240 1696 2279; x_wconf 78' lang='lat' dir='ltr'>effe</span> <span class='ocrx_word' id='word_1_259' title='bbox 1716 2241 1871 2285; x_wconf 82' lang='lat' dir='ltr'>debent,</span> <span class='ocrx_word' id='word_1_260' title='bbox 1900 2241 2003 2293; x_wconf 91' lang='lat' dir='ltr'>quod</span> 
     </span>
     <span class='ocr_line' id='line_1_32' title="bbox 608 2306 2006 2361; baseline 0.001 -16"><span class='ocrx_word' id='word_1_261' title='bbox 608 2317 645 2346; x_wconf 87' lang='lat' dir='ltr'>et</span> <span class='ocrx_word' id='word_1_262' title='bbox 668 2307 804 2361; x_wconf 87' lang='lat' dir='ltr'>scripta</span> <span class='ocrx_word' id='word_1_263' title='bbox 823 2307 946 2346; x_wconf 83' lang='lat' dir='ltr'>multa</span> <span class='ocrx_word' id='word_1_264' title='bbox 963 2307 1062 2352; x_wconf 91' lang='lat' dir='ltr'>sunt,</span> <span class='ocrx_word' id='word_1_265' title='bbox 1083 2307 1131 2345; x_wconf 85' lang='lat' dir='ltr'>fic</span> <span class='ocrx_word' id='word_1_266' title='bbox 1153 2317 1193 2345; x_wconf 87' lang='lat' dir='ltr'>ut</span> <span class='ocrx_word' id='word_1_267' title='bbox 1215 2307 1323 2360; x_wconf 81' lang='lat' dir='ltr'>plura</span> <span class='ocrx_word' id='word_1_268' title='bbox 1344 2307 1488 2346; x_wconf 88' lang='lat' dir='ltr'>nemini</span> <span class='ocrx_word' id='word_1_269' title='bbox 1508 2322 1529 2346; x_wconf 88' lang='lat' dir='ltr'>e</span> <span class='ocrx_word' id='word_1_270' title='bbox 1550 2307 1683 2345; x_wconf 85' lang='lat' dir='ltr'>nostris</span> <span class='ocrx_word' id='word_1_271' title='bbox 1701 2326 1711 2351; x_wconf 86' lang='lat'>;</span> <span class='ocrx_word' id='word_1_272' title='bbox 1739 2317 1776 2345; x_wconf 90' lang='lat' dir='ltr'>et</span> <span class='ocrx_word' id='word_1_273' title='bbox 1792 2306 2006 2346; x_wconf 81' lang='lat' dir='ltr'>scribentur</span> 
     </span>
     <span class='ocr_line' id='line_1_33' title="bbox 607 2372 2004 2428; baseline -0.001 -15"><span class='ocrx_word' id='word_1_274' title='bbox 607 2373 755 2413; x_wconf 84' lang='lat' dir='ltr'>sortasse</span> <span class='ocrx_word' id='word_1_275' title='bbox 775 2374 896 2428; x_wconf 83' lang='lat' dir='ltr'>plura,</span> <span class='ocrx_word' id='word_1_276' title='bbox 920 2373 943 2412; x_wconf 78' lang='lat' dir='ltr'>si</span> <span class='ocrx_word' id='word_1_277' title='bbox 966 2374 1042 2411; x_wconf 86' lang='lat' dir='ltr'>vita</span> <span class='ocrx_word' id='word_1_278' title='bbox 1062 2373 1257 2427; x_wconf 75' lang='lat' dir='ltr'>suppetet:</span> <span class='ocrx_word' id='word_1_279' title='bbox 1290 2384 1326 2412; x_wconf 85' lang='lat' dir='ltr'>ct</span> <span class='ocrx_word' id='word_1_280' title='bbox 1347 2383 1475 2412; x_wconf 85' lang='lat' dir='ltr'>tamen</span> <span class='ocrx_word' id='word_1_281' title='bbox 1495 2374 1563 2426; x_wconf 87' lang='lat' dir='ltr'>qui</span> <span class='ocrx_word' id='word_1_282' title='bbox 1583 2373 1788 2427; x_wconf 82' lang='lat' dir='ltr'>diligenter</span> <span class='ocrx_word' id='word_1_283' title='bbox 1805 2372 1901 2419; x_wconf 68' lang='lat' dir='ltr'>haec,</span> <span class='ocrx_word' id='word_1_284' title='bbox 1918 2387 2004 2426; x_wconf 79' lang='lat' dir='ltr'>quae</span> 
     </span>
     <span class='ocr_line' id='line_1_34' title="bbox 605 2437 2004 2493; baseline -0.001 -16"><span class='ocrx_word' id='word_1_285' title='bbox 605 2439 651 2478; x_wconf 90' lang='lat' dir='ltr'>de</span> <span class='ocrx_word' id='word_1_286' title='bbox 687 2437 927 2493; x_wconf 85' lang='lat' dir='ltr'>philosophia</span> <span class='ocrx_word' id='word_1_287' title='bbox 966 2439 1084 2477; x_wconf 85' lang='lat' dir='ltr'>literis</span> <span class='ocrx_word' id='word_1_288' title='bbox 1119 2439 1362 2484; x_wconf 83' lang='lat' dir='ltr'>mandamus,</span> <span class='ocrx_word' id='word_1_289' title='bbox 1406 2439 1529 2492; x_wconf 82' lang='lat' dir='ltr'>legere</span> <span class='ocrx_word' id='word_1_290' title='bbox 1562 2438 1772 2485; x_wconf 64' lang='lat' dir='ltr'>assueverit,</span> <span class='ocrx_word' id='word_1_291' title='bbox 1808 2439 2004 2492; x_wconf 75' lang='lat' dir='ltr'>judicabit</span> 
     </span>
     <span class='ocr_line' id='line_1_35' title="bbox 609 2504 2002 2559; baseline 0.001 -16"><span class='ocrx_word' id='word_1_292' title='bbox 609 2505 714 2543; x_wconf 83' lang='lat' dir='ltr'>nulla</span> <span class='ocrx_word' id='word_1_293' title='bbox 733 2506 777 2543; x_wconf 82' lang='lat' dir='ltr'>ad</span> <span class='ocrx_word' id='word_1_294' title='bbox 799 2506 1008 2558; x_wconf 83' lang='lat' dir='ltr'>legendum</span> <span class='ocrx_word' id='word_1_295' title='bbox 1028 2504 1087 2544; x_wconf 84' lang='lat' dir='ltr'>his</span> <span class='ocrx_word' id='word_1_296' title='bbox 1105 2504 1176 2543; x_wconf 68' lang='lat' dir='ltr'>ell‘c</span> <span class='ocrx_word' id='word_1_297' title='bbox 1196 2505 1355 2559; x_wconf 79' lang='lat' dir='ltr'>potiora.</span> <span class='ocrx_word' id='word_1_298' title='bbox 1403 2505 1510 2558; x_wconf 82' lang='lat' dir='ltr'>Qid</span> <span class='ocrx_word' id='word_1_299' title='bbox 1531 2506 1582 2544; x_wconf 87' lang='lat' dir='ltr'>cst</span> <span class='ocrx_word' id='word_1_300' title='bbox 1598 2506 1702 2544; x_wconf 84' lang='lat' dir='ltr'>enim</span> <span class='ocrx_word' id='word_1_301' title='bbox 1720 2506 1757 2544; x_wconf 89' lang='lat' dir='ltr'>in</span> <span class='ocrx_word' id='word_1_302' title='bbox 1778 2506 1857 2544; x_wconf 81' lang='lat' dir='ltr'>vita</span> <span class='ocrx_word' id='word_1_303' title='bbox 1875 2514 2002 2544; x_wconf 80' lang='lat' dir='ltr'>tanto-</span> 
     </span>
     <span class='ocr_line' id='line_1_36' title="bbox 606 2569 2005 2626; baseline 0.001 -17"><span class='ocrx_word' id='word_1_304' title='bbox 606 2585 694 2625; x_wconf 83' lang='lat' dir='ltr'>pere</span> <span class='ocrx_word' id='word_1_305' title='bbox 712 2572 976 2625; x_wconf 79' lang='lat' dir='ltr'>quaercndum‚</span> <span class='ocrx_word' id='word_1_306' title='bbox 994 2586 1111 2626; x_wconf 75' lang='lat' dir='ltr'>quam</span> <span class='ocrx_word' id='word_1_307' title='bbox 1131 2586 1223 2613; x_wconf 84' lang='lat' dir='ltr'>cum</span> <span class='ocrx_word' id='word_1_308' title='bbox 1243 2572 1374 2612; x_wconf 78' lang='lat' dir='ltr'>omnia</span> <span class='ocrx_word' id='word_1_309' title='bbox 1388 2572 1428 2611; x_wconf 89' lang='lat' dir='ltr'>in</span> <span class='ocrx_word' id='word_1_310' title='bbox 1448 2571 1706 2626; x_wconf 81' lang='lat' dir='ltr'>philosophia,</span> <span class='ocrx_word' id='word_1_311' title='bbox 1725 2582 1810 2611; x_wconf 84' lang='lat' dir='ltr'>tum</span> <span class='ocrx_word' id='word_1_312' title='bbox 1829 2570 1883 2618; x_wconf 87' lang='lat' dir='ltr'>id,</span> <span class='ocrx_word' id='word_1_313' title='bbox 1900 2569 2005 2624; x_wconf 89' lang='lat' dir='ltr'>quod</span> 
     </span>
    </p>
   </div>
  </div>
 </body>
</html>
