2330 2983
600 290 646 316 ¹0
921 288 986 328 M.
1045 287 1682 334 T.CICERONIS

593 388 817 427 nominibus
838 389 1070 436 differentes,
1092 405 1131 430 re
1149 402 1402 446 congruentes
1415 411 1428 438 ς
1449 406 1471 431 a
1489 393 1633 446 quibus
1650 393 1768 433 Stoici
1784 393 1853 448 ipfi
1869 395 1994 434 verbis

593 456 717 508 magis
737 470 854 509 quam
876 456 1073 496 sententiis
1091 457 1351 498 dissenserunt.
1374 461 1543 498 Socrates
1560 469 1690 499 autem
1706 461 1754 499 de
1772 462 1809 500 se
1828 462 1908 515 ipse
1923 462 1992 500 de·

591 521 743 562 trahens
764 524 804 562 in
826 525 1095 578 disputatione,
1123 525 1211 578 plus
1233 526 1425 564 tribuebat
1444 526 1506 571 iis,
1538 539 1635 579 quos
1655 526 1809 566 volebat
1838 526 1992 566 refelle-

590 604 643 629 re.
668 592 724 629 Ita
743 606 834 630 cum
856 593 960 631 aliud
980 593 1123 631 diceret
1140 603 1255 646 atque
1274 593 1444 640 sentiret,
1463 594 1628 633 libenter
1647 595 1705 633 uti
1724 594 1858 633 solitus
1878 594 1931 633 est
1949 607 1994 632 ea

589 657 901 704 diffimulatione‚
933 673 1051 712 quam
1073 660 1203 698 Graeci
1231 657 1375 710 &ipo-weida
1395 670 1532 699 vocant
1547 679 1560 706 3
1591 674 1709 714 quam
1728 661 1782 699 ait
1811 660 1929 699 etiam
1948 661 1990 699 in

589 725 775 764 Africano
794 725 907 764 fuiffe
935 727 1131 765 Fannius:
1163 726 1280 779 idque
1310 736 1507 780 propterea
1538 726 1719 766 vitiosum
1747 727 1789 765 in
1815 727 1885 765 illo
1911 740 1991 765 non

586 793 817 844 putandum,
840 794 945 846 quod
965 794 1068 831 idern
1090 793 1205 831 fuerit
1226 794 1265 831 in
1287 795 1451 832 Socrate.

643 859 716 896 VJ.
747 860 819 896 Sed
849 858 994 896 fuerint
1029 859 1095 896 illa
1128 868 1267 903 vetera,
1297 859 1323 897 fi
1355 860 1487 903 vultis,
1518 859 1730 912 incognita.
1789 858 1906 898 Nihil
1936 859 1992 896 est.

584 923 704 976 igitur
722 925 866 969 aetum,
880 925 986 976 quod
1001 924 1224 977 investigata
1236 924 1337 969 sunt,
1354 924 1599 977 posteaquam
1616 924 1801 963 Arcesilas
1818 924 1990 969 Zenoni,

586 1000 629 1029 ut
648 1001 819 1044 putatur,
841 991 1071 1036 obn-estam,
1092 991 1192 1030 nihil
1213 992 1303 1030 novi
1319 992 1536 1044 reperienti,
1555 990 1616 1029 sed
1634 991 1856 1030 emendanti
1876 991 1988 1044 supe-

583 1058 715 1103 riores,
745 1058 1019 1097 immutatione
1039 1058 1259 1103 verborum,
1289 1057 1385 1095 dum
1417 1055 1534 1110 hujus
1554 1057 1796 1096 definitiones
1817 1057 1991 1096 labefac-

583 1135 662 1165 tare
682 1127 780 1173 vult‚
809 1134 968 1164 conatus
988 1125 1040 1163 est
1059 1124 1272 1163 clariflimis
1304 1125 1416 1162 rebus
1443 1125 1614 1163 tenebras
1645 1124 1868 1163 obducere?
1901 1124 1990 1162 Cu-

575 1193 640 1246 jus
661 1193 789 1246 primo
819 1205 895 1230 non
917 1190 1133 1229 admodum·
1156 1190 1314 1243 probata
1342 1190 1452 1235 ratio,
1484 1203 1706 1243 quanquam
1726 1190 1858 1228 floruit
1891 1187 1988 1228 cum

579 1261 758 1299 acumine
777 1259 937 1312 ingenii,
969 1267 1055 1296 tum
1077 1257 1296 1296 admirabili
1313 1258 1483 1310 quodam
1513 1257 1640 1311 lepore
1660 1257 1827 1302 dicendi,
1849 1257 1987 1310 proxi-

579 1340 643 1365 me
675 1341 695 1364 a
715 1327 868 1377 Lacyde
899 1325 978 1363 solo
1007 1333 1152 1362 retenta
1181 1323 1259 1368 est;
1290 1324 1373 1377 post
1406 1333 1536 1363 autem
1567 1323 1741 1362 confecta
1774 1338 1795 1362 a
1815 1326 1984 1363 Carnea-

577 1394 640 1439 de,
671 1391 739 1446 qui
759 1391 810 1430 est
831 1399 988 1443 quartus
1019 1390 1068 1428 ab
1098 1388 1279 1427 Arcefila.
1311 1389 1475 1426 Audivit
1499 1390 1606 1427 enim
1627 1390 1882 1442 Hegefinum,
1913 1390 1985 1442 qui

576 1459 804 1499 Evandrum
833 1457 1015 1500 audierat,
1047 1454 1212 1506 Lacydis
1243 1454 1493 1506 discipulum,
1528 1467 1621 1493 cum
1642 1454 1821 1493 Arcefilae
1853 1456 1982 1507 Lacy-

576 1527 642 1565 des
663 1524 803 1564 fuifset.
850 1522 922 1560 Sed
942 1521 1020 1574 ipse
1041 1520 1252 1559 Carneades
1272 1520 1343 1558 diu
1361 1520 1487 1558 tenuit
1500 1537 1517 1564 ;
1545 1533 1635 1558 nam
1656 1520 1866 1572 nonaginta
1884 1522 1984 1560 vixit

575 1604 720 1635 annos;
751 1599 788 1628 et
809 1589 876 1642 qui
897 1587 1011 1626 illum
1033 1587 1242 1631 audierant,
1264 1586 1474 1624 admodum
1496 1585 1721 1624 floruerunt.
1782 1587 1815 1624 E
1837 1587 1981 1639 quibus

574 1657 767 1696 industriae
788 1655 1003 1708 plurimum
1035 1653 1076 1691 in
1098 1651 1348 1691 Clitomacho
1367 1651 1443 1691 fuit
1466 1667 1474 1691 :
1506 1652 1670 1690 declarat
1697 1653 1910 1691 multitudo
1930 1654 1981 1691 li-

575 1724 748 1761 brorum.
779 1719 930 1773 Ingenii
951 1732 1027 1757 non
1050 1719 1179 1756 minus
1200 1719 1239 1756 in
1261 1717 1352 1763 hoc,
1369 1732 1485 1771 quam
1504 1718 1544 1756 in
1559 1717 1776 1756 Charmada
1791 1719 1979 1772 eloquen-

574 1791 649 1834 tim,
673 1790 712 1827 in
733 1785 956 1827 Melanthio
976 1784 1135 1824 Rhodio
1156 1785 1359 1824 suavitatis.
1410 1787 1513 1823 Bene
1538 1794 1666 1824 autem
1688 1785 1788 1824 nosse
1809 1787 1979 1825 Carnea-

573 1857 662 1895 dem
685 1854 939 1895 Stratoniceus
963 1853 1211 1891 Metrodorus
1233 1853 1450 1905 putabatur.
1483 1853 1570 1903 Jam
1594 1851 1845 1891 Clitomacho
1863 1852 1980 1892 Philo

573 1923 689 1960 vester
708 1934 863 1974 operam
885 1919 1029 1958 multos
1049 1931 1167 1957 annos
1188 1919 1307 1957 dedit.
1368 1918 1531 1957 Philone
1551 1928 1681 1958 autem
1702 1919 1789 1958 vivo
1807 1921 1981 1972 patroci-

573 1990 686 2027 nium
707 1986 927 2026 Academia·
948 1999 1025 2023 non
1045 1984 1183 2023 defuit.

628 2054 713 2099 Sed,
736 2053 840 2106 quod
861 2065 928 2090 nos
950 2051 1072 2089 facere
1094 2064 1196 2089 nunc
1229 2051 1481 2104 ingredimur,
1505 2060 1547 2089 ut
1567 2060 1699 2089 contra
1719 2052 1982 2091 Academicos-

572 2119 806 2163 differamus,
837 2118 875 2156 id
897 2117 1055 2171 quidam
1089 2131 1109 2155 e
1132 2116 1391 2171 Philosophis,
1421 2126 1458 2155 et
1479 2117 1505 2155 ii
1537 2118 1698 2170 quidem
1724 2131 1800 2155 non
1823 2118 1974 2157 medio-

570 2198 665 2230 cres,
698 2185 916 2223 faciendum
951 2185 1114 2223 omnino
1148 2198 1225 2222 non
1261 2184 1446 2237 putabant
1469 2198 1477 2221 :
1525 2197 1594 2222 nec
1625 2197 1714 2222 vero
1748 2183 1818 2222 esse
1852 2185 1973 2223 ullam

570 2252 756 2290 rationem
777 2250 966 2303 disputare
986 2264 1078 2288 cum
1099 2251 1160 2295 iis,
1182 2250 1249 2303 qui
1272 2249 1367 2288 nihil
1390 2250 1618 2303 probarent;
1642 2251 1977 2303 Antipatrumque

570 2318 758 2363 Stoicum,
781 2317 849 2369 qui
870 2317 1018 2355 multus
1040 2317 1077 2355 in
1099 2331 1144 2355 eo
1170 2316 1309 2362 fuisset,
1342 2315 1682 2369 reprehendebant.
1715 2317 1801 2356 Nec
1821 2316 1972 2356 definiri

568 2384 719 2422 aiebant
744 2383 887 2422 necesse
917 2383 1003 2427 esse,
1035 2383 1129 2435 quid
1160 2383 1248 2421 essct
1281 2383 1468 2436 cognitio,
1499 2393 1562 2421 aut
1597 2383 1805 2436 perceptiO,
1836 2394 1913 2428 aut,
1945 2383 1973 2422 st

567 2451 728 2488 verbum
749 2464 768 2487 e
789 2449 905 2488 verbo
920 2449 1116 2494 volumus,
1138 2448 1443 2502 comprehensio,
1465 2463 1582 2501 quam
1602 2442 1806 2499 κατάληψιν
1826 2449 1883 2487 illi
1900 2463 1969 2488 vo-

567 2524 654 2554 cant
672 2533 682 2559 ;
714 2516 863 2568 eosque,
885 2516 952 2568 qui
974 2516 1194 2569 persuadere
1215 2516 1369 2560 vellent,
1391 2514 1461 2553 esse
1482 2515 1642 2568 aliquid,
1664 2515 1769 2568 quod
1789 2528 1970 2568 compre-

566 2581 683 2619 hendi
717 2590 755 2619 ct
789 2583 931 2635 percipi
967 2582 1099 2635 posset,
1143 2582 1346 2621 inscienter
1381 2581 1503 2620 facere
1536 2583 1728 2627 dicebant,
1773 2592 1968 2635 propterca

564 2647 668 2700 quod
690 2646 789 2687 nihil
819 2647 905 2686 effct
937 2648 1074 2687 clarius
1095 2644 1253 2698 ἐναργέσι,
1285 2659 1327 2687 ut
1356 2648 1512 2695 Groeci5
1543 2649 1871 2703 perspicuitatem,
1901 2657 1968 2688 aut
