2330 2983
743 256 1423 296 LUCULLus.⁷
1680 270 1728 305 41

343 349 583 394 ffirmachus,
599 357 743 387 autnon
763 349 867 387 vivet
882 367 894 394 3
920 349 1027 400 (cum
1044 348 1232 386 dialectici
1245 348 1294 386 s1c
1312 347 1487 392 statuant,
1505 360 1617 386 omne
1631 348 1735 399 quod

344 415 397 453 ita
415 415 651 466 disjunctum
684 414 743 459 fit,
774 415 890 466 quasi,
920 415 1124 459 autetiam,
1157 423 1223 452 aut
1256 428 1337 458 non,
1368 427 1444 451 non
1465 413 1581 451 modo
1602 427 1735 451 verum

343 479 428 524 esse,
449 480 511 517 sed
531 480 646 517 etiam
667 480 947 531 necessarimm)
980 479 1066 517 vide
1085 493 1201 531 quam
1223 479 1267 517 fit
1296 488 1429 516 cautus
1462 479 1507 522 is,
1539 492 1656 531 quem
1678 479 1736 516 isti

342 545 494 583 tardum
515 554 666 598 putant.
712 545 750 583 Si
770 546 890 590 enim,
920 545 1063 597 inquit,
1093 545 1320 582 alterutrum
1340 544 1550 582 concess'ero
1571 543 1734 582 neceffa-

343 611 446 649 rium
466 610 537 648 effe
553 629 564 656 ς
596 610 737 649 necesse
756 611 842 656 erit,
856 624 935 649 cras
957 610 1228 648 Hermachum
1248 618 1313 648 aut
1332 610 1470 654 vivere,
1493 618 1557 647 aut
1578 623 1653 647 non
1674 609 1734 646 vi-

342 689 440 714 vere.
473 676 595 714 Nulla
614 676 816 714 autemest
835 677 874 714 in
896 685 1027 714 natura
1048 690 1175 714 rerum
1195 676 1279 714 talis
1300 675 1505 713 neceffitas.
1540 677 1644 713 Cum
1660 673 1735 712 hoc

342 741 461 793 igitur
493 741 681 780 dialeffici
715 750 903 794 pugnent,
944 741 983 779 id
1018 741 1082 786 est,
1113 739 1331 780 Antiochus
1365 749 1403 778 et
1429 741 1547 778 Stoici
1564 755 1573 778 z
1617 749 1737 778 totam

341 806 448 843 enim
468 807 602 844 evertit
621 807 872 845 dialecticam.
911 806 1017 844 Nam
1037 807 1063 844 fi
1084 819 1104 843 e
1123 806 1320 845 contrariis
1338 804 1542 858 disjunctio
1565 806 1736 856 (contra-

342 871 397 908 ria
414 880 544 909 autem
564 885 605 909 ea
624 872 726 916 dico,
756 885 847 910 cum
868 872 1030 910 alterum
1059 872 1124 917 ait,
1155 871 1317 909 alterum
1338 871 1469 923 negat)
1499 870 1525 908 fi
1547 870 1630 908 talis
1659 869 1736 907 dis-

335 937 488 988 junctio
513 936 603 975 falsa
620 937 742 990 potest
761 937 844 982 effe,
863 938 969 976 nulla
988 951 1072 975 vera
1090 937 1156 975 est.
1188 938 1353 975 Mecum
1374 950 1461 974 vero
1481 937 1575 988 quid
1594 935 1738 975 habent

344 1002 487 1047 litium,
509 1003 576 1054 qui
597 1003 765 1056 ipsorum
781 1003 1025 1056 disciplinam
1045 1003 1179 1055 sequor
1196 1003 1209 1040 ?

398 1069 502 1106 Cum
523 1068 669 1120 aliquid
699 1067 921 1120 hujusmodi
950 1068 1148 1113 inciderat,
1182 1068 1230 1106 fic
1250 1067 1380 1106 ludere
1401 1067 1611 1106 Carneades
1641 1067 1738 1105 sole-

342 1134 406 1172 bat
421 1153 433 1179 3
480 1135 524 1173 Si
547 1136 641 1173 reae
668 1135 818 1186 conclzss
826 1153 837 1179 ;
869 1144 991 1173 teneo:
1013 1135 1077 1186 fitz
1108 1135 1242 1188 vitiqst’,
1284 1134 1414 1172 minam
1444 1134 1623 1186 Diogenes
1654 1132 1737 1171 red-

341 1201 419 1240 dat.
469 1202 533 1240 Ab
552 1216 598 1240 eo
617 1202 722 1240 enim
740 1202 867 1240 Stoico
887 1202 1124 1240 dialecticam
1145 1201 1326 1239 didicerat
1343 1215 1352 1238 :
1383 1199 1465 1239 haec
1485 1210 1614 1238 autem
1634 1213 1738 1238 mer-

343 1281 404 1305 ces
435 1278 513 1306 erat
548 1268 849 1306 dialecticorum.
910 1269 1054 1320 Sequor
1074 1268 1192 1320 igitur
1222 1280 1281 1305 eas
1307 1267 1398 1311 vias,
1430 1279 1523 1318 quas
1543 1266 1662 1304 didici
1690 1266 1738 1304 ab

343 1333 568 1372 Antiocho:
601 1348 670 1372 nec
697 1335 856 1386 reperio,
878 1348 956 1386 quo
976 1334 1093 1372 modo
1117 1334 1306 1385 judicem,
1338 1334 1381 1371 Si
1401 1333 1507 1377 lucet,
1534 1333 1640 1377 lucet,
1670 1346 1738 1370 ve-

345 1412 432 1436 rum
452 1398 536 1443 effe,
567 1399 617 1436 ob
637 1412 720 1436 eam
742 1399 905 1443 causam,
942 1398 1047 1451 quod
1078 1399 1131 1435 ita
1156 1398 1288 1442 didici,
1319 1411 1446 1442 omne,
1477 1397 1582 1450 quod
1611 1396 1738 1450 ipsum

344 1478 392 1503 ex
413 1465 448 1502 se
468 1478 687 1502 connexum
707 1465 764 1510 fit,
795 1478 928 1502 verum
948 1464 1019 1503 effe
1031 1483 1043 1509 3
1075 1478 1151 1502 non
1166 1464 1357 1516 judicem,
1389 1464 1432 1502 Si
1445 1464 1618 1507 mentiris,
1639 1478 1737 1502 men-

345 1531 441 1575 tiris,
472 1530 605 1568 eodem
626 1530 742 1567 modo
762 1530 832 1568 effe
850 1543 1083 1568 connexum.
1129 1531 1212 1567 Aut
1231 1529 1349 1581 igitur
1368 1528 1443 1566 hoc
1463 1538 1501 1567 et
1520 1528 1619 1566 illud
1634 1547 1645 1573 ;
1674 1538 1739 1567 aut

344 1596 412 1633 nifi
433 1595 521 1639 hoc,
542 1608 590 1633 ne
609 1595 707 1632 illud
727 1595 901 1647 quidem,
918 1595 1115 1647 judicab0.

398 1661 550 1698 XXXI.
583 1661 668 1705 Sed,
691 1670 733 1698 ut
753 1675 886 1699 omnes
902 1661 990 1699 istos
1010 1661 1159 1699 aculeos
1179 1670 1217 1698 et
1239 1669 1365 1699 totum
1386 1660 1598 1698 tortuosum
1617 1673 1737 1713 genus

342 1725 559 1778 disputandi
579 1727 855 1778 relinquamus,
880 1726 1207 1779 ostendamusque,
1238 1727 1306 1779 qui
1326 1726 1440 1764 fimus
1452 1744 1464 1771 ς
1490 1727 1587 1778 jam,
1610 1727 1736 1779 expli-

342 1801 425 1830 cata
454 1801 533 1831 tota
566 1792 770 1831 Carneadis
800 1793 995 1838 sententia,
1030 1791 1219 1830 Antiochi
1252 1793 1320 1830 ista
1349 1801 1526 1830 corruent
1552 1791 1735 1831 universa.

343 1858 429 1897 Nec
449 1872 536 1896 vero
556 1859 770 1911 quidquam
789 1859 842 1897 ita
861 1859 1001 1904 dicam,
1021 1870 1063 1897 ut
1079 1859 1280 1911 quisquam
1300 1857 1339 1895 id
1355 1857 1449 1910 fingi
1466 1857 1695 1910 suspicetur:
1717 1871 1738 1895 a

344 1923 592 1962 Clitomacho
612 1925 775 1970 sumam,
797 1926 864 1977 qui
885 1924 1001 1977 usque
1021 1925 1067 1962 ad
1087 1925 1318 1962 senectutem
1332 1937 1424 1961 cum
1442 1923 1632 1962 Carneade
1644 1922 1735 1968 fuit,

342 1989 463 2028 homo
492 1999 529 2027 et
563 1999 709 2036 acutus,
738 2000 780 2028 ut
802 1992 958 2035 Poenus,
989 2000 1027 2028 et
1057 1990 1163 2028 valde
1184 1989 1369 2028 studiosus
1403 2002 1445 2027 ac
1475 1989 1666 2042 diligens:
1698 1998 1737 2027 et

342 2066 506 2109 quatuor
525 2057 605 2109 ejus
625 2057 715 2095 libri
736 2057 822 2095 sunt
841 2057 887 2095 de
907 2056 1131 2095 sustinendis
1152 2055 1431 2094 assensionibus.
1475 2056 1572 2093 Haec
1592 2064 1735 2100 autem,

344 2136 428 2175 quae
448 2123 532 2175 jam
559 2123 699 2168 dicam,
731 2123 818 2161 sunt
852 2123 1004 2176 sumpta
1036 2123 1082 2161 de
1100 2123 1241 2175 primo.
1292 2123 1384 2160 Duo
1404 2122 1528 2174 placet
1547 2121 1618 2159 effe
1639 2122 1735 2159 Car-

343 2188 449 2226 neadi
479 2202 617 2241 genera
646 2189 839 2227 visorum:
871 2191 910 2227 in
933 2203 1009 2227 uno
1040 2188 1138 2227 hanc
1158 2188 1396 2232 divisionem,
1428 2188 1516 2226 Alia
1545 2187 1620 2224 visa
1649 2187 1734 2232 effe,

342 2268 426 2306 quae
446 2255 590 2308 percipi
611 2255 762 2307 pofiint,
793 2256 864 2293 alia
885 2269 969 2307 quae
990 2268 1066 2292 non
1088 2253 1225 2307 possint
1244 2269 1253 2293 ε
1286 2255 1326 2292 in
1345 2254 1462 2292 altero
1481 2263 1623 2297 autem,
1646 2253 1736 2290 Alia

344 2319 418 2357 visa
437 2320 506 2358 effe
518 2321 744 2373 probabilia,
761 2320 832 2358 alia
845 2335 920 2359 non
938 2321 1163 2374 probabilia.
1187 2321 1335 2373 Itaque,
1353 2334 1436 2372 qua:
1448 2328 1580 2357 contra
1596 2317 1733 2363 sensus,

343 2394 549 2438 contraque
563 2386 871 2439 perspicuitatem
893 2387 1081 2432 dicantur,
1098 2400 1139 2424 ea
1158 2387 1345 2439 pertinere
1361 2386 1406 2424 ad
1422 2385 1653 2438 superiorem
1673 2383 1734 2421 di-

341 2451 525 2489 vifionem
540 2469 551 2496 ;
574 2462 703 2490 contra
718 2453 962 2506 posteriorem
977 2452 1074 2491 nihil
1092 2453 1168 2491 dici
1181 2462 1368 2505 oportere.
1392 2452 1519 2501 Qare
1535 2451 1586 2487 ita
1604 2449 1734 2502 place-

342 2530 395 2561 re,
418 2517 490 2554 tale
510 2516 633 2555 visum
654 2519 806 2557 nullum
824 2519 906 2564 effe,
930 2529 972 2557 ut
993 2519 1186 2572 perceptio
1205 2517 1497 2568 consequeretur
1508 2534 1520 2560 ς
1543 2524 1586 2553 ut
1606 2524 1735 2553 autem

341 2583 533 2636 probatio,
555 2583 700 2623 multa:
734 2585 876 2624 etenim
897 2595 1030 2624 contra
1057 2594 1229 2623 naturam
1249 2583 1351 2627 ess‘et,
1374 2582 1398 2620 s1
1419 2581 1616 2635 probabile
1636 2579 1735 2619 nihil

425 2649 463 2687 T
481 2661 504 2687 0
524 2661 575 2688 M.
607 2650 662 2689 11.
1393 2648 1424 2686 F
