2330 2983
557 222 581 262 8
867 219 932 260 Μ.
992 216 1634 260 T.CICERONIS

555 318 749 362 ille‚Cum
765 316 1012 356 Alexandriae
1026 329 1098 368 pro
1110 315 1312 368 quaestore,
1325 316 1470 369 inquit,
1480 315 1611 361 effem,
1627 315 1707 356 fuit
1719 315 1947 357 Antiochus

554 397 714 422 mecum
733 397 741 421 ε
763 392 802 421 et
822 391 901 420 erat
916 383 1000 434 jam
1021 390 1133 419 antea
1151 381 1400 420 Alexandria:
1419 381 1626 422 familiaris
1644 382 1839 422 Antiochi
1857 383 1946 422 He-

555 449 716 487 raclitus
738 447 903 500 Tyrius,
939 447 1011 500 qui
1038 456 1078 485 et
1098 446 1399 486 Clitomachum
1418 448 1567 486 multos
1589 461 1710 487 annos
1737 457 1777 488 et
1803 447 1946 488 Philo-

555 527 648 552 nem
667 513 856 560 audierat,
891 512 1015 552 homo
1035 513 1122 551 sane
1142 513 1183 552 in
1205 512 1273 551 ista
1292 512 1559 567 philosophia,
1589 528 1677 567 quae
1698 527 1805 553 nunc
1825 527 1948 568 prope

555 579 711 618 dimiffa
730 589 946 625 revocatur,
968 579 1156 633 probatus
1177 588 1216 617 et
1236 579 1403 618 nobilis:
1427 593 1521 619 cum
1541 594 1622 634 quo
1641 591 1680 620 et
1696 579 1949 619 Antiochum

557 646 654 699 saepe
675 645 942 699 disputantem
963 645 1193 684 audiebam:
1217 645 1280 683 sed
1298 654 1512 699 utrumque
1532 646 1686 686 leniter.
1716 648 1771 686 Et
1787 645 1952 700 quidem

555 710 619 749 isti
638 710 732 750 libri
753 712 832 750 duo
849 710 1046 756 Philonis,
1063 710 1110 749 de
1126 710 1272 763 quibus
1293 710 1378 749 heri
1399 711 1551 750 distum
1571 725 1594 750 a
1609 712 1756 752 Catulo
1774 712 1843 757 est,
1860 720 1950 751 tum

555 786 666 815 erant
687 777 794 816 allati
815 776 1111 822 Alexandriam,
1148 786 1314 828 tumque
1333 777 1510 829 primum
1531 779 1572 816 in
1594 777 1788 817 Antiochi
1809 789 1949 817 manus

556 851 742 879 venerant
762 857 770 880 :
803 851 842 879 et
861 841 986 878 homo
1007 851 1144 879 natura
1163 841 1379 879 leniffimus
1403 841 1526 892 (nihil
1553 844 1662 881 enim
1682 851 1836 896 poterat
1866 841 1951 880 fieri

554 905 630 944 illo
650 905 810 958 mitius)
835 904 1068 944 stomachari
1099 913 1230 943 tamen
1257 906 1394 957 coepit.
1439 905 1644 945 Mirabar:
1681 920 1812 960 neque
1841 907 1952 946 enim

557 985 736 1025 unquam
756 981 867 1010 antea
887 971 1075 1010 videram.
1125 972 1182 1009 At
1202 971 1285 1015 ille,
1322 971 1520 1010 Heracliti
1546 973 1779 1011 memoriam
1801 973 1951 1026 implo-

558 1051 660 1082 rans,
695 1051 868 1090 quaerere
890 1051 938 1076 ex
966 1050 1028 1082 e0,
1067 1037 1343 1076 viderenturne
1369 1037 1437 1075 illa
1459 1037 1639 1077 Philonis
1658 1040 1671 1077 ?
1703 1048 1770 1077 aut
1789 1052 1832 1077 ea
1854 1051 1954 1077 num

557 1103 620 1141 vel
641 1115 661 1140 e
679 1102 862 1148 Philone,
877 1102 939 1141 vel
959 1115 1007 1140 ex
1024 1101 1108 1140 ullo
1125 1102 1366 1142 Academico
1382 1102 1585 1142 audivisset
1601 1103 1812 1157 aliquando
1829 1105 1842 1141 ?
1865 1104 1952 1142 Ne-

558 1168 704 1222 gabat:
741 1168 922 1207 Philonis
950 1177 1080 1206 tamen
1114 1167 1306 1221 scriptum
1333 1168 1590 1221 agnoscebat:
1629 1183 1701 1208 nec
1727 1169 1769 1208 id
1790 1169 1955 1222 quidem

559 1234 735 1273 dubitari
754 1243 920 1287 poterat.
944 1233 1052 1273 Nam
1067 1233 1226 1272 aderant
1245 1233 1324 1272 mei
1341 1233 1552 1274 familiares
1569 1244 1607 1274 et
1628 1235 1734 1274 docti
1753 1234 1953 1281 homines,

561 1300 608 1339 P.
627 1309 666 1339 et
685 1301 733 1339 C.
756 1301 865 1346 Selii,
884 1309 923 1338 et
938 1299 1132 1338 Tetrilius
1154 1300 1308 1352 Rogus,
1344 1300 1415 1352 qui
1436 1301 1473 1339 se
1491 1301 1562 1339 illa
1580 1301 1724 1340 audiffe
1743 1301 1883 1341 Romae
1904 1301 1952 1340 de

559 1365 743 1410 Philone,
778 1375 817 1403 et
850 1365 898 1402 ab
931 1378 977 1402 eo
1009 1365 1094 1416 ipso
1124 1365 1215 1402 illos
1242 1365 1341 1403 duos
1363 1365 1485 1403 libros
1507 1367 1684 1404 dicerent
1705 1366 1955 1419 descripfiffe.

560 1431 673 1471 Tum
693 1441 733 1470 et
752 1431 821 1470 illa
841 1431 945 1469 dixit
964 1428 1207 1475 Antiochus,
1224 1444 1312 1482 quae
1332 1429 1418 1468 heri
1439 1431 1606 1470 Catulus
1627 1433 1958 1472 commemoravit

560 1511 583 1536 a
602 1506 711 1551 patre
732 1497 800 1535 suo
821 1495 924 1534 dista
942 1494 1120 1538 Philoni,
1155 1504 1196 1533 et
1224 1495 1300 1533 alia
1328 1494 1468 1548 plura:
1510 1510 1581 1535 nec
1609 1497 1646 1535 se
1674 1498 1818 1543 tenuit,
1837 1498 1956 1560 xquin

561 1572 701 1602 contra
721 1562 835 1601 suum
856 1561 1058 1599 doctorem
1073 1560 1229 1598 librum
1249 1561 1369 1599 etiam
1391 1561 1536 1607 ederet,
1560 1562 1631 1615 qui
1654 1563 1789 1601 Sosus
1817 1563 1958 1602 inscri-

562 1630 686 1668 bitur.
718 1629 829 1667 Tum
851 1628 974 1681 igitur
994 1636 1033 1666 et
1052 1641 1146 1666 cum
1168 1627 1419 1666 Heraclitum
1439 1627 1606 1667 studiose
1626 1629 1803 1668 audirem
1825 1639 1962 1668 contra

563 1693 816 1733 Antiochum
838 1693 1100 1738 differentem,
1136 1703 1175 1731 et
1196 1693 1293 1732 item
1314 1692 1565 1732 Antiochum
1585 1704 1723 1734 contra
1743 1695 1958 1735 Academi-

565 1773 646 1805 cos,
669 1760 758 1798 dedi
781 1758 985 1798 Antiocho
1004 1772 1163 1812 operam
1184 1758 1432 1812 diligentius,
1457 1770 1499 1798 ut
1521 1761 1675 1799 causam
1698 1775 1745 1800 ex
1765 1774 1812 1799 eo
1834 1771 1958 1801 totam

565 1827 857 1878 cognoscerem,
906 1827 1044 1878 Itaque
1065 1825 1289 1878 complures
1312 1826 1408 1871 dies,
1430 1825 1611 1866 adhibito
1632 1827 1838 1866 Heraclito
1858 1828 1956 1867 doc·-

566 1892 692 1943 tisque
714 1891 1005 1944 compluribus,
1023 1901 1061 1930 et
1081 1893 1122 1930 in
1143 1890 1206 1929 his
1225 1890 1419 1930 Antiochi
1441 1891 1559 1931 fratre
1576 1893 1721 1938 Aristo,
1739 1903 1777 1932 et
1796 1903 1958 1947 praeter-

565 1971 609 1996 ea
631 1958 811 1996 Aristone
831 1965 868 1995 et
891 1957 1038 2001 Dione,
1060 1957 1206 2010 quibus
1228 1957 1297 1995 ille
1319 1957 1535 1996 secundum
1556 1957 1718 1997 fratrem
1738 1959 1962 2011 plurimum

567 2023 779 2067 tribuebat,
800 2023 975 2061 multum
995 2024 1185 2077 temporis
1202 2023 1242 2061 in
1260 2023 1327 2061 ista
1344 2037 1420 2062 una
1435 2023 1699 2076 disputatione
1715 2025 1962 2079 consumpfi-

568 2103 674 2128 mus.
715 2089 788 2129 Sed
807 2103 851 2128 ea
871 2103 972 2143 pars,
1005 2103 1091 2142 quae
1113 2099 1249 2129 contra
1272 2089 1482 2129 Philonem
1503 2101 1597 2136 erat,
1629 2092 1964 2144 praetermittenda

568 2156 646 2195 est:
673 2157 806 2194 minus
826 2156 934 2194 enim
955 2169 1042 2193 accr
1060 2155 1114 2194 est
1134 2156 1368 2195 adversarius
1391 2157 1438 2201 is,
1462 2157 1531 2210 qui
1555 2156 1636 2204 ista,
1658 2170 1745 2210 quae
1766 2157 1856 2196 sunt
1878 2157 1962 2196 heri

570 2221 740 2266 defensa,
762 2231 878 2275 negat
895 2221 1154 2260 Academicos
1173 2223 1339 2261 omnino
1356 2222 1496 2261 dicere.
1524 2223 1606 2261 Etsi
1627 2224 1735 2262 enim
1756 2225 1963 2269 mentitur,

571 2297 702 2326 tamen
738 2287 791 2326 est
821 2287 1057 2326 adversarius
1086 2288 1226 2327 lenior.
1277 2288 1342 2327 Ad
1373 2288 1604 2335 Arcesilam,
1642 2289 1966 2344 Carneademque

573 2355 790 2393 veniamus.

628 2421 679 2458 V.
712 2421 812 2472 Qae
833 2432 926 2459 cum
949 2420 1122 2465 dixisset,
1147 2421 1194 2460 lic
1217 2421 1344 2460 rursus
1366 2422 1525 2461 exorsus
1546 2422 1598 2461 est
1617 2436 1627 2460 ε
1661 2421 1842 2462 Primum
1866 2421 1969 2462 mihi

572 2485 778 2530 videmini,
803 2487 887 2530 (me
907 2496 1038 2525 autem
1061 2489 1222 2526 nomine
1244 2489 1485 2542 appellabat)
1507 2502 1600 2528 curn
1619 2498 1768 2529 veteres
1784 2487 1965 2543 physicos

573 2553 802 2597 nominatis,
818 2552 946 2592 facere
962 2555 1083 2600 idem,
1097 2554 1206 2609 quod
1227 2554 1394 2595 seditiosi
1416 2558 1520 2595 cives
1543 2557 1682 2602 solent,
1700 2567 1793 2595 cum
1813 2555 1967 2608 aliquos

575 2631 623 2658 cx
639 2618 812 2672 antiquis
830 2618 952 2658 claros
970 2621 1072 2659 viros
1093 2620 1317 2676 proferunt,
1336 2635 1435 2676 quos
1458 2622 1591 2662 dicant
1612 2620 1724 2661 suiffe
1744 2620 1967 2675 populares,
