2330 2983
646 269 920 308 LIBER
978 269 1337 307 PRIMUS.
1627 282 1706 323 247

313 367 418 419 quod
448 379 467 404 a
487 367 721 418 gravioribus
755 367 894 404 leviora
924 367 1055 404 natura
1075 367 1321 419 repellantur.
1379 367 1478 418 Qae
1497 379 1588 404 cum
1608 381 1704 405 con-

313 433 422 477 stent,
444 432 687 484 perspicuum
708 433 820 470 debet
842 431 927 476 esse,
949 433 1111 476 animos,
1143 447 1236 470 cum
1255 446 1275 469 e
1295 446 1451 485 corpore
1469 432 1704 478 excesserint,

313 499 386 536 sive
405 498 463 535 illi
483 497 554 535 sint
574 497 769 541 animales,
791 497 830 534 id
850 497 915 540 est,
939 496 1143 549 spirabiles,
1175 497 1248 534 five
1269 497 1385 548 ignei,
1414 497 1577 535 sublime
1598 498 1701 537 ferri.

312 565 350 602 Si
376 577 462 601 vero
493 573 557 601 aut
588 577 769 601 numerus
793 563 951 614 quidam
971 563 1014 600 fit
1033 565 1200 608 animus,
1233 562 1355 615 (quod
1374 563 1562 601 subtiliter
1583 566 1707 617 magis

311 642 428 680 quam
460 628 628 666 dilucide
662 629 836 680 dicitur,)
869 637 934 665 aut
966 629 1100 680 quinta
1136 628 1202 666 illa
1236 641 1313 666 non
1350 629 1546 666 nominata
1566 631 1703 681 magis,

310 708 428 746 quam
449 708 524 732 non
557 694 752 732 intelletsta
780 704 912 732 natura
927 712 938 738 5
972 695 1099 732 multo
1125 695 1238 732 etiam
1267 694 1471 746 integriora
1493 708 1534 732 ac
1555 695 1707 746 puriora

311 760 410 805 sunt,
433 771 476 798 ut
495 773 515 798 a
534 770 630 797 terra
649 760 863 812 longissime
884 760 918 797 se
939 759 1109 798 efferant.
1139 761 1294 798 Horum
1316 760 1435 812 igitur
1455 760 1599 812 aliquid
1619 762 1703 797 ani-

311 835 398 860 mus
419 822 484 865 est,
501 835 546 858 ne
567 831 644 859 tam
665 831 797 873 vegeta
817 834 925 858 mens
946 831 1009 858 aut
1030 822 1070 859 in
1089 821 1216 865 corde,
1235 821 1449 865 cerebrove,
1468 832 1532 858 aut
1550 822 1589 859 in
1603 822 1704 859 Em-

310 887 493 939 pedocleo
515 886 707 938 sanguine,
729 886 896 924 demersa
909 887 1046 938 jaceat.

366 952 519 990 XVIII.
544 951 814 989 Dicaearchum
835 965 922 989 vero
941 966 1033 989 cum
1054 951 1282 990 Aristoxeno
1302 951 1436 1003 aequali
1456 961 1493 989 et
1513 951 1706 989 condisci-

311 1017 404 1070 pulo
423 1017 502 1062 suo,
538 1018 668 1054 doetos
702 1017 785 1055 sane
812 1016 1004 1062 homines,
1037 1018 1291 1061 omittamu53
1325 1031 1492 1069 quorum
1524 1018 1616 1055 alter
1658 1031 1706 1055 ne

309 1082 541 1120 condoluisse
560 1082 716 1134 quidem
739 1096 910 1134 unquam
932 1082 1094 1127 videtur,
1130 1083 1198 1134 qui
1218 1083 1392 1119 animum
1414 1082 1447 1119 se
1468 1081 1604 1119 habere
1626 1095 1707 1120 non

310 1148 466 1186 sentiat:
502 1148 595 1185 alter
628 1148 680 1185 ita
699 1147 904 1185 delectatur
923 1147 997 1185 suis
1017 1148 1208 1192 cantibus,
1245 1157 1287 1185 ut
1317 1161 1380 1185 eos
1407 1148 1522 1185 etiam
1552 1148 1597 1185 ad
1622 1146 1703 1185 haec

310 1213 509 1252 transferre
522 1223 692 1251 conetur.
716 1214 973 1251 Harmoniam
987 1223 1114 1251 autem
1129 1227 1174 1251 ex
1191 1214 1398 1251 intervallis
1411 1213 1589 1251 sonorum
1604 1214 1706 1251 nosse

310 1281 518 1333 possumus,
541 1294 706 1332 quorum
724 1281 822 1317 varia
843 1279 1069 1332 compositio
1099 1281 1214 1317 etiam
1235 1278 1452 1317 harmonias
1472 1280 1590 1317 efficit
1610 1280 1702 1331 plu-

309 1361 390 1385 res:
428 1346 694 1384 membrorum
729 1359 817 1383 vero
848 1346 951 1390 situs,
979 1355 1017 1383 et
1037 1346 1157 1398 figura
1187 1345 1370 1398 corporis,
1391 1358 1525 1382 vacans
1557 1346 1700 1390 animo,

311 1426 427 1464 quam
457 1411 567 1463 pofiit
600 1410 842 1448 harmoniam
873 1410 1034 1455 efficere,
1068 1424 1144 1448 non
1171 1410 1294 1448 video.
1338 1409 1408 1448 Sed
1440 1408 1506 1447 hic
1526 1410 1703 1461 quidem,

309 1478 484 1529 quamvis
504 1475 675 1514 eruditus
696 1476 753 1520 fit,
774 1475 868 1513 sicut
887 1475 951 1520 est,
973 1475 1053 1513 haec
1074 1475 1252 1528 magistro
1278 1475 1460 1513 concedat
1481 1474 1700 1512 Aristoteli:

309 1557 440 1581 canere
452 1543 529 1595 ipse
542 1543 687 1580 doceat.
704 1543 804 1579 Bene
817 1542 922 1578 enim
936 1541 1002 1579 illo
1015 1541 1217 1594 proverbio
1226 1541 1452 1579 Graecorum
1465 1540 1702 1593 praecipitur,

444 1609 560 1660 Qam
580 1607 718 1660 qug'sque
735 1608 831 1645 norit
851 1616 980 1651 artem,
1003 1607 1038 1644 in
1058 1607 1174 1661 haeft
1193 1617 1369 1646 exerceat.

354 1673 468 1712 Illam
489 1686 575 1711 vero
595 1672 770 1710 funditus
792 1672 986 1724 ejiciamus
1007 1672 1295 1711 individuorum
1315 1686 1520 1726 corporum
1539 1672 1700 1718 levium,

306 1750 344 1779 et
364 1739 617 1778 rotundorum
638 1738 926 1777 concursionem
946 1737 1147 1776 fortuitam
1160 1757 1172 1783 ς
1205 1752 1321 1790 quam
1343 1748 1469 1776 tamen
1491 1739 1699 1776 Democri-

307 1816 368 1845 tus
388 1804 684 1844 concalefactam
703 1814 741 1842 et
760 1803 991 1856 spirabilem,
1022 1804 1061 1842 id
1081 1804 1132 1841 est
1150 1803 1372 1848 animalem,
1390 1803 1461 1841 effe
1479 1803 1615 1841 voluit.
1661 1805 1699 1842 Is

307 1882 435 1909 autem
469 1870 633 1913 animus,
669 1870 752 1922 qui,
782 1869 809 1907 fi
828 1869 880 1907 est
912 1868 1054 1907 horum
1075 1878 1238 1922 quatuor
1256 1883 1454 1921 generum,
1485 1882 1532 1907 ex
1558 1869 1699 1921 quibus

307 1937 439 1974 omnia
463 1934 628 1974 constare
663 1935 860 1979 dicuntur,
894 1948 941 1972 ex
961 1934 1198 1973 inflammata
1229 1934 1356 1972 anima
1385 1933 1542 1978 constat,
1564 1943 1606 1971 ut
1627 1948 1698 1986 po·-

306 2003 494 2041 tiffimum
529 2001 647 2039 videri
680 2002 791 2040 video
826 2002 1007 2046 Panaetio,
1042 2000 1231 2054 superiora
1267 1999 1424 2053 capessat
1459 2000 1602 2038 necesse
1631 2001 1698 2039 est.

307 2068 422 2109 Nihil
442 2068 547 2106 enim
567 2066 710 2106 habent
728 2067 809 2106 haec
829 2068 907 2106 duo
935 2081 1071 2120 genera
1101 2067 1226 2119 proni,
1254 2077 1292 2104 et
1312 2066 1442 2119 supera
1466 2066 1611 2119 semper
1630 2080 1698 2119 pe-

306 2143 408 2172 tunt.
467 2134 538 2178 Ita,
574 2132 646 2171 five
676 2133 912 2185 dissipantur,
946 2132 1123 2185 procula
1141 2132 1247 2170 terris
1268 2131 1307 2169 id
1331 2131 1480 2176 evenit3
1512 2131 1584 2169 five
1610 2145 1698 2184 per-

308 2207 478 2243 manent,
499 2209 538 2236 et
569 2198 789 2236 conservant
808 2197 987 2236 habitum
1018 2197 1143 2242 suum,
1173 2196 1248 2235 hoc
1271 2197 1387 2235 etiam
1408 2197 1529 2249 magis
1556 2197 1703 2234 necesse

305 2264 358 2302 est
376 2263 545 2302 ferantur
574 2263 620 2300 ad
639 2263 790 2308 caelum,
820 2271 858 2301 et
883 2263 929 2300 ab
950 2262 1009 2301 his
1030 2272 1297 2315 perrumpatur
1327 2271 1365 2300 et
1384 2263 1574 2300 dividatur
1598 2262 1696 2299 cras-

307 2329 366 2367 sus
396 2328 462 2366 hic
492 2338 530 2366 et
560 2338 759 2367 concretus
786 2341 859 2373 aer,
889 2329 957 2381 qui
976 2328 1028 2366 est
1060 2338 1164 2366 terrae
1183 2329 1397 2381 proximus.
1447 2327 1616 2365 Calidior
1646 2327 1702 2364 est

306 2396 427 2440 enim,
446 2395 506 2432 vel
526 2395 653 2448 potius
673 2395 862 2433 ardentior
880 2396 1046 2440 animus,
1067 2408 1185 2446 quam
1212 2394 1264 2432 est
1282 2393 1345 2432 hic
1367 2407 1439 2438 aer,
1461 2406 1577 2445 quem
1607 2406 1698 2431 mo-

307 2461 358 2500 do
383 2460 464 2498 dixi
483 2459 642 2498 crassum
662 2470 775 2512 atque
795 2470 1035 2499 concretum.
1084 2460 1200 2511 Qod
1220 2474 1266 2497 ex
1287 2473 1330 2497 eo
1347 2459 1431 2496 sciri
1451 2457 1586 2510 potest,
1608 2460 1700 2510 quia

306 2539 462 2579 corpora
495 2526 629 2570 nostra,
664 2535 811 2564 terreno
843 2526 1123 2579 principiorum
1159 2538 1295 2577 genere
1338 2523 1523 2570 confeera,
1568 2524 1699 2562 ardore

307 2592 427 2630 animi
447 2591 727 2632 concalescunt.
