2330 2983
582 349 664 399 466
845 344 938 384 DE
996 343 1322 383 NATURA
1379 342 1719 382 DEORUM

581 445 719 485 mundi
740 443 835 490 sede,
856 443 974 483 solida
992 451 1031 482 et
1049 442 1218 496 globosa,
1236 451 1274 482 et
1293 442 1463 496 undique
1478 442 1557 495 ipsa
1572 443 1613 481 in
1633 441 1706 481 sese
1725 440 1884 481 nutibus
1900 442 1977 482 suis

579 511 824 564 conglobata,
844 509 975 548 vestita
994 508 1167 554 floribus,
1189 507 1332 554 herbis,
1353 509 1564 555 arboribus,
1582 507 1758 562 frugibus
1773 527 1785 553 ς
1808 521 1978 561 quorum

580 578 760 619 omnium
790 575 1028 615 incredibilis
1049 575 1262 614 multitudo
1281 575 1486 614 insatiabili
1513 576 1688 614 varietate
1715 574 1976 628 distinguitur.

580 643 693 682 Adde
722 642 802 681 huc
821 641 993 680 fontium
1021 641 1164 693 gelidas
1195 641 1464 694 perennitates,
1496 641 1737 694 liquoresque
1757 641 1976 694 perlucidos

579 709 772 755 amnium,
794 708 964 761 riparum
984 706 1139 745 vestitus
1157 706 1412 752 viridiffimos,
1430 707 1698 759 speluncarum
1717 720 1899 746 concavas
1919 706 1977 744 al-

579 775 780 819 titudines,
802 774 977 812 saxorum
997 772 1226 824 asperitates,
1253 772 1564 824 impendentium
1584 773 1782 811 montium
1801 772 1978 811 altitudi-

579 853 662 886 nes,
696 836 1042 889 immenfitatesque
1072 850 1324 889 camporum:
1366 837 1461 874 adde
1490 837 1606 875 etiam
1637 837 1850 876 reconditas
1882 837 1977 882 auri,

580 905 803 957 argentique
834 915 960 946 venas,
995 901 1268 954 infinitamque
1297 901 1379 940 vim
1410 902 1627 940 marmoris.
1678 902 1776 953 Qae
1806 914 1908 946 vero,
1940 910 1980 940 et

579 983 699 1022 quam
719 969 819 1007 varia
840 980 979 1021 genera
998 966 1202 1006 bestiarum
1223 967 1283 1006 vel
1304 967 1495 1011 cicurum,
1516 967 1577 1004 vel
1596 965 1766 1005 ferarum
1784 967 1797 1002 ?
1819 966 1887 1018 qui
1906 979 1978 1004 vo-

579 1035 736 1073 lucrum
766 1033 903 1086 lapsus,
935 1041 1050 1086 atque
1079 1033 1244 1072 cantus?
1276 1033 1344 1085 qui
1369 1032 1567 1085 pecudum
1596 1032 1753 1086 pastus?
1785 1045 1871 1084 quae
1900 1031 1979 1069 vita

580 1099 835 1140 silvestrium?
867 1098 974 1149 Qid
999 1100 1083 1151 jam
1114 1099 1160 1138 de
1179 1098 1388 1138 hominum
1407 1112 1546 1152 genere
1576 1098 1731 1137 dicam?
1762 1098 1844 1150 qui,
1875 1097 1979 1150 quasi

579 1166 746 1205 cultores
767 1175 872 1204 terrae
891 1164 1104 1209 constituti,
1126 1178 1203 1203 non
1223 1166 1421 1218 patiuntur
1440 1178 1524 1203 eam
1545 1178 1615 1203 nec
1630 1164 1871 1203 immanitate
1891 1163 1978 1201 bel-

580 1232 732 1270 luarum
752 1231 912 1275 efferari,
934 1243 1003 1268 nec
1023 1230 1201 1283 stirpium
1220 1231 1417 1284 asperitate
1435 1230 1566 1269 vastari
1580 1249 1593 1275 ς
1619 1243 1863 1283 quorumque
1882 1242 1980 1282 ope-

578 1297 686 1338 ribus
706 1296 799 1348 agri,
820 1295 966 1339 insulae,
984 1295 1190 1347 littoraque
1209 1295 1418 1340 collucent,
1432 1295 1606 1334 distincita
1621 1297 1727 1334 testis
1747 1304 1785 1332 et
1800 1295 1979 1332 urbibus.

580 1362 679 1413 Qae
698 1361 739 1406 fi,
761 1369 805 1398 ut
824 1359 978 1405 animis,
999 1359 1049 1397 fic
1069 1360 1191 1398 oculis
1211 1360 1336 1399 videre
1356 1359 1561 1413 poffemus,
1579 1373 1696 1398 nemo
1715 1361 1894 1398 cundiam
1913 1360 1978 1397 in-

579 1435 690 1465 tuens
713 1435 850 1464 terram
871 1424 916 1463 de
937 1424 1066 1463 divina
1085 1425 1230 1464 ratione
1249 1425 1455 1464 dubitaret.

634 1494 690 1531 At
709 1505 798 1530 vero
817 1499 959 1544 quanta
977 1491 1092 1530 mar1s
1123 1491 1176 1530 est
1194 1491 1447 1544 pulchritudo
1465 1492 1479 1529 ?
1510 1505 1595 1545 quae
1625 1491 1765 1545 species
1785 1489 1945 1530 univerfi
1962 1490 1976 1526 ?

579 1571 665 1610 quae
684 1557 912 1601 multitudo,
933 1566 971 1595 et
1001 1557 1157 1595 varietas
1177 1557 1387 1596 insularum
1407 1559 1420 1595 ?
1451 1571 1536 1610 quae
1555 1557 1794 1595 amoenitates
1824 1569 1980 1595 orarum

578 1632 617 1662 et
636 1622 845 1661 littorum?
876 1629 972 1673 quot
998 1633 1148 1672 genera,
1180 1633 1376 1672 quamque
1407 1623 1565 1672 disparia
1593 1623 1732 1673 partim
1764 1621 1977 1660 submersa-

580 1703 682 1733 rum,
700 1688 842 1740 partim
863 1685 1100 1724 fluitantium
1120 1694 1158 1723 et
1178 1685 1398 1724 innantium
1419 1685 1649 1731 belluarum,
1663 1687 1805 1739 partim
1829 1687 1874 1724 ad
1894 1687 1979 1725 saxa

578 1753 716 1793 nativis
737 1751 838 1790 testis
858 1749 1162 1790 inhaerentium?
1195 1750 1326 1802 Ipsum
1359 1760 1487 1789 autem
1519 1764 1622 1789 mare
1653 1751 1704 1790 fic
1735 1761 1874 1789 terram
1905 1765 1975 1804 ap-

579 1823 712 1868 petens
731 1811 927 1851 littoribus
947 1810 1099 1856 alludit,
1131 1819 1175 1848 ut
1195 1823 1270 1849 una
1295 1824 1342 1850 ex
1373 1811 1520 1850 duabus
1553 1813 1697 1851 naturis
1728 1811 1891 1851 conflata
1914 1813 1976 1850 vi-

577 1881 724 1918 deatur.

633 1943 787 1983 Exinde
806 1943 904 1980 mari
923 1942 1113 1981 finitimus
1133 1956 1194 1981 aer
1213 1942 1275 1981 die
1290 1951 1328 1981 et
1348 1944 1458 1982 nofte
1473 1943 1720 1996 distinguitur
1734 1961 1746 1988 ς
1768 1943 1874 1996 isque
1890 1951 1977 1983 tum

579 2010 698 2054 fusus,
721 2016 759 2047 et
778 2017 1004 2046 extenuatus
1023 2007 1186 2046 sublime
1205 2008 1340 2054 fertur,
1357 2019 1442 2047 tum
1458 2019 1586 2047 autem
1606 2018 1822 2053 concretus,
1838 2010 1878 2047 in
1899 2023 1975 2048 nu-

579 2076 645 2114 bes
665 2075 844 2127 cogitur;
867 2072 1148 2126 humoremque
1164 2074 1349 2126 colligens
1368 2083 1504 2112 terram
1521 2084 1633 2126 auget
1650 2074 1840 2112 imbribus
1856 2089 1864 2111 :
1889 2084 1975 2113 tum

580 2141 739 2180 effluens
771 2139 847 2178 huc
868 2149 904 2177 et
925 2140 1033 2185 illuc,
1067 2149 1198 2178 ventos
1218 2140 1350 2178 efficit.
1397 2140 1506 2178 Idem
1535 2153 1676 2178 annuas
1703 2138 1908 2192 frigorum,
1937 2151 1975 2179 et

579 2208 750 2246 calorum
771 2205 863 2243 facit
889 2205 1110 2250 varietates;
1143 2205 1325 2257 idemque
1355 2214 1393 2243 ct
1413 2205 1558 2243 volatus
1584 2205 1722 2243 alitum
1742 2205 1909 2250 sustinet,
1936 2216 1976 2244 et

580 2272 712 2325 spiritu
732 2272 866 2309 du&us
887 2270 954 2308 alit
974 2280 1011 2308 et
1031 2270 1209 2309 sustentat
1229 2271 1455 2309 animantes.

633 2339 722 2377 XL.
754 2337 885 2376 Restat
907 2337 1081 2382 ultimus,
1117 2347 1154 2375 et
1174 2351 1193 2375 a
1212 2337 1422 2376 domiciliis
1443 2337 1578 2376 nostris
1598 2337 1812 2382 altiffimus,
1843 2339 1976 2376 omnia

579 2406 737 2458 cingens
771 2414 809 2442 ct
829 2416 1021 2447 coercens,
1057 2403 1139 2441 cccli
1159 2404 1399 2456 complexus,
1434 2404 1501 2456 qui
1535 2403 1639 2442 idem
1660 2402 1777 2442 aether
1802 2413 1972 2450 vocatur,

579 2480 749 2509 extrema
779 2483 841 2508 ora
860 2479 897 2507 ct
918 2469 1185 2508 determinatio
1205 2469 1341 2507 mundi
1362 2484 1370 2507 :
1403 2470 1441 2506 in
1463 2483 1540 2521 quo
1559 2484 1650 2508 cum
1679 2470 1974 2509 admirabilitate

581 2539 748 2575 maxima
770 2537 886 2589 ignca:
907 2535 1040 2574 forma:
1068 2535 1196 2574 cursus
1216 2536 1410 2574 ordinatos
1431 2536 1634 2575 definiunt.
1680 2538 1712 2575 E
1734 2537 1876 2589 quibus
1903 2536 1970 2581 sol,

580 2604 688 2654 cujus
704 2603 969 2655 magnitudine
984 2602 1115 2641 multis
1131 2603 1302 2655 partibus
1321 2612 1414 2640 terra
1428 2602 1634 2655 superatur,
1648 2603 1795 2641 circum
1808 2615 1892 2640 eam
1910 2602 1971 2655 ip-

581 2669 656 2707 sun
677 2669 854 2713 volvitur,
877 2669 982 2722 isque
999 2669 1123 2708 oriens
1144 2678 1181 2709 ct
1200 2668 1392 2716 occidens,
1414 2669 1516 2709 diem
1538 2671 1767 2722 noctemque
1783 2667 1939 2709 conficit
1957 2687 1970 2714 5
