2330 2983
454 328 536 368 404
710 314 804 352 DE
862 311 1192 351 NATURA
1250 308 1593 348 DEORUM

454 414 696 453 Laboremne
715 410 916 465 fugiebat?
947 411 1003 449 At
1025 410 1092 448 iste
1111 422 1180 448 nec
1200 409 1356 462 attingit
1377 409 1524 454 Deum,
1546 420 1616 446 nec
1636 414 1714 445 erat
1732 405 1850 451 ullus,

455 494 548 518 cum
567 492 701 518 omnes
732 487 874 516 naturae
906 477 1060 515 numini
1079 476 1225 520 divino,
1255 475 1409 520 caelum,
1436 475 1559 527 ignes,
1591 483 1711 517 terrae,
1733 471 1853 510 maria

455 554 640 599 parerent.
672 544 782 596 Qid
811 552 940 582 autem
967 551 1059 586 erat,
1091 541 1197 595 quod
1215 542 1500 594 concupisceret
1521 542 1627 580 Deus
1657 537 1851 577 mundum

455 611 572 663 fignis
592 619 630 648 et
649 609 879 654 luminibus,
908 617 1090 660 tanquam
1110 606 1266 651 AEdilis,
1295 607 1457 645 ornare?
1488 606 1541 650 Si,
1574 614 1617 643 ut
1636 605 1744 643 Deus
1774 601 1854 655 ipse

457 676 596 715 melius
615 675 830 719 habitaret;
862 683 970 712 antea
999 673 1177 711 videlicet
1211 681 1384 725 tempore
1416 671 1570 710 infinito
1602 670 1642 708 in
1670 668 1852 712 tenebris,

457 751 640 794 tanquam
660 741 700 779 in
720 739 930 792 gurgustio,
961 737 1208 776 habitaverat.
1259 737 1347 776 Post
1371 745 1500 774 autem
1520 736 1744 773 varietatene
1763 746 1854 771 eum

458 807 631 845 delectari
652 815 847 858 putamu8‚
869 816 945 855 qua
963 803 1102 841 caelum
1119 811 1158 840 et
1178 810 1290 839 terras
1311 810 1507 839 exornatas
1526 800 1703 838 videmus
1721 799 1734 834 ?
1756 799 1856 849 Qae

457 873 526 911 ista
544 872 665 925 potest
683 870 754 909 effe
773 869 977 908 oblectatio
993 869 1079 907 Deo
1095 868 1107 905 ?
1129 881 1214 920 quae
1234 867 1261 906 fi
1281 867 1382 912 estet,
1405 880 1482 905 non
1502 867 1546 904 ea
1563 864 1713 904 tamdiu
1732 875 1856 901 carere

458 937 651 992 potuiss‘et.

505 1005 568 1042 An
589 1002 684 1047 haec,
707 1010 750 1040 ut
770 1000 848 1039 fere
868 1000 1011 1045 dicitis,
1031 998 1240 1038 hominum
1260 997 1370 1037 causa
1387 1013 1408 1037 a
1423 999 1509 1038 Deo
1524 996 1730 1036 constituta
1744 994 1854 1033 sunt?

461 1067 766 1122 Sapientumne?
798 1075 952 1119 propter
982 1079 1122 1119 paucos
1153 1078 1243 1118 ergo
1264 1074 1367 1103 tanta
1385 1064 1438 1103 est
1467 1063 1564 1102 faeta
1589 1075 1716 1101 rerum
1737 1058 1857 1098 moli-

459 1136 528 1174 tio.
561 1136 625 1173 An
646 1134 850 1172 stultorum
869 1133 882 1169 ?
904 1141 955 1176 at,
977 1131 1164 1184 primum,
1186 1131 1293 1169 causa
1310 1144 1389 1169 non
1409 1129 1499 1175 fuit,
1519 1143 1588 1168 cur
1603 1128 1650 1166 de
1669 1125 1857 1180 improbis

460 1201 557 1239 bene
588 1208 822 1238 mereretur:
854 1197 1004 1241 deinde,
1035 1196 1129 1248 quid
1158 1195 1210 1234 est
1229 1195 1443 1234 assecutus?
1473 1209 1566 1233 curn
1596 1205 1731 1232 omnes
1751 1190 1858 1230 stulti

460 1267 533 1305 fint
552 1266 629 1304 fine
647 1264 766 1302 dubio
785 1262 1017 1305 miserrimi;
1049 1261 1233 1305 maxime,
1266 1261 1371 1312 quod
1401 1260 1506 1298 stulti
1537 1260 1652 1298 sunt:
1685 1257 1857 1296 miserius

460 1332 566 1370 enim
584 1328 745 1368 stultitia
763 1326 859 1379 quid
879 1326 1073 1380 possumus
1094 1326 1247 1363 dicere?
1269 1326 1418 1369 deinde,
1434 1325 1538 1377 quod
1558 1325 1612 1362 ita
1630 1323 1754 1361 multa
1774 1322 1860 1360 sunt

460 1395 710 1436 incommoda
729 1394 768 1431 in
789 1393 879 1437 vita,
902 1402 944 1430 ut
970 1405 1012 1429 ea
1032 1391 1214 1444 sapientes
1235 1391 1533 1429 commodorum
1552 1387 1862 1442 compensatione

462 1464 618 1507 leniant,
639 1460 745 1500 stulti
765 1473 835 1497 nec
856 1459 972 1497 vitare
992 1457 1184 1496 venientia
1202 1457 1355 1510 poffint‚
1377 1469 1448 1494 nec
1468 1454 1565 1494 ferre
1584 1453 1792 1508 praesentia.

517 1529 570 1567 X.
601 1527 683 1578 Qi
705 1539 792 1564 vero
823 1523 1014 1562 mundum
1047 1523 1174 1575 ipsum
1203 1522 1455 1567 animantem,
1486 1521 1773 1574 sapientemque
1791 1518 1863 1558 esse

463 1595 658 1637 dixerunt,
688 1590 797 1629 nullo
815 1589 932 1627 modo
951 1588 1130 1627 viderunt
1158 1588 1278 1626 animi
1308 1596 1498 1632 naturam,
1527 1586 1787 1639 intelligentes
1820 1586 1862 1623 in

463 1673 582 1713 quam
601 1658 765 1710 figuram
786 1655 917 1694 cadere
942 1652 1060 1707 posset
1074 1671 1087 1698 3
1119 1653 1165 1691 de
1184 1667 1263 1706 quo
1283 1653 1408 1691 dicam
1429 1653 1609 1705 equidem
1630 1652 1744 1705 paulo
1763 1651 1860 1705 post.

464 1726 586 1764 Nunc
605 1732 733 1761 autem
753 1720 934 1758 haetenus
955 1719 1170 1757 admirabor
1188 1732 1322 1758 eorum
1343 1718 1574 1764 tarditatem,
1596 1718 1664 1770 qui
1685 1718 1861 1756 animan-

464 1802 560 1836 tem,
604 1787 879 1831 immortalem,
910 1793 947 1824 et
978 1785 1146 1823 eundem
1177 1785 1348 1829 beatum,
1378 1785 1592 1824 rotundum
1625 1784 1696 1823 effe
1726 1784 1862 1830 velint,

465 1857 585 1911 quod,
616 1855 660 1894 ea
688 1853 815 1893 forma
846 1851 968 1890 ullam
1001 1860 1115 1904 neget
1144 1851 1215 1890 effe
1235 1849 1499 1904 pulchriorem
1518 1851 1642 1890 Plato.
1673 1851 1730 1889 At
1762 1850 1863 1889 mihi

465 1924 525 1963 vel
546 1921 725 1975 cylindri,
756 1919 815 1957 vel
849 1917 1037 1970 quadrati,
1070 1916 1128 1955 vel
1162 1917 1267 1962 coni,
1298 1917 1356 1954 vel
1388 1917 1596 1969 pyramidis
1615 1915 1766 1955 videtur
1793 1915 1865 1954 esse

466 1987 679 2028 formofior.
726 1985 824 2035 Qae
844 1996 931 2021 vero
965 1982 1149 2020 tribuitur
1180 1983 1257 2021 vita
1286 1982 1346 2020 isti
1376 1983 1542 2021 rotundo
1563 1981 1676 2021 Deo?
1707 1981 1865 2035 Nempe

468 2064 512 2094 ut
532 2054 575 2092 ea
595 2051 785 2091 celeritate
804 2057 1114 2100 contorqueatur,
1145 2048 1209 2085 cui
1239 2061 1305 2100 par
1324 2047 1429 2085 nulla
1448 2061 1495 2085 ne
1524 2047 1684 2100 cogitari
1704 2047 1864 2098 quidem

469 2119 606 2174 poffit:
639 2119 679 2155 in
701 2129 775 2168 qua
795 2128 871 2152 non
893 2113 1016 2158 video,
1048 2113 1207 2151 ubinam
1239 2125 1347 2150 mens
1376 2112 1564 2156 constans,
1594 2120 1633 2150 et
1653 2111 1729 2149 vita
1758 2111 1866 2150 beata

469 2183 580 2239 poffit
601 2182 777 2221 insistere.
810 2179 1005 2231 Qodque
1035 2179 1074 2216 in
1097 2177 1222 2216 nostro
1253 2191 1423 2230 corpore,
1456 2177 1480 2215 fi
1502 2177 1665 2216 minima
1683 2190 1730 2215 ex
1763 2186 1866 2229 parte

471 2249 717 2304 fignificetur,
735 2246 938 2285 molestum
961 2245 1031 2289 sit,
1054 2258 1122 2282 cur
1141 2242 1215 2283 hoc
1236 2244 1339 2283 idem
1360 2257 1436 2282 non
1458 2242 1640 2282 habeatur
1661 2243 1867 2282 molestum

470 2319 511 2356 in
534 2317 646 2355 Deo?
678 2315 799 2353 Terra
817 2312 920 2350 enim
943 2309 1125 2364 profecto,
1148 2311 1331 2362 quoniam
1350 2323 1431 2362 pars
1455 2310 1591 2348 mundi
1611 2309 1676 2354 est,
1713 2322 1795 2362 pars
1815 2309 1868 2348 est

471 2383 585 2422 ctiam
604 2381 693 2420 Dei.
716 2378 839 2431 Atqui
862 2387 964 2415 terrae
985 2377 1170 2414 maximas
1192 2376 1363 2428 regiones
1384 2374 1652 2414 inhabitabiles
1671 2384 1784 2427 atque
1805 2375 1866 2413 in-

471 2448 594 2487 cultas
625 2445 815 2488 videmus.
851 2443 955 2495 quod
990 2455 1072 2495 pars
1103 2455 1233 2479 carum
1255 2441 1412 2493 appulsu
1446 2441 1531 2479 solis
1552 2440 1753 2485 exarserim
1786 2454 1868 2493 pars

472 2513 682 2566 obriguerit
714 2511 800 2549 nive
833 2509 1068 2562 pruinaque,
1101 2507 1314 2559 longinquo
1346 2507 1429 2544 solis
1461 2506 1637 2546 absccll‘u.
1688 2507 1799 2558 Qae,
1842 2507 1867 2545 si

474 2580 642 2620 mundus
674 2577 726 2616 est
759 2579 878 2620 Deus,
909 2575 1092 2628 quoniam
1129 2583 1250 2627 partes
1288 2573 1421 2611 :nundi
1459 2572 1557 2619 sunt,
1589 2573 1664 2612 Dei
1695 2572 1868 2612 membra

472 2646 612 2701 partim
634 2644 813 2688 ardentia,
832 2642 971 2695 partim
993 2639 1208 2694 refrigerata
1227 2639 1385 2679 dicenda
1407 2638 1504 2678 sunt.
