2330 2983
713 267 987 307 LIBER
1044 265 1406 306 PRIMUS.
1682 267 1761 319 269

369 366 587 421 reipublicae
607 365 819 418 disciplina.
865 365 1001 416 Qid?
1039 366 1267 416 Cyrenaeum
1287 364 1559 410 Theodorum,
1587 363 1760 418 philoso-

366 433 491 486 phum
522 446 600 470 non
629 431 857 483 ignobilem,
889 443 1016 468 nonne
1049 432 1269 468 miramur?
1299 432 1364 468 cui
1398 445 1490 469 cum
1510 431 1760 482 Lyfimachus

366 511 432 535 rex
451 509 605 534 crucem
626 495 848 538 minaretur,
870 494 962 546 (stis,
990 496 1114 547 quaeso,
1136 494 1278 546 inquit,
1308 494 1372 546 {sta
1391 495 1576 534 horribilia
1593 497 1762 536 minitare

357 561 579 615 purpuratis
597 560 670 598 tuis
683 575 698 598 .·
730 557 904 598 Theodori
920 559 1054 611 quidem
1073 559 1167 597 nihil
1181 559 1335 612 interest,
1355 560 1510 605 humine,
1538 575 1586 599 an
1592 562 1757 614 sttblime,

355 629 558 681 putrescat.
591 627 714 677 Cujus
733 624 808 664 hoc
829 626 931 663 dieto
951 625 1174 671 admoneor,
1190 635 1233 664 ut
1252 626 1399 678 aliquid
1417 627 1534 665 etiam
1554 627 1600 665 de
1617 627 1760 666 huma-

364 694 467 732 tione
497 702 535 731 et
554 692 746 745 sepultura
765 692 974 730 dicendum
993 692 1210 731 existimem
1226 711 1238 737 ς
1270 706 1351 731 rem
1378 707 1456 731 non
1476 693 1690 739 difficilem,
1711 694 1758 733 iis

361 759 569 812 praesertim
601 758 781 811 cognitiS‚
827 772 911 812 quae
945 758 991 797 de
1023 757 1122 798 nihil
1160 759 1356 798 sentiendo
1383 759 1500 813 paulo
1532 769 1619 799 ante
1660 760 1759 798 dieta

362 824 462 862 sunt.

417 890 480 928 De
512 902 589 942 qua
609 892 779 928 Socrates
804 889 963 942 quidem
995 890 1090 943 quid
1120 889 1286 936 senserit,
1317 900 1470 943 apparet
1499 891 1539 928 in
1569 904 1615 928 eo
1641 890 1757 937 libro,

360 956 401 994 in
423 969 501 1008 quo
521 956 708 1000 moritum
739 955 786 993 de
818 969 897 1008 quo
921 957 1004 1008 jam
1031 965 1111 994 tam
1131 957 1256 994 multa
1281 957 1464 995 diximus.
1515 958 1620 996 Cum
1650 958 1761 996 enim.

360 1022 408 1060 de
427 1022 718 1060 immortalitate
737 1022 959 1060 animorum
985 1021 1259 1074 disputavisset,
1287 1031 1325 1060 et
1338 1023 1422 1074 jam
1442 1023 1634 1061 moriendi
1654 1033 1756 1062 tem-

360 1100 431 1140 pus
464 1096 626 1139 urgeret,
657 1096 809 1138 rogatus
838 1100 859 1125 a
888 1088 1062 1132 Critone,
1092 1088 1425 1139 quemadmodum
1453 1087 1600 1140 sepeliri
1627 1089 1755 1134 vellet,

358 1155 522 1194 Multam
551 1167 650 1198 vero,
685 1153 827 1204 inquit,
857 1161 1012 1206 operam,
1046 1154 1164 1198 amici,
1186 1154 1339 1206 frustra
1370 1155 1568 1207 conficmpst.
1615 1156 1762 1195 Critoni

359 1221 448 1260 enim
476 1219 588 1272 nostro
605 1233 673 1257 non
696 1220 858 1272 persttasi
882 1234 935 1258 me
961 1220 1044 1259 hinc
1062 1221 1306 1265 avolaturum,
1336 1235 1445 1274 neque
1473 1221 1661 1274 quidquam
1692 1222 1763 1260 mei

358 1285 580 1323 relicturum.
627 1286 880 1329 Veruntamen,
913 1285 1030 1329 Crito,
1047 1286 1090 1336 st
1120 1300 1174 1323 me
1199 1285 1330 1338 aſjbqui
1351 1286 1527 1338 potueris,
1555 1295 1622 1325 aut
1636 1287 1761 1338 sicubi

357 1352 486 1388 nac‘t'us
513 1350 596 1394 eris,
627 1359 669 1387 ut
698 1349 768 1388 tibi
792 1349 987 1395 videbitur,
1003 1351 1165 1403 ſspelito.
1225 1351 1305 1395 Sed,
1334 1351 1551 1396 mihicrede,
1579 1366 1674 1390 nemo
1703 1367 1757 1391 me

356 1414 526 1467 vfstrum,
547 1428 625 1452 cum
643 1414 727 1453 hinc
744 1414 919 1467 exczffbro,
940 1417 1178 1470 consequetur.
1231 1416 1412 1455 Praeclare
1432 1417 1472 1455 id
1492 1417 1665 1469 quidem,
1687 1418 1755 1470 qui

356 1489 395 1518 et
415 1480 540 1519 amico
559 1480 786 1533 permiserit,
818 1489 856 1518 et
875 1480 910 1518 se
929 1481 1130 1519 ostenderit
1150 1481 1196 1519 de
1214 1480 1290 1519 hoc
1310 1491 1393 1520 toto
1420 1495 1557 1534 genere
1577 1482 1677 1534 nihil
1698 1483 1755 1520 la-

358 1546 505 1585 borare.
532 1546 676 1584 Durior
691 1546 900 1598 Diogenes,
922 1556 959 1584 et
978 1547 1017 1585 id
1038 1547 1196 1599 quidem
1215 1547 1392 1592 sentiens,
1411 1547 1487 1592 sed,
1509 1556 1553 1585 ut
1566 1548 1754 1599 Cynicus,

356 1611 533 1664 asperius,
564 1610 701 1664 projici
721 1610 756 1648 se
784 1611 893 1663 juffit
910 1611 1174 1651 inhumatum.
1216 1613 1326 1650 Tum
1346 1612 1475 1658 amici,
1507 1613 1755 1667 Volucribustze

355 1687 390 1716 et
396 1678 533 1730 fi’ris?
562 1677 735 1715 Minime
753 1690 857 1722 vero,
888 1678 1044 1730 inquit:
1078 1678 1138 1717 sed
1169 1678 1355 1717 bacillum
1385 1688 1542 1732 propter
1565 1693 1643 1725 me,
1675 1694 1763 1733 quo-

355 1743 520 1796 abigam,
534 1744 721 1796 ponitote.
755 1743 831 1795 Qu*
837 1744 974 1796 poteris
987 1744 1007 1782 ,ἒ
1028 1744 1110 1783 illi:
1142 1759 1210 1784 non
1229 1745 1319 1783 enim
1324 1745 1473 1797 senties.
1506 1745 1615 1798 Qid
1633 1747 1754 1798 igitur

355 1808 456 1847 mihi
475 1807 643 1847 ferarum
664 1809 826 1847 laniatus
845 1809 984 1854 oberit,
1015 1809 1116 1848 nihil
1143 1809 1320 1848 sentienti
1339 1810 1352 1847 ?
1383 1811 1565 1849 Praeclare
1593 1813 1750 1850 Anaxa-

353 1887 461 1926 goras
477 1891 492 1919 ;
521 1874 701 1925 quicum
722 1874 923 1926 Lampsaci
942 1884 1166 1920 moreretur,
1198 1876 1453 1928 quaerentibus
1487 1877 1636 1922 amicis,
1667 1877 1750 1915 vel-

354 1940 457 1977 letne
478 1938 730 1977 Clazomenas
752 1938 792 1976 in
816 1939 992 1991 patriam,
1015 1940 1040 1978 fi
1061 1941 1155 1993 quid
1175 1941 1209 1977 ei
1230 1940 1434 1986 accidiffet‚
1455 1940 1593 1979 auferri
1610 1960 1622 1987 ς
1645 1942 1758 1981 Nihil

354 2005 475 2059 necejſje2
493 2004 550 2059 cst,
580 2004 724 2057 inquit,
754 2004 906 2058 undique
923 2007 1012 2044 enim
1030 2009 1080 2045 ad
1095 2007 1226 2059 znftros
1245 2007 1453 2046 tantundem
1473 2008 1546 2046 viae
1574 2008 1631 2061 est.
1663 2010 1748 2047 To-

353 2079 469 2123 taque
501 2070 548 2108 de
580 2070 724 2109 ratione
754 2069 991 2110 humationis
1023 2086 1146 2110 unum
1177 2073 1386 2111 tenendum
1416 2073 1468 2111 est
1479 2092 1493 2118 :-
1530 2074 1576 2112 ad
1610 2088 1746 2127 corpus

353 2136 462 2175 illam
482 2136 683 2189 pertinere,
713 2136 787 2175 five
819 2137 1005 2176 occiderit
1023 2139 1189 2182 animus,
1220 2139 1294 2176 slve
1314 2140 1451 2191 vigeat.
1510 2140 1556 2177 In
1591 2153 1749 2192 corpore

351 2211 480 2241 autem
498 2202 743 2255 perspicuum
763 2202 828 2248 est,
849 2203 907 2241 vel
925 2204 1094 2243 extincto
1113 2205 1256 2249 animo,
1278 2205 1336 2243 vel
1354 2205 1489 2257 elapso,
1506 2205 1662 2244 nullum
1683 2219 1744 2243 re-

353 2266 470 2305 fidere
489 2267 652 2306 sensum.

401 2332 550 2370 XLIV.
585 2332 656 2370 Sed
676 2332 789 2385 plena
806 2346 978 2373 errorum
997 2333 1084 2372 sunt
1103 2335 1247 2374 omnia.
1293 2334 1433 2374 Trahit
1452 2337 1678 2380 Hectorem,
1697 2335 1744 2373 ad

351 2410 511 2435 currum
531 2397 748 2449 religatum,
769 2397 942 2438 Achilles
961 2414 970 2438 z
1002 2400 1154 2439 lacerari
1173 2414 1263 2439 eum
1283 2409 1321 2439 et
1347 2401 1496 2445 sentire,
1523 2402 1647 2445 credo,
1667 2414 1742 2453 pu-

353 2472 422 2500 tat.
481 2463 586 2515 Ergo
605 2461 669 2501 hic
690 2463 898 2510 ulciscitur,
930 2476 972 2504 ut
1004 2467 1163 2519 quidem
1193 2467 1262 2505 fibi
1281 2467 1444 2506 videtur.
1480 2468 1536 2504 At
1554 2466 1621 2504 illa
1647 2466 1748 2505 ficut

352 2528 628 2569 acerbissimam
648 2543 729 2568 rem
750 2541 886 2569 moeret
898 2549 910 2576 ς

491 2594 585 2641 Vidi,
614 2595 735 2635 videre
753 2596 847 2651 quod
859 2611 912 2636 me
922 2597 1024 2651 paffiz
1042 2597 1239 2651 aegerrime‚
