2330 2983
511 271 583 308 126
932 265 1034 304 DE
1094 263 1478 303 FINIBUS

506 376 570 404 aut
603 366 713 410 tueri,
747 374 811 403 aut
843 363 1002 402 retinere
1031 363 1228 401 virtutem.
1288 362 1395 401 Nam
1416 375 1486 400 nee
1506 361 1564 399 vir
1584 360 1707 399 bonus
1727 360 1904 413 acjustus

506 431 636 469 haberi
671 432 797 475 debet,
835 430 917 482 qui,
961 442 1008 467 ne
1041 429 1191 467 malum
1222 427 1373 473 habeat,
1418 427 1578 466 abstinet
1606 427 1642 466 se
1673 427 1720 466 ab
1752 427 1903 479 injuria.

506 497 633 541 Nosti,
655 497 782 540 credo.
806 495 917 540 illud,

643 555 759 601 IVem&
768 562 852 614 pius
870 561 928 615 est,
960 561 1023 614 qui
1032 560 1204 613 pietatem
1226 590 1235 599 .
1261 590 1270 598 .
1296 590 1304 598 .

507 631 609 667 Cave
630 629 843 681 quidquam
864 637 973 680 putes
994 627 1064 665 effe
1083 627 1221 664 verius.
1269 626 1355 665 Nec
1375 626 1495 671 enim,
1525 625 1620 664 dum
1640 625 1796 669 metuit,
1821 623 1905 676 jus-

506 705 567 733 tus
587 695 663 739 est;
697 704 733 732 et
755 703 868 738 certe,
891 693 916 730 fi
938 702 1107 731 metuere
1125 692 1322 737 destiterit,
1345 705 1421 729 non
1442 692 1527 729 erit.
1560 691 1654 730 Non
1676 691 1817 729 metuit
1837 703 1906 727 au-

506 770 600 805 tem,
637 760 708 797 five
737 759 856 797 celare
890 759 1044 810 poterit,
1075 757 1148 795 five
1181 757 1320 809 opibus
1353 757 1518 809 magnis,
1545 756 1738 808 quidquid
1757 755 1905 799 fecerit,

505 826 678 863 obtinere
694 842 705 868 3
738 833 915 874 certeque
936 822 1054 860 malet
1073 821 1279 859 existimari
1309 821 1432 859 bonus
1453 821 1523 865 vir,
1546 829 1588 858 ut
1609 833 1686 858 non
1708 820 1766 864 sit,
1788 832 1906 871 quam

504 890 589 934 esse,
622 899 663 927 ut
686 902 762 926 non
784 896 951 940 putetur.
1004 888 1073 931 Ita,
1095 886 1200 939 quod
1218 885 1472 923 certiffimum
1493 885 1559 930 est,
1591 898 1661 938 pro
1679 898 1764 923 vera
1783 893 1906 922 certa-

504 970 579 1008 que
608 955 756 1008 justitia
787 953 1068 992 simulationem
1099 952 1210 991 nobis
1239 951 1395 1004 justitiae
1424 952 1571 990 traditis
1587 970 1599 997 5
1626 950 1907 1005 praecipitisque

504 1022 673 1074 quodam
694 1020 825 1064 modo,
860 1029 902 1056 ut
923 1019 1088 1058 nostram
1108 1017 1283 1056 stabilem
1303 1017 1577 1056 conscientiam
1597 1026 1906 1059 contemnamus,

504 1088 668 1126 aliorum
698 1095 886 1125 errantem
918 1086 1145 1138 opinionem
1175 1097 1427 1136 aucupemur.
1467 1085 1565 1136 Qae
1596 1083 1672 1122 dici
1703 1083 1836 1121 eadem
1861 1082 1907 1120 de

503 1153 648 1191 caeteris
668 1151 875 1190 virtutibus
897 1149 1076 1203 poffunt;
1112 1163 1276 1202 quarum
1297 1149 1477 1187 omnium
1498 1147 1750 1187 fundamenta
1780 1161 1845 1186 vos
1867 1148 1904 1185 in

504 1219 715 1271 voluptate,
738 1227 921 1269 tanquam
942 1216 981 1253 in
1003 1229 1112 1268 aqua,
1133 1216 1289 1268 ponitis.

560 1279 669 1330 Qid
702 1278 839 1316 enim?
870 1276 1062 1315 fortemne
1089 1277 1285 1330 possumus
1317 1276 1442 1314 dicere
1473 1276 1639 1314 eundem
1666 1275 1781 1313 illum
1802 1277 1906 1314 Tor-

504 1355 667 1399 quatum
687 1345 699 1382 ?
731 1344 896 1382 delector
915 1344 1033 1388 enim,
1056 1356 1278 1396 quanquam
1299 1352 1336 1380 te
1357 1356 1432 1380 non
1454 1342 1618 1395 poffum,
1652 1352 1694 1380 ut
1721 1343 1789 1386 ais,
1820 1356 1906 1380 cor-

507 1425 714 1464 rumpere;
746 1409 926 1453 delector,
948 1409 1122 1461 inquam,
1156 1418 1194 1446 et
1214 1407 1362 1445 familia
1391 1407 1521 1452 vestra,
1556 1417 1594 1445 et
1625 1407 1796 1445 nomine.
1856 1408 1909 1446 Et

506 1476 663 1515 hercule
684 1474 783 1514 mihi
803 1475 860 1512 vir
879 1475 1051 1527 optimus
1073 1473 1266 1526 nostrique
1285 1473 1578 1517 amantiffimus,
1599 1474 1650 1511 A.
1668 1473 1907 1525 Torquatus,

505 1543 670 1581 versatur
699 1550 785 1580 ante
819 1541 951 1579 oculos
967 1559 978 1585 3
1011 1541 1120 1592 cujus
1142 1550 1332 1592 quantum
1359 1539 1529 1577 studium
1558 1548 1596 1576 et
1616 1552 1734 1591 quam
1763 1539 1909 1592 infigne

506 1609 623 1647 fuerit
643 1622 730 1661 erga
759 1621 821 1646 me
853 1607 1090 1660 temporibus
1111 1606 1202 1651 illis,
1237 1620 1321 1659 quae
1352 1615 1442 1643 nota
1476 1605 1563 1643 sunt
1582 1605 1781 1650 omnibus,
1815 1605 1908 1644 scire

507 1674 647 1713 necesse
667 1674 719 1712 est
753 1683 964 1724 utrumque
984 1671 1163 1710 vestrum.
1207 1673 1306 1723 Qae
1326 1669 1425 1709 mihi
1456 1671 1539 1723 ipfi,
1570 1671 1637 1723 qui
1658 1670 1745 1708 volo
1774 1680 1811 1708 et
1839 1671 1910 1710 effe

506 1751 544 1779 et
577 1739 708 1778 haberi
743 1748 885 1792 gratus,
916 1746 1021 1790 grata
1056 1751 1133 1776 non
1164 1737 1295 1782 efflent,
1317 1737 1386 1775 nisi
1418 1750 1509 1775 eum
1542 1736 1792 1789 perspicerem
1825 1738 1909 1775 mea

508 1807 617 1845 causa
648 1805 745 1844 mihi
778 1805 950 1843 amicum
984 1803 1109 1849 fuiffe,
1145 1818 1222 1842 non
1244 1803 1334 1842 suat
1368 1803 1434 1840 nili
1466 1801 1541 1841 hoc
1562 1803 1673 1847 dicis,
1695 1802 1772 1846 sua,
1803 1803 1909 1855 quod

509 1873 659 1913 interest
679 1872 859 1910 omnIum
881 1872 978 1909 recte
998 1869 1133 1909 facere.
1167 1871 1204 1909 Si
1225 1870 1265 1908 id
1285 1870 1395 1914 dicis,
1423 1870 1603 1908 vicimus.
1651 1869 1694 1907 Id
1714 1870 1819 1908 enim
1839 1884 1908 1909 vo-

508 1942 654 1983 lumus,
685 1939 724 1977 id
754 1937 1042 1982 contendimus,
1079 1947 1121 1975 ut
1151 1937 1270 1975 officii
1305 1935 1452 1974 fructus
1487 1937 1532 1974 s1t
1557 1936 1683 1989 ipsum
1718 1936 1907 1975 officium.

508 2008 599 2045 Hoc
620 2005 684 2043 ille
705 2014 793 2043 tuus
815 2018 890 2042 non
911 2003 1008 2048 vult,
1029 2003 1286 2055 omnibusque
1312 2015 1358 2040 ex
1390 2002 1501 2039 rebus
1523 2002 1775 2054 voluptatem,
1804 2003 1906 2054 quasi

510 2071 740 2116 mercedem,
763 2070 897 2123 exigit.
942 2069 1012 2108 Sed
1034 2070 1079 2106 ad
1101 2069 1215 2107 illum
1237 2068 1361 2108 redeo.
1395 2069 1431 2105 Si
1463 2067 1670 2120 voluptatis
1691 2068 1797 2106 causa
1817 2082 1909 2106 cum

510 2137 628 2176 Gallo
661 2137 759 2190 apud
781 2136 972 2174 Anienem
1003 2135 1234 2188 depugnavit
1265 2143 1504 2187 provocatus,
1537 2143 1574 2172 et
1603 2147 1649 2172 ex
1679 2135 1760 2187 ejus
1782 2134 1909 2187 spoliis

510 2204 579 2242 fibi
600 2213 638 2241 et
669 2212 846 2254 torquem
867 2212 903 2239 et
935 2215 1150 2254 cognomen
1174 2201 1314 2245 induit,
1344 2199 1489 2238 nullam
1521 2200 1633 2238 aliam
1664 2200 1714 2238 ob
1745 2200 1907 2245 causam,

511 2269 578 2307 nisi
600 2268 703 2322 quod
723 2269 755 2306 ci
779 2268 865 2306 talia
884 2267 980 2305 faeta
1000 2268 1115 2320 digna
1141 2268 1222 2305 viro
1242 2266 1496 2310 videbantur5
1528 2265 1668 2304 fortem
1691 2280 1766 2305 non
1799 2277 1907 2319 puto.

512 2337 596 2388 Jam
620 2335 642 2374 li
668 2335 801 2388 pudor,
821 2335 844 2372 1⁹1
867 2333 1061 2378 modestia,
1084 2334 1107 2372 si
1131 2334 1326 2387 pudicitia,
1346 2333 1384 2377 li,
1402 2347 1480 2371 uno
1500 2333 1628 2377 verbo,
1644 2334 1908 2386 temperantia,

511 2415 634 2455 poenar
654 2411 717 2439 aut
739 2400 906 2439 infimi-⁸1:
927 2410 1031 2438 metu
1053 2400 1346 2442 coercebuntur,
1376 2412 1450 2436 non
1474 2398 1665 2437 sanctitate
1687 2399 1747 2436 sua
1770 2399 1802 2436 se
1824 2409 1907 2436 tue-

513 2469 682 2510 buntur;
716 2467 817 2519 quod
850 2466 1096 2509 adulterium.
1133 2465 1236 2519 quod
1272 2465 1460 2517 stuprum,
1497 2479 1580 2518 qua·
1616 2465 1736 2503 libido
1772 2479 1846 2503 non
1875 2464 1909 2502 se

515 2533 693 2587 proripiet
717 2548 756 2570 nc
780 2532 953 2585 projiciet
974 2542 1036 2570 aut
1057 2531 1313 2571 occultatione
1341 2530 1542 2584 propolitai,
1578 2541 1641 2570 aut
1663 2531 1906 2585 impunitate,

513 2608 578 2638 aut
600 2598 780 2639 licentia?
