2330 2983
582 252 858 291 LIBER
916 250 1416 291 SECUNDUS.
1630 266 1701 305 133

306 353 397 392 Hoc
417 351 470 390 est
489 364 567 390 non
588 351 705 390 modo
723 364 790 389 cor
808 364 886 389 non
906 349 1058 396 habere,
1081 350 1142 389 sed
1162 364 1209 389 ne
1228 351 1399 404 palatum
1417 350 1588 403 quidem.
1622 353 1704 404 Qi

303 419 410 456 enim
429 417 666 469 voluptatem
686 416 805 469 ipsam
824 425 1095 461 contemnunt,
1118 417 1163 454 iis
1184 417 1276 454 licet
1296 417 1433 461 dicere,
1458 416 1493 454 se
1511 417 1703 470 acipense-

303 497 384 521 rem
404 496 526 520 menae
545 495 623 520 non
643 491 893 534 anteponere:
926 481 990 518 cui
1010 495 1098 519 vero
1125 481 1165 519 in
1185 482 1380 534 voluptate
1412 483 1608 520 summum
1632 484 1702 522 bo-

303 563 414 593 num,
436 548 528 586 huic
548 549 678 586 omnia
699 548 818 592 sensu,
848 561 924 586 non
948 548 1111 603 ratione,
1127 547 1214 585 sunt
1228 547 1460 600 judicanda,-
1492 563 1609 601 eaque
1640 551 1701 587 di-

303 615 422 653 cenda
441 615 602 668 optima,
625 628 709 666 quae
727 613 812 652 sunt
831 613 1056 652 suavissima.

340 680 501 726 Verum,
518 681 618 718 esto:
642 680 894 732 consequatur
907 679 1074 718 summas
1091 679 1319 732 voluptates,
1340 693 1415 717 non
1435 680 1550 718 modo
1572 694 1702 733 parvo,

302 746 362 785 sed
383 761 449 799 per
469 761 531 785 me
552 745 690 791 nihilo,
719 747 745 784 fi
766 747 915 799 potest:
947 747 990 784 fit
1011 747 1184 799 voluptas
1213 760 1289 784 non
1322 747 1450 784 minor
1481 747 1519 783 in
1552 747 1700 785 nastur—

304 813 358 850 tio
380 813 461 858 illo,
484 827 562 865 quo
582 812 679 851 vesci
702 813 828 850 Persas
860 812 930 850 effe
961 812 1090 850 solitos
1112 812 1241 850 scribit
1261 811 1494 865 Xenophon,
1524 827 1639 865 quam
1661 814 1702 851 in

302 878 537 929 Syracusanis
559 878 711 923 mensis,
733 887 818 930 quae
838 891 858 915 a
879 877 1036 915 Platone
1057 878 1219 930 graviter
1238 878 1524 930 vituperantur:
1557 878 1614 923 fit,
1637 879 1699 916 in-

300 957 432 995 quam,
461 953 538 981 tam
562 943 700 988 facilis,
723 957 839 995 quam
862 943 992 987 vultis,
1014 943 1221 995 voluptatis
1242 943 1502 995 comparatio:
1539 944 1634 995 quid
1654 944 1700 982 de

299 1009 428 1047 dolore
448 1009 622 1047 dicemus
641 1009 654 1046 ?
685 1010 793 1060 cujus
816 1017 918 1046 tanta
939 1018 1128 1046 tormenta
1149 1008 1248 1053 sunt,
1272 1018 1315 1046 ut
1338 1009 1377 1046 in
1398 1007 1459 1046 his
1482 1009 1588 1046 beata
1608 1010 1697 1054 vita,

298 1075 324 1112 fi
346 1075 463 1112 modo
483 1075 592 1112 dolor
621 1075 821 1112 summum
843 1075 990 1112 malum
1012 1074 1078 1118 est,
1109 1073 1180 1111 effe
1215 1087 1291 1111 non
1312 1074 1437 1126 poffit.
1483 1073 1565 1126 Ipse
1592 1075 1698 1112 enim

298 1141 559 1186 Metrodorus,
595 1154 692 1193 pene
723 1141 816 1178 alter
836 1141 1043 1193 Epicurus,
1075 1141 1232 1178 beatum
1252 1140 1322 1183 effe
1343 1140 1520 1178 describit
1540 1140 1600 1179 his
1621 1140 1698 1179 fere

297 1207 421 1245 verbis
438 1226 448 1251 5
481 1222 558 1246 cum
578 1216 701 1259 corpus
721 1207 804 1245 bene
822 1207 1122 1259 cmstitutumstt,
1152 1207 1248 1258 etsit
1262 1207 1497 1259 exploratmn,
1519 1207 1696 1260 ita-filta-

296 1288 390 1311 rum.
413 1275 477 1310 An
497 1273 537 1310 id
557 1273 797 1325 exploratum
818 1273 1001 1324 cuiquam
1023 1271 1145 1324 potest
1164 1272 1247 1317 effe,
1265 1286 1343 1324 quo
1360 1272 1476 1309 modo
1492 1272 1563 1309 sese
1582 1272 1696 1310 habi-

296 1347 431 1377 turum
451 1339 494 1377 fit
524 1352 661 1390 corpus
693 1352 769 1376 non
791 1338 878 1376 dico
897 1338 943 1376 ad
963 1352 1123 1382 annum,
1157 1337 1218 1375 sed
1245 1338 1290 1375 ad
1321 1337 1541 1390 vesperam?
1574 1338 1698 1376 Dolor

296 1403 428 1456 igitur,
461 1404 499 1441 id
519 1403 572 1441 est
591 1403 792 1440 summum
810 1402 975 1447 malum,
1007 1412 1200 1440 metuetur
1231 1402 1391 1455 semper,
1423 1403 1539 1440 etiam
1560 1403 1586 1440 fi
1617 1417 1695 1441 non

297 1471 430 1508 aderit.
479 1471 567 1521 Jam
599 1469 705 1507 enim
724 1468 842 1506 adesse
862 1469 1021 1521 poterit.
1067 1469 1149 1520 Qi
1168 1468 1290 1521 potest
1321 1469 1439 1521 igitur
1464 1469 1635 1507 habitare
1655 1470 1697 1508 in

298 1537 407 1575 beata
425 1537 501 1574 vita
521 1536 661 1574 summi
681 1535 775 1573 mali
794 1544 919 1573 metus
936 1536 949 1572 ?

352 1602 548 1645 Traditur,
583 1601 725 1652 inquit,
760 1601 807 1638 ab
835 1601 1006 1653 Epicuro
1036 1600 1132 1639 ratio
1160 1601 1381 1653 negligendi
1401 1601 1558 1640 doloris.
1606 1602 1694 1652 Jam

295 1667 421 1720 ipsum
456 1667 677 1711 absurdum,
706 1666 926 1705 maximum
956 1666 1105 1704 malum
1125 1667 1282 1719 negligi.
1334 1667 1404 1705 Sed
1424 1682 1508 1720 quae
1539 1667 1693 1706 tandem

294 1733 360 1771 ista
388 1733 482 1771 ratio
516 1732 568 1770 est
586 1732 598 1769 ?
635 1733 838 1771 Maximus
869 1733 991 1777 dolor,
1024 1732 1165 1784 inquit,
1212 1733 1334 1771 brevis
1373 1734 1440 1771 est.
1500 1731 1693 1778 Primum,

293 1800 387 1851 quid
408 1809 450 1837 tu
471 1799 582 1843 dicis,
612 1799 754 1836 breve?
786 1799 922 1836 deinde
953 1798 1124 1837 dolorem
1153 1812 1272 1850 quem
1299 1799 1551 1837 maximum?
1584 1800 1693 1851 Qid

293 1866 396 1903 enim
416 1867 427 1902 ?
460 1865 634 1903 summus
655 1865 764 1903 dolor
795 1864 922 1917 plures
957 1865 1036 1902 dies
1057 1878 1208 1902 manere
1232 1878 1309 1903 non
1331 1864 1480 1917 potest?
1512 1865 1611 1903 Vide
1646 1879 1693 1903 ne

292 1932 408 1969 etiam
440 1931 608 1969 menses:
641 1931 709 1969 nifi
730 1930 828 1969 forte
858 1945 949 1969 eum
979 1932 1090 1976 dicis,
1125 1931 1207 1983 qui,
1242 1931 1354 1969 simul
1374 1941 1488 1984 atque
1518 1932 1690 1984 arripuit„

292 1996 488 2034 interficit.
519 1996 618 2048 Qis
639 1996 755 2034 istum
776 1997 948 2034 dolorem
965 1997 1100 2034 timet?
1123 1997 1240 2034 Illum
1263 1997 1420 2034 mallem
1442 1997 1594 2041 levares,
1612 2011 1690 2049 quo

291 2062 483 2114 optimum
498 2071 612 2114 atque
628 2060 949 2100 humaniffimum
965 2062 1108 2107 virum,
1128 2063 1201 2100 Cn.
1220 2063 1442 2106 Octavium,
1465 2063 1526 2100 M.
1546 2062 1687 2107 filium,

290 2127 520 2166 familiarem
556 2142 705 2173 meum,
740 2128 881 2166 confici
913 2129 992 2166 vidi
1007 2147 1019 2174 3
1052 2142 1122 2166 nec
1143 2142 1231 2166 vero
1252 2129 1381 2174 semel,
1414 2143 1482 2166 nec
1505 2129 1548 2166 ad
1578 2130 1689 2166 breve

290 2203 456 2246 tempus,
479 2193 540 2231 sed
560 2203 597 2230 et
617 2193 710 2246 saepe
744 2194 869 2246 plane,
900 2203 938 2232 et
958 2194 1037 2232 diu.
1089 2194 1212 2244 Qos,
1247 2194 1299 2232 dii
1322 2194 1571 2238 immortales,
1608 2195 1686 2238 ille,

290 2272 381 2297 cum
416 2273 549 2298 omnes
584 2268 685 2297 artus
711 2259 837 2298 ardere
867 2260 1098 2305 viderentur,
1131 2261 1320 2298 cruciatus
1351 2259 1586 2313 perferebat!
1619 2273 1688 2297 nec

290 2335 418 2362 tamen
439 2325 551 2363 miser
570 2324 654 2369 effe,
691 2326 781 2378 quia
801 2325 1001 2364 summum
1031 2326 1072 2364 id
1091 2325 1239 2364 malurn
1261 2341 1337 2365 non
1371 2336 1448 2364 crat
1470 2344 1480 2370 ;
1514 2335 1686 2363 tantum-

290 2391 408 2428 modo
442 2391 647 2429 laboriosus
682 2392 894 2430 videbatur.
955 2394 1010 2430 At
1029 2392 1156 2438 miser,
1189 2392 1215 2430 fi
1235 2393 1275 2430 in
1297 2393 1427 2431 vitiosa
1447 2402 1483 2429 et
1505 2392 1686 2444 flagitiosa

288 2457 365 2494 vita
385 2456 556 2494 afflueret
572 2457 846 2510 voluptatibus.

345 2524 495 2561 XXIX.
529 2523 647 2574 Qod
678 2534 806 2562 autem
826 2537 1012 2576 magnum
1032 2524 1204 2562 dolorem
1227 2525 1393 2567 brevem,
1424 2523 1684 2575 longinquum

288 2590 424 2633 levem,
438 2588 508 2628 effe
522 2589 664 2635 dicitis,
679 2589 718 2627 id
732 2603 809 2628 non
825 2590 1002 2643 intelligo
1013 2589 1124 2642 quale
1139 2589 1195 2628 fit.
1220 2590 1343 2628 Video
1356 2591 1458 2628 enim
1473 2599 1510 2628 et
1526 2603 1683 2643 magnos
