2330 2983
638 255 956 293 LIBER
1032 252 1445 295 PRIMUS.
1698 258 1749 309 67

351 355 622 399 congruentes,
649 346 874 384 nominibus
907 345 1145 385 differebant.
1204 347 1326 392 Nam,
1356 359 1450 387 cum
1479 348 1745 401 Speusippum,

348 411 482 450 sororis
501 411 642 456 filium,
677 412 787 450 Plato
804 411 1056 464 philosophia:
1076 411 1178 464 quasi
1198 411 1379 451 heredem
1399 413 1618 465 reliquiffet,
1651 414 1745 452 duos

347 485 477 518 autem
499 476 818 529 praestantiffimos
852 476 976 514 studio
995 486 1110 528 atque
1129 477 1313 522 doctrina,
1343 479 1602 517 Xenocratem
1623 478 1744 517 Chal-

346 542 554 583 cedonium
583 551 622 581 et
642 543 889 581 Aristotelem
910 543 1129 595 Stagiritem
1144 560 1157 588 3
1189 543 1258 595 qui
1283 551 1389 581 erant
1416 556 1508 582 cum
1529 544 1744 590 Aristotele,

345 608 590 661 Peripatetici
609 608 701 646 dieti
722 608 821 653 sunt,
852 609 942 660 quia
961 608 1204 661 disputabant
1225 608 1507 647 inambulantes
1529 610 1569 646 in
1589 611 1741 661 Lyceo:

345 674 403 713 illi
421 684 565 719 autem,
585 675 654 728 qui
676 675 846 714 Platonis
867 674 1042 713 instituto
1061 675 1101 713 in
1122 675 1344 720 Academia,
1375 675 1480 727 quod
1510 675 1561 713 est
1581 676 1744 714 alterum

345 740 604 792 gymnafium„
634 749 756 779 coetus
775 750 882 778 erant
901 749 939 778 et
959 740 1148 779 sermones
1168 739 1306 778 habere
1336 740 1451 786 soliti,
1482 754 1502 778 e
1532 740 1609 778 loci
1629 754 1742 779 voca—

344 805 439 844 bulo
459 819 599 845 nomen
620 805 851 845 habuerunt.
906 806 978 844 Sed
998 805 1152 858 utrique
1174 806 1344 844 Platonis
1365 806 1536 844 ubertate
1556 807 1741 859 completi

343 880 488 910 certam
524 871 718 924 quandam
751 871 960 924 disciplinae
993 869 1204 909 formulam
1232 870 1546 924 composuerunt,
1586 880 1625 910 et
1657 885 1741 910 eam

343 937 503 989 quidem
515 937 669 989 plenam
681 949 724 975 ac
736 935 933 975 refertam:
949 936 1056 974 illam
1069 945 1199 975 autem
1212 937 1444 974 Socraticam
1456 936 1740 975 dubitationem

343 1002 390 1040 de
409 1002 591 1043 omnibus
612 1002 737 1047 rebus,
767 1010 806 1040 et
825 1001 931 1043 nulla
949 1001 1202 1040 affirmatione
1226 1000 1400 1040 adhibita
1423 1001 1740 1040 consuetudinem

343 1067 543 1106 disserendi
562 1067 813 1119 reliquerunt.

392 1134 450 1172 Ita
479 1132 577 1171 facta
609 1132 662 1171 est
691 1132 905 1177 differendi,
937 1132 1043 1184 quod
1075 1132 1240 1170 minime
1260 1133 1427 1170 Socrates
1453 1132 1653 1185 probabat,
1683 1146 1739 1171 ars

341 1199 517 1251 quaedam
540 1197 806 1252 philosophiae,
836 1207 875 1236 et
904 1211 1032 1236 rerum
1061 1198 1168 1243 ordo,
1199 1206 1238 1236 et
1271 1197 1473 1250 descriptio
1498 1198 1736 1251 disciplinae:

342 1274 427 1312 quae
446 1260 605 1313 quidem
625 1269 703 1298 erat
719 1260 846 1312 primo
866 1259 1032 1304 duobus,
1053 1268 1097 1297 ut
1116 1259 1211 1303 dixi,
1242 1259 1468 1298 nominibus
1488 1272 1576 1297 una.
1623 1259 1739 1298 Nihil

342 1326 448 1364 enim
467 1327 565 1364 inter
593 1326 864 1378 Peripateticos
885 1334 922 1362 et
942 1325 1050 1363 illam
1070 1334 1236 1363 veterem
1254 1325 1506 1364 Academiam
1525 1324 1736 1365 differebat.

344 1391 594 1429 Abundantia
611 1390 777 1442 quadam
795 1390 940 1442 ingenii
960 1389 1167 1442 praestabat,
1201 1399 1245 1427 ut
1275 1389 1376 1428 mihi
1395 1390 1546 1428 videtur
1564 1391 1736 1443 quidem,

343 1456 588 1496 Aristoteles:
620 1456 682 1494 sed
701 1456 805 1494 idem
825 1455 911 1493 fons
931 1465 1009 1493 erat
1029 1455 1211 1508 utrisque,
1241 1464 1279 1493 et
1303 1455 1435 1493 eadem
1465 1469 1594 1494 rerum
1621 1469 1737 1510 expe-

342 1523 543 1561 tendarum
573 1520 921 1574 fugiendarumque
942 1521 1110 1574 partitio.
1156 1521 1228 1559 Sed
1248 1521 1343 1573 quid
1362 1522 1460 1573 ago?
1496 1522 1624 1574 inquit
1640 1540 1652 1567 3
1674 1533 1739 1562 aut

343 1589 478 1628 sumne
496 1589 618 1633 sanus,
653 1588 722 1640 qui
742 1587 823 1626 haec
843 1601 910 1626 vos
929 1587 1048 1625 doceo
1066 1588 1079 1624 ?
1115 1601 1204 1626 nam
1229 1587 1296 1625 etfi
1315 1600 1394 1625 non
1420 1587 1480 1626 sus
1501 1588 1736 1634 Minervam,

343 1664 386 1693 ut
403 1655 511 1692 aiunt
525 1672 538 1698 ς
569 1663 697 1692 tamen
718 1653 860 1706 inepte,
883 1653 1054 1706 quisquis
1075 1653 1295 1692 Minervam
1311 1653 1436 1692 docet.

394 1716 504 1753 Tum
530 1716 700 1760 Atticus,
733 1716 800 1753 Tu
830 1728 932 1760 vero,
959 1715 1103 1767 inquit,
1133 1728 1261 1768 perge,
1298 1715 1419 1753 Varro
1438 1729 1447 1753 :
1490 1715 1600 1754 valde
1631 1716 1738 1754 enim

338 1794 426 1820 amo
445 1780 582 1825 nostra,
602 1790 716 1833 atque
737 1781 880 1819 nostros
893 1798 906 1826 3
938 1794 1078 1832 meque
1092 1780 1159 1818 ista
1178 1780 1379 1825 delectant,
1404 1793 1497 1818 cum
1517 1781 1656 1819 Latine
1675 1781 1736 1819 di-

337 1856 492 1891 cuntur,
520 1856 558 1884 et
586 1847 656 1885 isto
676 1846 806 1885 modo.
867 1846 974 1899 Qid
995 1859 1072 1891 me,
1107 1846 1280 1898 inquam,
1311 1854 1437 1898 putas,
1466 1845 1536 1897 qui
1564 1845 1736 1898 philoso-

337 1912 473 1966 phiam
487 1914 570 1965 jam
587 1911 770 1966 professus
784 1913 869 1957 fim,
886 1913 1030 1965 populo
1051 1912 1177 1950 nostro
1197 1911 1489 1950 exhibiturum?
1513 1913 1734 1965 Pergamus,

337 1981 468 2033 igitur,
490 1980 632 2032 inquit,
652 1980 837 2032 quoniam
857 1979 994 2032 placet.

393 2046 443 2084 V.
467 2046 559 2084 Fuit
574 2046 756 2098 ergojam
774 2054 929 2098 accepta
944 2059 963 2083 a
980 2045 1137 2084 Platone
1153 2043 1448 2098 philosophandi
1465 2043 1559 2082 ratio
1575 2045 1732 2098 triplex:

337 2125 413 2150 una
431 2112 478 2150 de
497 2113 575 2150 vita
593 2121 631 2150 et
650 2112 824 2150 moribus
840 2130 852 2156 5
884 2111 1011 2157 altera,
1033 2112 1079 2149 de
1098 2120 1232 2149 natura
1251 2120 1288 2148 et
1308 2111 1420 2148 rebus
1441 2110 1602 2149 occultis
1616 2129 1627 2155 ;
1656 2121 1732 2149 ter-

336 2180 402 2223 tia,
433 2178 478 2216 de
498 2178 722 2223 differendo,
743 2188 781 2215 et
801 2178 896 2230 quid
916 2192 1064 2222 verum,
1095 2187 1132 2215 et
1152 2177 1246 2229 quid
1265 2175 1403 2215 falsum
1421 2195 1431 2221 ς
1464 2176 1560 2229 quid
1586 2179 1733 2215 rectum

339 2245 379 2283 in
395 2245 576 2289 oratione,
597 2258 833 2297 pravumve,
865 2244 960 2297 quid
979 2244 1232 2289 consentienS,
1264 2243 1359 2296 quid
1371 2256 1599 2296 repugnans,
1624 2243 1732 2295 judi-

339 2311 474 2350 cando.

394 2379 452 2416 Ac
473 2377 640 2430 primam
669 2378 775 2416 illam
796 2388 944 2431 partem
975 2378 1071 2416 bene
1091 2377 1243 2416 vivendi
1263 2391 1282 2415 a
1302 2387 1436 2416 natura
1454 2376 1645 2429 petebant,
1675 2375 1731 2413 ei-

336 2456 411 2496 que
426 2443 636 2496 parendum
656 2443 727 2482 effe
747 2445 927 2483 dicebant
944 2459 952 2483 z
986 2458 1111 2497 neque
1131 2444 1210 2482 ulla
1228 2444 1300 2481 alia
1319 2445 1359 2481 in
1386 2457 1438 2488 re,
1467 2442 1534 2480 nisi
1561 2442 1601 2479 in
1618 2451 1731 2479 natu-

338 2523 388 2555 ra,
411 2509 662 2562 quaerendum
682 2510 753 2548 esse
772 2511 871 2550 illud
891 2511 1090 2550 summum
1114 2510 1277 2555 bonum,
1299 2523 1376 2562 quo
1397 2509 1527 2546 omnia
1547 2506 1730 2546 referren-

337 2585 426 2615 tur:
457 2575 826 2630 constituebantque,
857 2587 1075 2617 extremum
1097 2576 1167 2616 effe
1196 2589 1322 2615 rerum
1351 2574 1665 2628 expetendarum,
1696 2583 1732 2611 et

1367 2643 1383 2680 I
1411 2655 1430 2680 2
