2330 2983
608 299 684 349 488
863 295 956 333 DE
1013 293 1338 332 NATURA
1395 292 1733 332 DEORUM

662 394 830 433 LXVII.
863 393 959 431 Haec
990 390 1089 430 mihi
1109 391 1186 430 fere
1217 391 1256 429 in
1287 398 1458 429 mentem
1487 390 1703 436 veniebant,
1731 403 1815 443 quae
1834 390 1991 430 dicenda

607 469 780 513 putarem
801 458 846 496 de
862 467 994 496 natura
1006 458 1196 495 Deorum.
1227 457 1294 495 Tu
1309 465 1452 501 autem,
1469 457 1598 501 Cotta,
1619 455 1646 494 fi
1661 469 1724 495 me
1739 455 1880 501 audias,
1901 469 1990 494 ean*

607 525 698 563 dem
717 523 866 563 causam
885 535 985 576 agas,
1008 531 1121 575 teque
1140 531 1177 560 et
1193 521 1406 575 principem
1425 521 1550 559 civem
1567 530 1690 574 putes,
1707 530 1745 559 et
1761 519 1992 561 Pontificem

607 589 678 628 effe
697 590 857 642 cogites,
886 598 937 633 et,
969 587 1152 640 quoniam
1172 587 1211 625 in
1232 595 1435 639 utramque
1459 595 1607 639 partem
1625 586 1732 624 vobis
1753 585 1843 624 licet
1861 585 1992 638 dispu-

609 664 700 701 tare,
721 654 820 694 hanc
836 654 962 708 potius
976 653 1098 692 sumas
1114 671 1127 698 ς
1149 665 1309 705 eamque
1324 651 1546 690 facultatem
1560 651 1771 697 differendi,
1785 664 1902 704 quam
1921 650 1993 689 tibi

608 735 629 760 a
662 720 858 760 rhetoricis
892 717 1228 758 exercitationibus
1261 726 1457 769 acceptam
1489 716 1740 770 amplificavit
1772 715 1993 760 Academia,

608 788 688 828 huc
707 788 834 841 potius
855 784 1040 824 conferas.
1085 783 1193 821 Mala
1221 783 1326 821 enim
1345 791 1384 820 et
1402 782 1522 835 impia
1542 782 1776 822 consuetudo
1794 783 1847 822 est
1864 791 1995 822 contra

611 855 715 894 Deos
735 850 964 905 disputandi,
985 849 1058 888 five
1076 861 1124 887 ex
1142 848 1273 887 animo
1293 847 1330 886 id
1351 847 1409 892 fit,
1431 847 1503 886 five
1522 847 1709 886 fimulate.

1257 1225 1364 1260 DE

668 1394 1242 1460 NATURA
1360 1395 1928 1454 DEORUM

809 1602 1171 1643 LIBER
1271 1602 1796 1642 TERTIUS.

832 1905 930 1958 quit,
948 1902 1062 1948 mihi,
1079 1903 1208 1948 Balbe,
1225 1903 1412 1957 praecipis,
1427 1904 1520 1957 quid
1537 1903 1752 1944 defendam.
1784 1906 1869 1958 Ego
1883 1906 2004 1951 enim,

833 1979 869 2007 te
889 1968 1116 2020 disputante,
1139 1967 1232 2019 quid
1253 1978 1384 2007 contra
1403 1969 1585 2015 dicerem,
1606 1983 1761 2008 mecum
1782 1969 1858 2022 ipse
1878 1970 2003 2008 medi-

620 2037 737 2080 tabar,
760 2048 883 2087 neque
901 2043 978 2072 tam
995 2032 1192 2071 refellendi
1214 2034 1270 2070 tui
1286 2033 1408 2079 causa,
1430 2047 1548 2086 quam
1567 2048 1621 2079 ea,
1638 2049 1723 2087 quae
1738 2035 1866 2074 minus
1888 2036 2004 2074 intel-

620 2101 800 2154 ligebam,
823 2099 1051 2152 requirendi.
1076 2099 1179 2136 Cum
1193 2107 1321 2137 autem
1337 2099 1402 2137 suo
1419 2099 1718 2152 cuiquejudicio
1738 2100 1781 2138 sit
1801 2100 2003 2147 utendum,

620 2166 776 2205 difficile
797 2164 897 2203 factu
918 2165 982 2209 est,
1002 2177 1064 2202 me
1084 2163 1122 2201 id
1142 2163 1288 2208 sentire,
1310 2165 1414 2217 quod
1435 2174 1476 2202 tu
1491 2164 1598 2204 velis.

676 2232 757 2271 Hic
779 2231 963 2275 Velleius,
983 2230 1131 2274 Nescis,
1154 2230 1293 2282 inquit,
1315 2239 1456 2282 quanta
1474 2243 1565 2268 cum
1585 2231 1857 2284 expectatione,
1875 2233 2005 2278 Cotta,

622 2298 692 2337 sim
713 2307 749 2335 te
769 2297 979 2335 auditurus.
1003 2295 1204 2346 Jucundus
1225 2296 1328 2334 enim
1351 2297 1470 2335 Balbo
1490 2297 1615 2336 nostro
1631 2297 1753 2335 sermo
1774 2307 1860 2336 tuus
1876 2308 2006 2336 contra

623 2363 839 2416 Epicurum
866 2361 954 2400 fuit.
1002 2361 1180 2399 Przrbebo
1207 2361 1323 2413 igitur
1343 2375 1415 2415 ego
1446 2376 1507 2400 me
1537 2363 1608 2400 tibi
1629 2363 1789 2401 vicissim
1817 2372 2005 2402 attentum

622 2438 754 2468 contra
773 2428 918 2467 Stoicos
939 2427 1150 2466 auditorem
1166 2441 1174 2464 ε
1208 2426 1312 2478 spero
1329 2429 1447 2472 enim,
1466 2437 1516 2473 te,
1538 2437 1580 2466 ut
1600 2427 1706 2474 soles,
1724 2429 1818 2467 bene
1834 2438 2005 2481 paratum

623 2508 763 2531 venise-

617 1851 650 1889 1,
673 1839 905 1994 QUAE
926 1851 1019 1877 cum
1037 1836 1177 1876 Balbus
1198 1835 1359 1883 dixisset,
1381 1845 1466 1877 tum
1486 1838 1651 1877 arridens
1668 1840 1797 1885 Cotta,
1816 1841 1916 1886 Sero,
1942 1840 2003 1879 in·

679 2562 786 2598 Tum
808 2561 936 2604 Cotta,
968 2559 1005 2598 Si
1024 2558 1254 2603 mehercule.
1277 2559 1416 2611 inquit,
1434 2559 1571 2598 Vellei.
1618 2560 1757 2614 Neque
1773 2560 1876 2599 enim
1907 2559 2005 2597 mihi

627 2637 691 2677 par
723 2625 815 2663 ratio
846 2638 936 2663 cum
959 2625 1112 2664 Lucilio
1132 2624 1197 2670 est,
1229 2637 1269 2663 ac
1292 2633 1419 2663 tecum
1445 2624 1534 2663 fuit.
1581 2626 1662 2677 Qi
1683 2625 1848 2670 tandem,
1881 2625 2006 2677 inquit
