2330 2983
535 264 613 302 420
793 249 886 288 DE
943 247 1266 286 NATURA
1322 246 1658 287 DEORUM

534 350 737 388 Auxerunt
773 355 902 385 autem
937 345 1018 384 haec
1057 345 1189 384 eadem
1224 353 1356 399 poetae,
1386 345 1562 398 pictores,
1605 344 1774 398 opifices.
1822 347 1915 385 Erat

533 415 638 452 enim
668 427 744 451 non
774 412 899 457 facile,
929 419 1081 464 agentes
1111 411 1256 464 aliquid
1287 420 1325 449 et
1343 411 1542 449 molientes
1562 411 1665 449 Deos
1695 411 1736 448 in
1755 409 1915 449 aliarum

533 477 744 517 formarum
765 477 978 516 imitatione
997 477 1149 515 servare.
1190 476 1355 515 Accesfit
1373 477 1489 514 etiam
1518 476 1586 515 ista
1603 476 1735 530 opinio
1751 475 1914 521 fortaffe,

533 543 637 594 quod
656 541 807 581 homini
826 541 985 580 homine
1004 540 1102 579 nihil
1122 540 1321 594 pulchrius
1338 541 1522 580 videatur.
1554 540 1626 579 Sed
1646 550 1689 578 tu
1705 539 1794 585 hoc,
1813 541 1915 593 phy-

532 607 618 654 fice,
645 621 722 647 non
752 607 869 652 vides,
900 621 1014 659 quam
1048 606 1186 645 blanda
1214 607 1468 651 conciliatrix,
1499 615 1536 645 et
1555 606 1657 659 quafi
1677 606 1732 644 sui
1761 606 1805 644 sit
1831 606 1915 643 lena

532 674 691 712 natura?
721 675 785 712 An
815 681 925 726 putas
945 672 1065 710 ullam
1097 671 1167 710 esse
1197 681 1292 709 terra
1311 673 1483 724 marique
1509 672 1691 716 belluam,
1726 685 1810 724 quae
1837 684 1914 709 non

532 738 589 776 sui
607 739 753 791 generis
773 736 898 776 bellua
916 737 1084 774 maxime
1103 736 1307 774 delectetur
1324 737 1337 772 ?
1367 737 1472 787 quod
1491 737 1531 774 ni
1550 737 1603 774 ita
1620 736 1722 781 esset,
1743 750 1812 774 cur
1837 749 1914 774 non

530 804 681 856 gestiret
701 813 827 840 taurus
860 815 966 854 equae
984 800 1293 845 contrectatione,
1323 813 1444 852 equus
1474 813 1594 838 vaccae
1612 802 1625 837 ?
1656 802 1721 838 An
1740 809 1784 838 tu
1802 801 1914 852 aqui-

531 869 624 913 lam,
655 877 719 906 aut
737 867 901 911 leonem,
928 875 993 904 aut
1013 864 1241 918 delphinum
1261 865 1382 903 ullam
1401 864 1585 903 anteferre
1605 865 1730 903 censes
1751 864 1915 917 figuram

530 933 634 971 suae?
664 931 758 984 quid
787 931 905 984 igitur
934 931 1094 975 mirum,
1131 930 1157 968 fi
1187 929 1263 968 hoc
1295 929 1431 968 eodem
1461 929 1578 968 modo
1606 929 1758 968 homini
1783 938 1915 967 natura

530 997 763 1050 praescripfit‚
790 1005 834 1035 ut
852 995 950 1035 nihil
969 994 1169 1049 pulchrius
1193 1009 1310 1048 quam
1330 994 1532 1034 hominem
1550 1004 1712 1049 putaret,
1741 1008 1824 1032 eam
1844 993 1915 1032 efl‘e

530 1063 694 1108 causam,
714 1077 782 1102 cur
802 1064 905 1101 Deos
925 1061 1131 1101 hominum
1152 1062 1291 1101 similes
1311 1061 1558 1115 putaremus?
1590 1061 1698 1114 Qid
1717 1060 1855 1105 censes,
1886 1060 1914 1098 fi

530 1129 626 1168 ratio
644 1129 732 1168 ess‘et
761 1129 802 1168 in
822 1128 958 1167 belluis
977 1129 991 1165 ?
1021 1142 1099 1168 non
1119 1129 1184 1167 suo
1201 1128 1367 1182 quasque
1392 1129 1521 1182 generi
1550 1128 1766 1182 plurimum
1786 1127 1912 1166 tribu-

529 1203 629 1233 turas
649 1194 757 1233 fuisse
775 1195 788 1232 ?

582 1259 775 1297 XXVIII.
806 1258 861 1295 At
879 1255 1097 1295 mehercule
1115 1269 1186 1309 ego
1215 1256 1359 1309 (dicam
1378 1258 1498 1302 enim,
1517 1268 1560 1297 ut
1579 1259 1717 1310 sentio)
1738 1258 1912 1310 quamvis

529 1335 657 1360 amem
690 1322 768 1375 ipse
801 1334 878 1366 me,
898 1330 1026 1359 tamen
1064 1334 1142 1359 non
1162 1321 1280 1359 audeo
1300 1322 1437 1367 dicere,
1468 1321 1730 1374 pulchriorem
1755 1321 1825 1359 effe
1850 1335 1913 1360 me

528 1402 646 1442 quam
666 1387 730 1425 ille
744 1385 860 1424 fuerit
876 1394 1018 1430 tauruS,
1040 1385 1108 1438 qui
1123 1386 1226 1424 vexit
1246 1386 1455 1439 Europam.
1487 1387 1581 1425 Non
1601 1386 1705 1424 enim
1723 1384 1799 1423 hoc
1828 1385 1914 1424 loco

528 1454 574 1493 de
593 1453 770 1507 ingeniis,
805 1459 870 1489 aut
896 1451 944 1489 de
962 1451 1196 1489 orationibus
1217 1451 1364 1496 nostris,
1397 1451 1458 1490 sed
1491 1452 1538 1489 de
1567 1451 1688 1504 specie
1719 1450 1915 1503 figuraque

528 1520 722 1572 quaeritur.
754 1517 872 1570 Qod
890 1517 918 1554 fi
935 1516 1078 1569 fingere
1093 1517 1206 1555 nobis
1227 1526 1263 1555 et
1278 1518 1439 1570 jungere
1458 1515 1598 1556 formas
1613 1517 1775 1555 velimus
1783 1535 1796 1562 ;
1817 1529 1913 1569 qua-

529 1586 574 1623 lis
595 1584 659 1622 ille
679 1583 894 1622 maritimus
913 1582 1055 1619 Triton
1085 1582 1270 1634 pingitur,
1297 1583 1514 1620 natantibus
1546 1582 1726 1620 invehens
1758 1582 1911 1626 belluis,

528 1649 713 1702 adjunctis
733 1647 905 1686 humano
922 1648 1085 1699 corpori,
1103 1647 1199 1684 nolis
1219 1647 1316 1684 effe?
1339 1648 1503 1685 Difficili
1523 1648 1562 1685 in
1582 1648 1668 1686 loco
1683 1647 1816 1686 versor.
1846 1647 1913 1686 Est

528 1716 632 1753 enim
653 1715 708 1751 vis
738 1721 841 1751 tanta
861 1721 1015 1755 naturae,
1046 1721 1089 1749 ut
1107 1711 1228 1749 homo
1248 1726 1362 1750 nemo
1382 1713 1474 1750 velit
1499 1713 1567 1750 nis1
1587 1712 1755 1751 hominis
1778 1713 1910 1750 similis

527 1780 611 1818 esse.
658 1780 710 1816 Et
730 1777 888 1829 quidem
914 1775 1079 1814 formica
1106 1774 1291 1814 formicae.
1337 1777 1407 1814 Sed
1429 1786 1554 1815 tamen
1575 1778 1682 1829 cujus
1703 1777 1872 1815 hominis
1896 1777 1910 1814 ?

527 1854 667 1898 quotus
687 1843 793 1881 enim
812 1841 972 1894 quisque
990 1839 1179 1878 formosus
1199 1841 1250 1878 est
1266 1841 1279 1877 ?
1310 1840 1474 1880 Athenis
1495 1856 1586 1880 cum
1602 1842 1727 1886 effem,
1745 1856 1764 1879 e
1784 1843 1910 1895 gregi—

528 1911 598 1949 bus
620 1908 857 1962 epheborum
876 1907 940 1944 vix
961 1905 1098 1957 finguli
1119 1906 1415 1958 reperiebantur.
1459 1906 1595 1950 Video,
1623 1907 1717 1958 quid
1735 1906 1909 1945 atriferis.

529 1976 599 2014 Sed
631 1984 756 2012 tamen
789 1973 841 2009 ita
860 1971 894 2008 se
914 1983 970 2008 res
990 1969 1118 2008 habet.
1166 1971 1315 2008 Deinde
1336 1972 1459 2015 nobis,
1496 1973 1577 2023 qui,
1613 1972 1910 2010 concedentibus

528 2038 764 2093 philosophis
784 2036 963 2087 antiquis,
984 2035 1270 2073 adolescentulis
1290 2036 1534 2080 delectamur,
1565 2037 1681 2074 etiam
1701 2038 1791 2074 vitia
1816 2037 1910 2088 saepe

522 2105 693 2159 jucunda
713 2103 811 2141 sunt.
844 2102 986 2140 Naevus
1008 2102 1047 2139 in
1069 2101 1227 2139 articulo
1246 2102 1352 2153 pueri
1372 2101 1528 2139 delcetat
1549 2102 1736 2140 Alcaeum.
1780 2104 1831 2139 At
1858 2102 1909 2139 cst

528 2169 695 2223 corporis
726 2167 887 2212 macula,
919 2180 1058 2204 naevus.
1104 2166 1166 2204 Illi
1189 2176 1313 2204 tamen
1334 2166 1407 2204 hoc
1440 2167 1571 2204 lumen
1592 2168 1800 2205 videbatur.
1851 2168 1918 2219 Q

529 2235 703 2278 Catulus,
734 2232 848 2284 hujus
869 2232 1023 2284 collega:
1043 2230 1292 2269 etfamiliaris
1324 2232 1436 2269 nostri
1467 2242 1580 2284 pater,
1612 2233 1745 2271 dilexit
1776 2232 1906 2270 muni-

529 2302 654 2354 cipem
677 2310 786 2338 tuum
806 2297 987 2335 Roscium
1006 2316 1016 2341 ;
1049 2298 1087 2335 in
1109 2311 1224 2349 quem
1245 2299 1358 2336 etiam
1382 2298 1475 2335 illud
1496 2298 1547 2335 cst
1563 2299 1657 2349 ejus,

665 2364 908 2417 Constiterant,
940 2363 1147 2401 ‹nrm-ientcm
1166 2364 1446 2415 ‹111r0ramshrtc
1451 2365 1634 2418 sulatum,

720 2431 809 2468 Cum
813 2429 936 2482 sttbito
952 2443 975 2466 ιι
994 2429 1088 2467 [τετιι
1110 2429 1247 2481 Rsfiv'us
1267 2430 1438 2466 exoritur.

665 2498 761 2535 Pace
778 2495 866 2533 mihi
880 2495 997 2538 liccat,
1028 2495 1181 2546 (πίε-βω,
1203 2494 1314 2532 dia-rc
1334 2495 1462 2546 ‹asts-d,

720 2561 891 2599 Mortalis
911 2560 1005 2613 ‘visus
1018 2560 1203 2613 pulchrior
1221 2559 1280 2615 ‘sti‘
1299 2561 1391 2599 Deo.
