2330 2983
811 235 1087 275 LIBER
1149 234 1511 274 PRIMUS.
1595 255 1599 258 -
1781 236 1857 289 267

465 342 580 386 atque
602 334 641 372 in
661 333 825 381 eundem
844 334 974 386 paucis
994 333 1077 386 pbst
1096 334 1204 372 annis
1220 333 1408 386 scyphum
1428 335 1609 378 Socrates,
1626 332 1761 371 eodem
1777 332 1855 371 sce-

467 399 544 437 lere
557 398 751 450 judicum,
773 411 852 450 quo
873 407 1135 449 tyrannorum,
1153 397 1429 437 Theramenes.
1453 400 1551 450 Qae
1570 398 1622 436 est
1641 399 1758 451 igitur
1776 399 1856 450 ejus

466 464 601 508 oratio,
623 477 698 516 qua
716 462 810 501 facit
830 476 920 500 eum
941 463 1051 501 Plato
1071 462 1182 500 usum
1201 463 1301 515 apud
1314 464 1479 514 judices,
1504 465 1586 515 jam
1607 473 1731 503 morte
1751 464 1856 502 mul-

467 537 590 566 tatum
606 529 619 565 ?

483 615 487 620 ·
521 594 632 632 XLI.
663 595 810 646 Magna
827 608 892 639 me,
914 593 1055 645 inquit,
1071 593 1156 646 spes
1175 602 1284 638 tenet,
1306 593 1470 646 Judices‚
1500 593 1582 632 bene
1600 594 1689 632 mihi
1703 595 1856 640 evenire,

467 658 561 711 quod
573 659 704 698 mittar
721 658 773 697 ad
785 665 950 698 mortem.⁸
986 657 1126 712 Afeceffl‘
1145 658 1189 711 est
1207 659 1310 703 enim,
1325 659 1384 710 stt
1401 659 1554 696 alterum
1573 657 1614 697 de
1632 657 1761 697 duobus
1774 678 1786 703 ;
1817 670 1859 697 ut

465 733 532 763 aut
536 726 664 778 stnfics
681 725 815 764 omnino
833 739 945 764 omnes
973 739 1067 763 mors
1084 725 1246 777 auferat,
1277 733 1344 763 aut
1362 725 1398 763 in
1428 725 1536 763 alium
1555 724 1724 778 quendam
1750 726 1860 764 locum

466 803 509 827 ex
537 790 592 828 his
619 791 699 830 locis
726 801 838 830 morte
865 791 1056 843 migretur.
1101 790 1347 842 Quamobrem,
1361 790 1447 842 stve
1462 791 1587 844 sensus
1618 791 1857 843 extinguitur,

466 857 622 909 morsque
639 857 674 895 ei
689 858 812 909 somno
816 857 946 907 fimilis
963 855 1020 908 est,
1051 856 1115 909 qui
1143 869 1406 909 nonnunquam,
1436 856 1542 894 etiam
1556 856 1638 907 stne
1657 856 1739 907 vfis
1756 857 1857 907 sonz-

466 921 618 966 niorum,
641 922 911 974 placatffmam
930 922 1078 974 quietem
1096 922 1207 974 affert
1222 940 1234 967 ;
1265 922 1341 961 Dii
1355 921 1466 960 boni!
1495 921 1583 974 quid
1595 921 1691 959 lucri
1705 920 1750 974 est
1767 935 1858 960 emo-

466 986 506 1023 ri
517 986 538 1024 ?
565 995 633 1025 aut
652 1001 757 1039 quam
780 987 889 1025 multi
902 986 972 1026 dies
990 987 1146 1040 reperiri
1165 987 1320 1040 poſjunt,
1351 989 1414 1041 qui
1430 988 1500 1026 tali
1527 987 1623 1026 not‘li
1637 996 1859 1039 anteponan-

466 1059 545 1097 tur,
575 1053 636 1092 cui
650 1053 929 1105 stmilisfutura
948 1053 993 1106 est
1004 1054 1231 1106 perpetuitas
1257 1054 1366 1092 omnis
1393 1054 1627 1107 consequentis
1659 1053 1824 1105 temporis
1839 1053 1860 1091 ‚2

465 1117 544 1170 quis
575 1132 628 1156 me
658 1117 827 1156 beatior?
857 1117 921 1156 Sin
954 1132 1046 1156 vera
1063 1119 1174 1170 sunt,
1206 1132 1285 1171 quae
1316 1117 1501 1163 dicuntur,
1533 1118 1778 1170 migrationem
1802 1117 1862 1170 eff

465 1193 613 1222 mortem
632 1183 669 1222 in
688 1197 746 1222 eas
773 1196 868 1228 oras,
889 1196 990 1236 quas,
1022 1183 1087 1236 qui
1100 1197 1119 1221 e
1147 1182 1231 1222 vita
1249 1182 1474 1237 exceffbrunt,
1504 1183 1684 1227 incolunt;
1715 1182 1755 1221 id
1767 1183 1859 1221 mul-

465 1256 503 1287 to
523 1248 605 1300 jam
634 1248 772 1288 beatius
799 1247 858 1301 est,
888 1257 937 1293 te,
967 1262 1046 1288 cum
1078 1248 1125 1286 ab
1154 1248 1210 1293 iis,
1240 1249 1305 1301 qui
1314 1249 1359 1301 se
1377 1247 1540 1299 judicum
1562 1262 1704 1287 numero
1737 1248 1865 1287 haberi

465 1313 608 1359 volunt,
637 1313 803 1367 evaseris,
832 1312 884 1352 ad
908 1328 962 1352 eos
990 1313 1127 1358 venire,
1161 1314 1225 1366 qui
1250 1327 1335 1352 vere
1350 1312 1489 1364 judices
1509 1313 1745 1366 appellentur,
1775 1313 1859 1351 Mi-

466 1393 575 1425 noem,
620 1379 951 1424 Rhadamanthum,
982 1380 1150 1423 AEacum,
1197 1376 1475 1431 Triptolemum,
1505 1379 1758 1432 convenireque
1792 1392 1859 1423 eos,

465 1445 531 1498 qui
543 1444 636 1498 juste
666 1453 702 1483 et
730 1458 808 1483 cum
822 1443 900 1496 fide
928 1444 1104 1483 vixerint.
1163 1445 1258 1483 Haec
1275 1444 1521 1496 peregrinatio
1550 1443 1728 1482 mediocris
1762 1443 1860 1482 vobis

464 1510 586 1550 videri
593 1509 705 1563 potest
720 1510 741 1548 ,ἓ
772 1510 823 1548 Ut
840 1523 926 1548 vero
954 1509 1101 1562 colloqui
1114 1523 1192 1548 cum
1213 1509 1369 1561 Orpheo,
1398 1510 1550 1562 Mufaeo,
1579 1510 1747 1552 Homero,
1778 1510 1859 1548 He-

450 1575 549 1628 fiodo
567 1575 685 1619 liceat,
715 1574 846 1627 quanti
870 1573 1011 1613 tandem
1029 1573 1208 1628 aestimatis
1223 1574 1244 1612 ,ἕ
1287 1573 1458 1626 Equidem
1474 1575 1574 1626 saepe
1593 1573 1711 1618 emori,
1726 1573 1865 1625 stfieri

457 1640 580 1694 pqſjet,
611 1640 745 1684 vellem,
775 1648 818 1678 ut
849 1654 903 1684 ea,
934 1653 1014 1693 quae
1043 1638 1130 1684 dico,
1160 1639 1250 1677 mihi
1266 1639 1388 1678 liceret
1416 1639 1591 1678 invenire.
1623 1640 1772 1690 Qanta
1798 1639 1860 1678 de-

463 1706 647 1746 lebi‘atione
663 1713 782 1744 autem
799 1705 972 1758 afficerer,
1002 1719 1080 1744 cum
1110 1704 1346 1749 Palamedem,
1377 1719 1454 1743 cum
1469 1704 1630 1756 Ajacem,
1662 1719 1740 1742 cum
1759 1705 1857 1749 alios,

450 1770 588 1824 judicio
615 1771 814 1825 iniquorum
834 1771 1105 1815 circumventos,
1135 1769 1355 1808 convenirem
1372 1770 1393 1808 ἒ
1424 1767 1614 1808 ‘Tentarem
1639 1770 1745 1807 etiam
1750 1771 1858 1822 ficm-

464 1837 517 1876 mi
531 1838 638 1890 regis,
669 1837 732 1890 qui
756 1837 928 1875 maximas
945 1837 1061 1889 copias
1088 1835 1190 1874 duxit
1215 1834 1267 1874 ad
1291 1832 1448 1887 Trqjam‚
1478 1845 1514 1873 et
1544 1834 1674 1887 Ulyffls,
1704 1835 1858 1888 Systphi-

465 1917 531 1957 que
552 1902 784 1956 prudentiam
799 1919 813 1941 .·
843 1916 905 1942 nec
937 1902 977 1942 ob
1001 1917 1076 1941 eam
1109 1916 1196 1947 rem,
1226 1916 1304 1940 cum
1333 1902 1409 1941 haec
1438 1902 1669 1955 exquirerem,
1684 1901 1785 1953 ficut
1803 1902 1860 1940 hic

450 1963 650 2021 faciebam,
680 1968 795 2022 capite
813 1967 1017 2007 damnarer.
1050 1969 1110 2007 Ne
1137 1982 1200 2007 vos
1219 1966 1367 2021 quidem,
1388 1966 1553 2021 Judices,
1583 1966 1622 2011 ii,
1643 1967 1708 2020 qui
1721 1981 1773 2005 me
1791 1967 1857 2006 ab·

450 2033 622 2088 folvsstlss
651 2043 797 2073 mortem
817 2033 1020 2072 timueritis.
1079 2035 1160 2073 Nec
1178 2033 1268 2072 enim
1286 2033 1449 2086 cuiquam
1468 2033 1551 2072 bono
1569 2032 1658 2070 mali
1671 2031 1859 2086 quidquam

464 2100 604 2139 evenire
621 2099 747 2153 potest,
777 2113 839 2138 nec
862 2100 964 2146 vivo,
993 2113 1056 2139 nec
1084 2109 1248 2143 mortu03
1279 2113 1342 2138 nec
1374 2113 1528 2152 unquam
1553 2097 1626 2149 ejus
1654 2112 1711 2136 res
1728 2113 1752 2136 a
1770 2098 1859 2137 Diis

464 2165 718 2204 immortalibus
737 2165 974 2217 negligentur.
1017 2165 1096 2203 Nec
1123 2164 1212 2202 mihi
1227 2164 1292 2217 ipsi
1315 2163 1378 2202 hoc
1406 2162 1536 2202 accidit
1552 2163 1730 2216 fortuito.
1779 2164 1859 2202 Nec

465 2244 552 2270 vero
582 2245 641 2283 ego
670 2231 726 2275 iis,
755 2245 779 2268 a
810 2230 934 2283 quibus
965 2231 1164 2283 accusatus,
1194 2239 1260 2268 aut
1288 2245 1314 2269 a
1345 2229 1470 2283 quibus
1497 2228 1743 2268 condemnatus
1756 2228 1856 2281 stem,

465 2295 571 2334 habeo
589 2295 683 2348 quod
682 2297 918 2349 fioecmftam,
948 2296 1015 2347 nss
1030 2295 1123 2349 quod
1135 2296 1224 2334 mihi
1248 2310 1369 2335 nocere
1370 2297 1416 2349 se
1433 2293 1671 2335 crediderunt.
1703 2294 1755 2331 Et
1775 2292 1857 2332 haec

466 2361 625 2412 quidem
646 2359 720 2399 hoc
739 2361 856 2400 modo
873 2380 885 2407 ;
916 2360 1015 2400 nihil
1035 2371 1165 2400 autern
1186 2361 1324 2400 melius
1343 2370 1528 2399 extrem0.
1561 2359 1632 2397 Sed
1645 2367 1779 2410 tempus
1797 2359 1854 2411 est,

465 2426 609 2478 inquit,
626 2426 708 2478 jam
725 2427 809 2466 hinc
825 2427 926 2466 abire
938 2442 1003 2473 me,
1017 2436 1059 2466 ut
1077 2428 1212 2466 moriar
1225 2445 1239 2472 3
1261 2442 1336 2472 vos,
1359 2436 1400 2465 ut
1419 2427 1535 2465 vitam
1552 2425 1684 2477 agatis.
1727 2424 1858 2464 Utrum

464 2500 584 2529 autem
586 2492 644 2543 stt
662 2493 795 2539 melius,
816 2493 891 2533 Dii
906 2494 1117 2533 immortales
1122 2494 1249 2548 scium
1261 2511 1272 2538 ς
1304 2492 1471 2531 hominem
1491 2489 1625 2543 quidem
1637 2490 1737 2543 scire
1755 2491 1856 2529 arbi-

462 2567 548 2597 tror
565 2556 744 2599 neminem.

1440 2624 1470 2661 L
1493 2622 1504 2659 l
1538 2635 1559 2660 2
