2330 2983
819 213 1321 254 LUCULLUS.
1724 230 1772 270 15

377 307 611 363 proditiones
631 316 670 346 et
690 320 818 346 rerum
838 307 1084 361 publicarum
1104 307 1204 346 nasci
1225 307 1359 346 solent.
1403 306 1496 346 Non
1516 307 1638 360 potest
1659 308 1777 362 igitur

378 376 558 419 dubitari,
589 375 684 427 quin
705 375 903 413 decretum
929 374 1083 412 nullum
1107 373 1246 413 falsum
1273 373 1384 428 poffit
1412 373 1483 412 effe
1498 393 1509 419 ς
1542 374 1778 428 sapientique

377 441 462 479 satis
483 454 561 478 non
581 440 640 484 fit,
671 453 748 477 non
775 438 845 476 effe
865 438 1018 484 falsum,
1050 439 1111 477 sed
1143 440 1261 478 etiam
1296 439 1441 484 stabile,
1478 439 1617 485 fixum,
1651 450 1778 480 ratum

377 506 447 544 effe
467 505 625 550 debeat;
657 505 761 557 quod
782 518 935 543 movere
956 504 1061 542 nulla
1082 505 1176 543 ratio
1201 514 1329 557 queat.
1373 505 1485 543 Talia
1504 515 1632 544 autem
1653 520 1777 559 neque

377 571 463 617 effe,
486 585 609 624 neque
626 572 745 609 videri
765 570 918 623 poss‘unt
938 584 1072 609 eorum
1094 571 1252 616 ratione,
1283 571 1353 623 qni
1383 570 1449 608 illa
1475 571 1564 616 visa,
1596 585 1616 609 e
1636 573 1777 625 quibus

377 638 508 677 omnia
528 638 678 676 decreta
696 637 784 675 sunt
803 647 901 682 nata,
923 646 1063 690 negant
1083 637 1296 690 quidquam
1316 651 1336 675 a
1356 635 1456 675 falfis
1475 637 1659 676 interesse.

433 705 496 742 Ex
525 702 601 742 hoc
632 703 731 741 illud
757 703 809 740 est
842 712 992 748 natum,
1021 703 1126 755 quod
1149 703 1363 756 postulabat
1392 703 1633 749 Hortensius,
1666 713 1709 742 ut
1738 705 1779 743 id

378 769 504 822 ipsum
526 770 657 808 saltem
676 778 902 822 perceptum
922 782 942 806 a
961 769 1128 822 sapiente
1148 769 1339 814 diceretis,
1368 767 1466 806 nihil
1487 768 1588 821 posse
1616 771 1776 824 percipi.

380 835 452 874 Sed
471 835 677 888 Antipatro
696 833 771 872 hoc
792 835 897 873 idem
917 834 1138 887 postulanti,
1158 848 1250 873 cum
1271 835 1427 880 diceret,
1449 835 1497 880 ei,
1520 836 1589 887 qui
1609 836 1778 874 affirma-

380 911 437 940 ret
456 901 555 940 nihil
576 901 677 954 posse
696 901 858 954 percipi,
885 900 1181 939 consentaneum
1208 900 1278 939 effe
1298 915 1422 939 unum
1449 910 1576 939 tamen
1598 902 1695 940 illud
1716 903 1778 941 di-

380 980 464 1006 cere
493 967 639 1020 percipi
673 967 788 1019 poffe‚
810 976 854 1004 ut
883 967 955 1004 alia
980 980 1058 1007 non
1080 966 1242 1019 pofl‘ent,
1275 967 1486 1004 Carneades
1519 968 1667 1005 acutius
1688 969 1778 1007 refi-

380 1033 541 1072 fistebat.
561 1033 668 1070 Nam
689 1042 841 1071 tantum
860 1031 979 1070 abesse
998 1033 1163 1077 dicebat,
1182 1042 1224 1070 ut
1244 1032 1283 1070 id
1299 1032 1595 1071 consentaneum
1612 1033 1714 1079 effet,
1736 1044 1781 1074 ut

381 1100 552 1138 maxime
583 1100 698 1137 etiarn
722 1108 961 1152 repugnaret.
1022 1100 1103 1151 Qi
1123 1099 1229 1137 enim
1263 1107 1416 1151 negaret
1446 1099 1661 1151 quidquam
1692 1101 1777 1147 effe,

383 1166 489 1218 quod
505 1166 776 1219 perciperetur,
797 1179 888 1203 eum
909 1164 1009 1203 nihil
1025 1166 1213 1218 excipere.
1246 1165 1303 1203 Ita
1322 1164 1466 1202 neceffe
1485 1165 1568 1210 effe,
1590 1180 1636 1203 ne
1652 1167 1690 1204 id
1716 1167 1780 1220 ip·-

382 1233 467 1271 sum
490 1233 663 1285 quidem,
685 1232 789 1285 quod
806 1242 1013 1285 exceptum
1038 1246 1115 1270 non
1143 1232 1246 1278 esset,
1279 1231 1555 1285 comprehendi
1575 1243 1613 1270 et
1633 1234 1783 1287 percipi

382 1298 464 1337 ullo
483 1299 601 1336 modo
620 1297 733 1351 posse.

437 1364 656 1403 Antiochus
677 1365 723 1402 ad
743 1364 857 1402 istum
878 1364 1010 1402 locum
1031 1364 1186 1415 preffius
1206 1364 1405 1402 videbatur
1425 1364 1612 1403 accedere.
1665 1366 1779 1417 Qo-

384 1430 488 1467 niam
508 1430 612 1467 enirn
633 1429 672 1466 id
692 1428 875 1466 haberent
896 1429 1120 1466 Academici
1152 1429 1349 1466 decretum
1383 1429 1546 1480 (sentitis
1567 1431 1672 1468 enim
1695 1432 1785 1483 jam-

383 1494 460 1532 hoc
498 1508 560 1532 me
589 1489 703 1540 δόγμα
736 1494 878 1545 dicere)
911 1493 1010 1531 nihil
1031 1493 1131 1545 poffe
1162 1494 1307 1546 percipi
1324 1512 1335 1537 3
1368 1508 1443 1532 non
1476 1495 1610 1533 debere
1641 1510 1704 1533 eos
1738 1498 1779 1535 in

385 1561 450 1600 suo
469 1561 635 1604 decreto,
665 1560 759 1597 ficut
778 1560 819 1598 in
850 1560 992 1598 caeteris
1024 1560 1150 1605 rebus,
1178 1559 1373 1605 fluctuare,
1402 1561 1607 1613 praesertim
1627 1576 1719 1600 cum
1739 1564 1783 1602 in

383 1641 428 1666 eo
447 1627 596 1665 summa
615 1626 843 1665 confisteret.
894 1627 1010 1665 Hanc
1043 1627 1150 1664 enim
1176 1626 1247 1664 effe
1267 1627 1439 1679 regulam
1460 1628 1578 1666 totius
1610 1627 1780 1681 philoso-

381 1691 498 1747 phiae,
518 1692 831 1731 constitutionem
851 1692 943 1737 veri,
965 1690 1059 1737 falfi,
1091 1693 1253 1745 cogniti,
1274 1693 1463 1745 incogniti
1476 1712 1488 1738 ς
1524 1707 1642 1746 quam
1663 1696 1778 1734 ratio-

382 1771 473 1796 nem
493 1758 678 1810 quoniam
713 1756 955 1810 susciperent,
990 1757 1200 1809 docereque
1221 1758 1376 1803 vellent,
1408 1772 1493 1811 quae
1518 1773 1538 1797 a
1558 1761 1694 1811 quovis
1715 1775 1780 1799 ac-

383 1824 462 1877 cipi
482 1833 687 1877 oporteret,
718 1832 756 1861 et
775 1838 860 1875 quae
880 1823 1082 1876 repudiari,
1103 1833 1204 1861 certe
1223 1822 1298 1861 hoc
1319 1824 1459 1876 ipsum,
1481 1838 1528 1863 ex
1559 1840 1637 1878 quo
1663 1841 1782 1865 omne

382 1890 462 1927 veri
482 1888 640 1941 falsique
653 1889 848 1940 judicium
869 1889 972 1934 effet,
994 1890 1186 1942 percipere
1205 1903 1267 1927 eos
1288 1889 1466 1929 debuisse.
1526 1891 1685 1930 Etenim
1703 1893 1789 1931 duo·

383 1954 454 1993 effe
473 1953 554 1992 haec
575 1954 745 1992 maxima
765 1955 803 1991 in
825 1953 1081 2007 philosophia,
1107 1955 1302 2006 judicium
1324 1956 1416 2000 veri,
1453 1965 1490 1993 et
1510 1956 1627 1995 finem
1654 1958 1779 1996 bono-

383 2033 471 2058 rum
487 2034 495 2058 :
519 2033 589 2058 nec
610 2019 818 2072 sapientem
834 2020 935 2073 poffe
946 2020 1030 2065 effe,
1047 2021 1115 2073 qui
1134 2030 1198 2058 aut
1214 2021 1466 2073 cognoscendi
1486 2023 1645 2061 initium
1666 2025 1780 2076 igno-

383 2095 453 2130 ret,
475 2095 539 2123 aut
557 2094 774 2123 extremum
790 2086 995 2139 expetendi
1013 2104 1024 2131 3
1048 2095 1104 2131 ut,
1123 2096 1188 2124 aut
1208 2087 1309 2124 unde
1330 2086 1602 2139 proficiscatur,
1617 2099 1681 2127 aut
1702 2103 1782 2142 quo

383 2151 684 2204 perveniendum
705 2151 762 2197 fit,
784 2153 937 2191 nesciat.
987 2153 1084 2191 Haec
1106 2162 1233 2190 autem
1254 2152 1392 2191 habere
1412 2154 1541 2199 dubia,
1575 2168 1699 2207 neque
1719 2155 1781 2194 his

383 2218 437 2255 ita
469 2217 673 2263 confidere,
707 2227 749 2256 ut
780 2219 925 2257 moveri
946 2232 1023 2257 non
1043 2219 1196 2271 possint,
1227 2218 1428 2257 abhorrere
1450 2233 1471 2257 a
1489 2220 1670 2273 sapientia
1689 2222 1779 2275 plu-

384 2296 544 2321 timum.

440 2349 530 2386 Hoc
550 2348 671 2401 igitur
683 2348 801 2387 modo
821 2349 948 2401 potius
963 2358 1042 2387 erat
1057 2349 1104 2387 ab
1123 2348 1184 2388 his
1199 2349 1485 2403 postulandum,
1503 2360 1546 2388 ut
1565 2349 1640 2388 hoc
1657 2365 1780 2389 unum

385 2413 531 2459 saltem,
565 2415 712 2468 percipi
730 2414 828 2453 nihil
848 2415 963 2468 poffe,
986 2425 1212 2469 perceptum
1232 2416 1304 2454 effe
1323 2417 1507 2455 dicerent.
1557 2416 1627 2454 Sed
1651 2417 1697 2454 de
1717 2418 1781 2455 in-

384 2479 593 2518 constantia
608 2481 724 2520 totius
742 2481 901 2520 illorum
917 2482 1123 2527 sententiae,
1141 2483 1167 2520 si
1184 2482 1261 2520 ulla
1274 2483 1456 2521 sententia
1471 2483 1695 2536 cujusquam
1710 2483 1782 2522 effe

383 2547 507 2601 potest
526 2545 625 2587 nihil
645 2548 902 2601 approbantiS‚
922 2548 981 2596 fit,
1003 2559 1046 2588 ut
1065 2549 1217 2602 opinor,
1235 2549 1383 2588 dictum
1403 2549 1504 2590 satis.
