2330 2983
566 235 638 289 158
983 231 1086 270 DE
1144 227 1525 269 F1N113us

561 334 672 372 suum
694 331 854 371 modum
872 342 1112 382 quaecunque
1128 335 1345 380 opportuna
1362 325 1561 376 dicuntur)
1591 323 1640 362 fic
1660 323 1758 362 reeta
1777 321 1926 361 effectio
1943 335 1956 360 t

536 432 539 434 ,
564 395 782 450 (κατόρὲωων
802 396 907 434 enim
928 395 981 432 ita
1000 393 1165 447 appello,
1187 392 1372 445 quoniam
1393 393 1538 429 rectum
1558 389 1704 428 factum
1721 384 1956 441 κατόρθωμα.)

562 465 660 501 recta
679 463 798 514 igitur
827 460 992 505 effectio,
1023 460 1117 498 item
1139 457 1419 501 convenientia,
1450 455 1617 508 denique
1639 454 1766 508 ipsum
1793 453 1957 496 bonum,

563 528 668 581 quod
688 529 728 565 in
748 540 793 565 eo
812 526 979 580 positum
999 525 1065 570 est,
1083 533 1126 563 ut
1146 525 1288 562 na'turae
1308 522 1532 567 consentiat,
1559 520 1760 560 crescendo
1779 516 1957 559 acceffio-

562 607 654 645 nem
675 593 824 631 nullam
843 590 973 630 habet.

621 660 678 697 Ut
697 658 803 696 enim
820 655 1084 710 opportunitas
1110 655 1189 699 illa,
1221 653 1271 692 fic
1291 652 1387 698 haec,
1409 653 1455 691 de
1474 652 1615 705 quibus
1635 651 1730 694 dixi,
1762 662 1840 688 non
1860 647 1962 687 fiunt

565 725 750 778 temporis
770 722 1022 776 productione
1051 721 1226 773 majora:
1257 720 1308 758 ob
1337 731 1500 770 eamque
1529 717 1679 756 causam
1712 715 1848 754 Stoicis
1882 726 1961 752 non

565 786 718 825 videtur
735 783 955 837 optabilior,
985 795 1057 820 nec
1078 781 1200 833 magis
1219 779 1445 832 expetenda,
1475 778 1583 816 beata
1601 778 1691 821 vita,
1722 776 1748 813 fi
1768 775 1813 812 fit
1831 775 1963 826 longa,

565 865 684 904 quam
704 850 730 888 fi
751 848 898 888 brevis:
930 855 1171 898 utunturque
1189 845 1318 883 fimili.
1350 845 1408 882 Ut
1426 843 1453 881 fi
1474 841 1657 881 cothurni
1675 841 1757 879 laus
1777 839 1844 878 illa
1860 837 1966 883 esset,

567 917 613 955 ad
633 916 771 969 pedem
792 922 879 967 apte
898 912 1117 956 convenire,
1148 923 1274 963 neque
1302 909 1421 949 multi
1440 907 1623 948 cothurni
1653 905 1783 960 paucis
1803 913 1967 957 antepo-

567 990 760 1026 nerentur,
781 993 852 1018 nec
871 980 1034 1031 majores
1049 977 1291 1022 minoribus;
1314 976 1363 1015 fic
1383 988 1550 1029 quorum
1566 986 1682 1013 omne
1701 973 1851 1011 bonum
1866 983 1965 1009 con-

568 1047 758 1086 venientia
777 1055 890 1098 atque
914 1043 1201 1097 opportunitate
1220 1041 1367 1086 finitur,
1388 1054 1458 1079 nec
1478 1040 1588 1093 plura
1606 1037 1865 1093 paucioribus»,
1895 1047 1967 1074 nec

569 1112 841 1166 longinquiora
860 1109 1111 1154 brevioribus,
1132 1116 1426 1161 anteponentur.

625 1179 712 1217 Nec
733 1190 821 1215 vero
841 1175 926 1214 satis
947 1183 1058 1212 acute
1077 1174 1212 1212 dicunt
1226 1191 1239 1218 ς
1261 1173 1299 1211 Si
1320 1173 1419 1211 bona
1438 1171 1615 1209 valetudo
1635 1170 1755 1223 pluris
1774 1168 1968 1207 aestiman-

571 1245 618 1283 da
646 1243 691 1281 fit
719 1243 834 1294 longa
867 1253 984 1292 quarn
1015 1239 1153 1283 brevis,
1197 1237 1386 1290 sapientiae
1417 1250 1574 1290 quoque
1609 1236 1695 1274 usus
1727 1233 1969 1286 longissimus

570 1309 732 1362 quisque
753 1308 796 1345 s1t
816 1305 990 1359 plurimi.
1031 1304 1127 1342 Non
1152 1302 1390 1355 intelligunt,
1419 1301 1647 1340 valetudinis
1677 1299 1969 1339 aestimationem

572 1375 692 1427 spatio
717 1371 912 1425 judicati3
944 1369 1111 1413 virtutis,
1131 1368 1445 1421 opportunitate:
1478 1376 1521 1405 ut
1551 1367 1750 1404 videantur
1775 1365 1843 1417 qui
1869 1363 1970 1402 illud

571 1443 716 1484 dicant,
745 1439 864 1476 iidem
898 1435 973 1474 hoc
1004 1434 1075 1473 effe
1093 1435 1247 1479 dicturi,
1279 1434 1421 1472 bonam
1455 1443 1623 1472 mortem
1653 1441 1692 1470 et
1711 1431 1860 1470 bonum
1881 1443 1971 1483 par-

572 1517 659 1546 tum
679 1504 881 1544 meliorem
901 1502 1064 1554 longum
1081 1500 1153 1538 esse
1167 1514 1285 1552 quam
1306 1500 1475 1538 brevem.
1508 1498 1602 1537 Non
1623 1498 1768 1543 vident,
1789 1496 1862 1535 alia
1880 1497 1972 1534 bre·

571 1573 688 1612 vitate
708 1569 828 1623 pluris
849 1567 1050 1611 aestimari;
1082 1565 1154 1603 alia
1169 1565 1434 1603 diuturnitate.

627 1638 762 1688 Itaque
781 1633 1077 1673 consentaneum
1097 1631 1149 1670 est
1169 1630 1245 1676 his,
1271 1645 1355 1684 quae
1374 1631 1474 1669 dieta
1494 1630 1593 1675 sunt,
1625 1631 1768 1668 ratione
1797 1628 1972 1673 illorum,

573 1705 643 1758 qui
662 1703 777 1741 illum
798 1702 990 1739 bonorum
1010 1698 1144 1742 finem,
1178 1698 1301 1750 (quod
1327 1697 1565 1750 appellamus
1595 1706 1830 1740 extremum,
1865 1695 1971 1747 quod

575 1769 781 1821 ultimum)
812 1765 975 1804 crescere
995 1773 1132 1817 putent
1162 1763 1278 1816 poffe,
1308 1763 1443 1801 iisdem
1469 1763 1633 1816 placere,
1660 1762 1731 1801 effe
1749 1762 1869 1800 alium
1897 1761 1975 1799 alio

574 1838 691 1876 etiam
725 1833 1007 1887 sapientiorem,
1038 1832 1209 1883 itemque
1242 1830 1362 1868 alium
1384 1829 1505 1882 magis
1539 1829 1616 1867 alio
1633 1829 1692 1867 vel
1714 1840 1883 1881 peccare,
1910 1826 1974 1864 vel

577 1905 674 1941 recte
695 1901 830 1940 facere.
864 1897 982 1949 Qod
1004 1897 1114 1935 nobis
1136 1909 1211 1934 non
1234 1896 1324 1933 licet
1344 1895 1482 1940 dicere,
1513 1896 1581 1947 qui
1597 1894 1760 1934 crescere
1779 1894 1976 1932 bonorum

578 1968 696 2006 finem
718 1980 794 2004 non
817 1972 1014 2017 putamus.
1045 1963 1102 1999 Ut
1136 1962 1239 1999 enim
1261 1961 1328 2012 qui
1349 1960 1504 1998 demerfi
1525 1960 1612 1998 sunt
1645 1961 1685 1998 in
1716 1972 1826 2011 aqua,
1849 1957 1977 1996 nihilo

576 2033 699 2086 magis
716 2030 891 2083 respirare
906 2026 1070 2081 possunt,
1086 2025 1108 2064 si
1128 2040 1202 2063 non
1221 2025 1334 2077 longe
1354 2025 1487 2063 absunt
1507 2038 1527 2062 a
1541 2024 1706 2068 summo,
1721 2024 1855 2074 utjam
1867 2024 1973 2074 jam-

578 2112 653 2152 que
672 2097 811 2150 possint
830 2106 1035 2146 emergere,
1053 2105 1171 2144 quam
1189 2091 1213 2129 sl
1233 2091 1347 2129 etiam
1366 2101 1450 2129 tum
1471 2089 1587 2128 essent
1605 2091 1643 2128 in
1664 2087 1880 2142 profundo;
1904 2101 1975 2126 nec

578 2165 727 2204 catulus
749 2162 828 2206 ille,
845 2161 913 2213 qui
928 2161 1009 2212 jam
1030 2158 1312 2212 appropinquat
1332 2166 1373 2196 ut
1390 2157 1526 2202 videat,
1545 2157 1631 2209 plus
1650 2156 1772 2194 cernit
1792 2168 1908 2207 quam
1926 2155 1973 2199 is,

579 2230 648 2284 qui
668 2227 786 2267 modo
805 2227 856 2264 est
878 2235 1014 2269 natus,
1036 2225 1088 2262 ita
1109 2224 1175 2276 qui
1197 2222 1370 2276 proceffit
1390 2222 1631 2274 aliquantum
1652 2221 1697 2258 ad
1718 2220 1870 2258 virtutis
1891 2220 1974 2258 adi-

580 2306 682 2340 tum,
705 2292 828 2332 nihilo
849 2292 977 2330 minus
998 2291 1036 2328 in
1057 2290 1205 2328 miseria
1224 2289 1275 2326 est
1295 2302 1412 2341 quam
1435 2288 1513 2332 ille,
1535 2287 1602 2340 qui
1624 2286 1721 2325 nihil
1742 2285 1931 2339 proceflit.

641 2360 731 2399 XV.
765 2360 860 2398 Haec
883 2357 1072 2396 mirabilia
1092 2355 1209 2393 videri
1231 2354 1418 2406 intelligO.
1462 2354 1533 2391 Sed
1553 2367 1643 2391 curn
1665 2361 1766 2390 certe
1787 2352 1978 2405 superiora

582 2427 705 2470 firma,
727 2439 769 2463 ac
790 2438 874 2462 vera
894 2423 978 2468 fint,
1000 2421 1060 2460 his
1079 2431 1208 2459 autem
1224 2434 1265 2458 ca
1285 2419 1534 2458 consentanea
1552 2429 1589 2457 ct
1609 2418 1906 2470 consequentia,
1930 2431 1976 2455 ne

582 2493 628 2531 dc
649 2505 782 2530 corum
812 2489 972 2543 quidem
1007 2489 1161 2527 veritate
1189 2487 1240 2525 cst
1261 2485 1533 2524 dubitandum.
1576 2485 1647 2523 Sed
1667 2497 1887 2537 quanquam
1905 2496 1975 2522 ne-

582 2567 688 2612 gent,
720 2572 788 2597 ncc
808 2558 981 2602 virtutes,
1004 2569 1072 2594 nec
1095 2554 1187 2593 vitia
1205 2552 1395 2599 cresccre3
1428 2561 1594 2591 attamen
1616 2561 1824 2603 utrumque
1843 2563 1978 2588 corum
