2330 2983
558 268 634 308 134
976 252 1079 291 DE
1138 251 1521 291 FINIBUS

552 364 590 392 et
609 352 760 392 eosdem
781 353 877 390 bene
896 352 1130 405 longinquos
1145 352 1294 391 dolores
1311 370 1322 398 ;
1344 365 1513 406 quorum
1532 353 1606 391 alia
1622 352 1798 393 toleratio
1815 354 1868 394 est
1886 368 1953 394 ve-

552 420 654 463 ri0r;
687 431 762 471 qua
782 418 840 456 uti
865 431 931 456 vos
952 431 1030 456 non
1050 417 1217 471 potestis,
1239 419 1308 471 qui
1328 417 1566 457 honestatem
1585 419 1707 472 ipsam
1727 433 1795 473 per
1813 420 1849 459 se
1874 435 1956 460 non

551 485 701 523 amatis.
748 484 1004 522 Fortitudinis
1024 484 1199 537 quaedam
1220 495 1406 538 praecepta
1425 485 1525 531 sunt,
1546 499 1589 524 ac
1609 499 1706 539 pene
1726 486 1844 540 leges,
1869 501 1954 541 quae

550 549 781 592 effoeminari
801 551 928 588 virum
948 559 1077 589 vetant
1095 551 1136 589 in
1152 551 1295 590 dolore.
1319 551 1588 604 Qarnobrem
1609 561 1719 605 turpe
1737 553 1954 605 putandum

552 616 618 661 est,
641 631 718 655 non
739 616 826 654 dico
847 616 988 661 dolere,
1020 618 1130 668 (nam
1153 617 1193 656 id
1223 617 1382 670 quidem
1408 617 1462 656 est
1481 618 1677 657 interdum
1697 618 1859 672 neceffe)
1893 619 1953 658 sed

552 682 684 721 saxum
704 682 802 720 illud
823 683 1036 721 Lemnium
1056 683 1224 721 clamore
1244 682 1494 722 Philostetaeo
1512 683 1700 723 funestare
1714 703 1726 730 ς

686 748 792 801 Qtod
805 749 952 800 qulam,
974 749 1104 803 qussu,
1121 749 1271 802 gemitu,
1279 749 1494 802 fremitibus

688 814 903 868 Rcstnanab,
924 825 1062 853 mutum
1067 815 1205 868 flebiles
1223 829 1324 854 voces
1342 816 1470 868 refi’rt.

552 881 659 919 Huic
682 881 873 932 Epicurus
893 889 1092 933 comparet
1111 880 1159 925 se,
1185 881 1210 918 s1
1229 880 1352 934 potest
1363 899 1376 926 ;

690 946 763 984 Cui
779 946 939 999 viperino
954 948 1068 1000 morfia
1088 960 1191 985 venae
1205 947 1379 1001 vgsterum

691 1015 826 1051 Veneno
845 1012 991 1052 imbutae
1009 1022 1136 1052 taetros
1154 1014 1338 1053 cruciatus
1355 1013 1462 1053 cient.

552 1078 608 1117 Sit
628 1079 820 1131 Epicurus
842 1077 1070 1124 Philocteta,
1085 1079 1128 1119 Si
1137 1080 1271 1133 gravis
1289 1079 1397 1125 dolor,
1418 1079 1552 1119 brevis.
1584 1080 1640 1118 At
1653 1081 1737 1133 jam
1757 1079 1957 1120 decimum

552 1158 698 1183 annum
730 1145 770 1183 in
803 1145 981 1197 spelunca
1003 1146 1119 1198 jacet.
1180 1146 1223 1184 Si
1237 1146 1373 1199 longus,
1405 1146 1518 1191 levin
1550 1146 1614 1184 dat
1632 1147 1737 1185 enim
1759 1147 1958 1186 intervalla

553 1219 591 1248 et
625 1210 779 1248 relaxat.
840 1208 1018 1248 Primum
1053 1224 1130 1249 non
1162 1211 1279 1264 saepe:
1312 1212 1448 1250 deinde
1478 1225 1564 1264 quae
1593 1212 1646 1250 est
1673 1212 1740 1250 ista
1759 1213 1956 1258 relaxatio,

553 1289 646 1314 cum
680 1286 717 1314 et
751 1277 932 1329 praeteriti
966 1276 1107 1315 doloris
1139 1278 1326 1316 memoria
1356 1291 1485 1316 recens
1505 1278 1558 1316 est
1576 1296 1588 1322 ;
1619 1287 1658 1316 et
1690 1278 1812 1318 futuri
1843 1288 1958 1332 atque

553 1341 814 1394 impendentis
834 1351 987 1393 torquet
1019 1342 1169 1380 timor?
1200 1343 1409 1387 Moriatur,
1445 1344 1587 1395 inquit.
1639 1345 1672 1382 F
1674 1344 1805 1382 ortass'e
1825 1345 1866 1382 id
1884 1357 1958 1398 op-

554 1409 713 1452 timum,
743 1408 804 1446 sed
828 1408 896 1446 ubi
917 1407 1029 1453 illud,
1060 1408 1152 1447 Plus
1166 1410 1310 1463 stmper
1327 1410 1528 1463 voluptatis
1544 1411 1563 1449 ?
1594 1411 1633 1448 Si
1658 1411 1764 1449 enim
1794 1411 1848 1449 ita
1876 1411 1929 1450 est
1943 1430 1956 1457 ς

554 1474 653 1518 vide,
687 1487 734 1512 ne
753 1473 902 1512 facinus
934 1473 1064 1519 facias,
1094 1487 1187 1513 cum
1207 1476 1308 1514 mori
1328 1475 1491 1513 suadeas.
1537 1477 1671 1515 Potius
1691 1490 1782 1530 ergo
1802 1477 1868 1515 illa
1896 1477 1958 1516 di-

554 1548 704 1584 cantur,
746 1548 857 1592 turpe
887 1538 958 1577 effe
999 1540 1082 1577 viro
1120 1539 1325 1585 debilitari,
1357 1541 1489 1579 dolore
1517 1540 1657 1595 frangi,
1694 1543 1957 1582 succumbere.

555 1605 661 1642 Nam
684 1605 750 1643 ista
769 1604 900 1650 vestra,
931 1605 974 1643 Si
985 1606 1132 1658 gravis,
1164 1605 1285 1644 brevis
1300 1623 1311 1650 3
1328 1606 1371 1657 fi
1396 1607 1532 1659 longus,
1563 1607 1666 1652 levis,
1698 1608 1836 1646 dietata
1855 1609 1955 1647 sunt.

500 1713 505 1716 ,
558 1671 735 1716 Virtutis,
772 1671 1050 1724 magnitudinis
1084 1672 1224 1718 animi,
1266 1672 1472 1725 patientiae,
1504 1671 1744 1712 fortitudinis
1775 1673 1958 1714 fomentis

554 1736 664 1775 dolor
682 1736 852 1789 mitigari
873 1736 978 1775 solet.

610 1803 742 1841 XXX.
780 1803 900 1848 Audi,
937 1817 983 1841 ne
1003 1804 1117 1857 longe
1136 1804 1283 1850 abeam,
1305 1806 1473 1844 moriens
1494 1806 1589 1858 quid
1616 1805 1717 1844 dicat
1738 1807 1931 1859 Epicurus
1945 1826 1958 1853 ς

555 1878 593 1908 et
613 1869 800 1923 intellige,
822 1869 918 1908 faeta
937 1871 1018 1922 ejus
1039 1884 1131 1909 cum
1152 1871 1263 1910 dietis
1292 1871 1515 1925 discrepare.
1576 1873 1804 1911 prcunus
1834 1875 1959 1913 HER-

558 1949 720 1974 MAcuo
739 1938 776 1975 S.
800 1937 892 1975 Cum
905 1952 1100 1990 ageremus,
1123 1938 1266 1990 inquit,
1288 1939 1380 1978 vt'tae
1396 1939 1538 1977 beatum
1554 1950 1589 1978 et
1605 1939 1746 1978 eundem
1752 1942 1963 1994 supremum

556 2002 912 2054 d1}·m,st·ribebamus
930 2003 1020 2042 [πεῖ.
1067 2000 1184 2042 Tanti
1197 2014 1316 2042 autem
1335 2005 1451 2043 morbi
1477 2005 1631 2043 aderant
1651 2007 1774 2057 vaeficae
1793 2018 1827 2045 ft
1846 2008 1960 2060 vffi'e·

558 2082 652 2112 rum,
675 2078 716 2106 ut
735 2068 829 2107 nihil
838 2068 889 2107 ad
901 2083 1019 2107 eorum
1039 2068 1316 2122 magnitudinem
1328 2070 1430 2123 pqslit
1449 2069 1621 2109 accedere.
1655 2071 1758 2109 Ecce
1779 2072 1961 2111 miserum

560 2133 776 2178 hominem,
808 2134 833 2172 fi
854 2134 963 2173 dolor
984 2135 1181 2174 summum
1208 2135 1356 2174 malum
1377 2135 1442 2174 est.
1480 2136 1571 2174 Dici
1599 2136 1707 2175 aliter
1727 2150 1802 2175 non
1825 2138 1959 2190 potest.

559 2200 629 2237 Sed
651 2200 850 2238 audiamus
871 2201 1010 2254 ipsum.
1045 2202 1348 2256 Compctfizbatur
1368 2213 1499 2247 tamen,
1519 2203 1660 2255 inquit,
1682 2218 1760 2242 cum
1775 2204 1831 2242 his
1850 2205 1961 2243 omni-

557 2267 622 2304 bus
640 2267 753 2304 animi
779 2267 923 2312 laetitm,
957 2283 1062 2322 quam
1081 2269 1258 2322 capiebam
1277 2270 1443 2307 memoria*
1471 2270 1650 2308 rationum
1670 2270 1964 2324 inventorumqm·

558 2333 764 2385 nostrornm.
813 2332 884 2372 Sed
897 2343 952 2378 tu,
985 2344 1026 2373 ut
1046 2334 1190 2388 dfignum
1215 2335 1260 2388 ‹st
1290 2346 1355 2374 tua
1373 2351 1460 2389 erga
1479 2351 1532 2374 me
1550 2346 1584 2374 rt
1614 2351 1702 2389 erga
1712 2337 1963 2391 philosbpln'am

559 2399 747 2438 voluntate
765 2398 810 2438 ab
830 2399 1344 2455 adolqshvntulosifi-«pta,siu-
1364 2412 1405 2440 ut
1427 2402 1633 2441 Metrodori
1649 2413 1773 2442 tueare
1791 2403 1928 2442 librros.

605 2465 698 2504 Non
720 2480 791 2519 ego
806 2467 888 2518 jam
902 2467 1196 2520 Epaminonda„
1216 2482 1291 2506 non
1314 2468 1508 2514 Leonida«,
1531 2478 1698 2508 mortem
1718 2468 1834 2523 hujus
1855 2483 1958 2508 mor-

562 2531 591 2569 ti
629 2541 842 2584 antepono:
886 2547 1052 2586 qnorum
1088 2535 1181 2572 alter
1213 2547 1304 2573 cum
1342 2535 1485 2574 viciffet
1517 2536 1830 2575 Lacedaemonios
1862 2536 1962 2589 apud

562 2597 819 2645 Mantineam,
853 2600 1041 2654 simulque
1064 2601 1140 2654 ipse
1168 2602 1273 2655 gravi
1305 2602 1459 2641 vulnere
1490 2603 1698 2643 exanimari
1729 2603 1764 2642 se
1793 2603 1959 2648 viderem
