2330 2983
576 292 654 332 274
873 273 1665 315 TUSCULANARUM.

628 377 705 416 His
725 384 763 414 et
784 375 922 414 talibus
943 374 1161 413 auctoribus
1182 375 1235 413 usi
1256 373 1500 419 confirmant,
1534 373 1684 413 causam
1704 372 1816 413 rebus
1836 386 1857 413 a
1882 373 1970 413 Diis

573 442 859 482 immortalibus
887 441 1114 493 judicatam.
1164 441 1385 480 Alcidamas
1409 441 1582 493 quidam,
1614 438 1743 478 rhetor
1772 440 1969 492 antiquus,

572 510 613 547 in
635 508 769 562 primis
796 507 952 552 nobilis,
982 506 1125 560 scripfit
1144 507 1261 545 etiam
1292 507 1550 546 laudationem
1573 506 1724 551 mortis,
1756 519 1841 558 quae
1871 519 1970 544 con-

572 575 642 613 stat
674 587 721 613 ex
753 573 1039 612 enumeratione
1070 572 1329 612 humanorum
1362 572 1553 611 malorum
1569 590 1581 618 3
1612 572 1676 610 cui
1710 571 1872 610 rationes
1902 584 1968 615 eae,

572 653 659 692 quae
688 639 912 692 exquisitius
943 651 963 675 a
996 636 1236 690 philosophis
1271 637 1526 690 colliguntur,
1563 636 1781 681 defuerunt,
1817 636 1968 674 ubertas

571 705 754 743 orationis
788 717 865 742 non
895 702 1032 741 defuit.
1083 702 1204 741 Clarae
1234 716 1321 741 vero
1354 711 1496 740 mortes
1521 715 1591 755 pro
1622 702 1741 755 patria
1773 701 1969 754 oppetitae,

572 781 652 808 non
673 769 798 807 solum
830 767 1001 820 gloriosae
1034 766 1265 811 rhetoribus,
1297 767 1358 804 sed
1378 767 1494 804 etiam
1515 766 1646 809 beatae,
1682 766 1801 803 videri
1835 765 1970 803 solent.

572 836 771 887 Repetunt
801 833 848 871 ab
869 831 1104 878 Erechtheo,
1124 833 1234 884 cujus
1254 833 1370 870 etiam
1390 831 1478 869 filiae
1498 830 1636 883 cupide
1665 839 1833 868 mortem
1852 843 1971 883 expe-

572 901 743 939 tiverunt
775 913 844 952 pro
872 899 951 936 vita
979 898 1126 936 civium
1142 916 1154 943 ;
1187 897 1376 942 Codrum,
1404 897 1472 949 qui
1506 896 1541 934 se
1574 897 1614 934 in
1640 895 1789 935 medios
1811 895 1974 934 immisit

572 965 712 1011 hostes,
741 965 840 1003 veste
871 963 1066 1010 famulari,
1102 976 1149 1002 ne
1168 961 1288 1016 pofl‘et
1307 961 1474 1016 agnosci,
1508 961 1534 1000 fi
1555 961 1642 1000 ess‘et
1668 970 1805 1000 ornatu
1838 961 1944 1014 regio
1958 978 1975 1006 ς

574 1031 681 1084 quod
718 1031 917 1070 oraculum
956 1039 1034 1068 erat
1060 1030 1207 1075 datum,
1249 1029 1275 1067 fi
1312 1041 1377 1067 rex
1407 1027 1629 1067 interfectus
1667 1027 1770 1073 effet,
1800 1026 1976 1065 victrices

575 1096 747 1135 Athenas
764 1095 859 1135 fore.
883 1095 1109 1134 Menoeceus
1127 1108 1203 1133 non
1224 1093 1531 1147 praetermittitur
1543 1112 1554 1138 ;
1577 1094 1660 1146 qui,
1681 1092 1839 1131 oraculo
1854 1091 1975 1137 edito,

574 1164 733 1216 largitus
754 1162 806 1201 est
825 1161 954 1215 patriae
966 1160 1078 1199 suum
1099 1160 1336 1213 sanguinem.
1356 1158 1555 1212 Iphigenia
1572 1158 1714 1197 Aulide
1733 1158 1824 1197 duci
1838 1157 1875 1196 se
1894 1157 1974 1195 im·

574 1229 802 1268 molandum
816 1227 944 1279 jubet,
965 1236 1008 1264 ut
1028 1225 1196 1264 hostium
1216 1225 1365 1278 sanguis
1385 1225 1559 1263 eliciatur
1577 1225 1659 1263 suo.

629 1294 778 1333 XLIX.
810 1293 984 1330 Veniunt
1004 1291 1093 1329 inde
1112 1291 1158 1329 ad
1177 1291 1367 1344 propiora.
1403 1290 1643 1328 Harmodius
1665 1291 1705 1327 in
1725 1303 1804 1334 ore,
1824 1299 1862 1328 et
1883 1289 1976 1328 Ari-

573 1359 754 1414 stogiton,
787 1357 1101 1396 Lacedaemonius
1122 1357 1325 1401 Leonidas,
1356 1355 1568 1394 Thebanus
1601 1355 1889 1408 Epaminondas
1914 1355 1976 1392 vi-

574 1434 681 1478 gent.
726 1424 812 1463 Nos
832 1437 921 1461 vero
951 1436 1027 1461 non
1052 1430 1221 1466 norunt;
1253 1434 1349 1474 quos
1369 1434 1591 1459 enumerare
1610 1421 1774 1474 longum
1805 1419 1885 1457 est:
1923 1419 1977 1458 ita

575 1491 664 1530 sunt
684 1490 814 1534 multi,
846 1489 989 1541 quibus
1016 1489 1190 1526 videmus
1210 1487 1399 1540 optabiles
1427 1497 1569 1526 mortes
1589 1485 1699 1525 fuisse
1718 1500 1809 1525 cum
1840 1485 1975 1539 gloria.

577 1559 677 1609 Qae
696 1570 788 1595 cum
809 1556 861 1593 ita
879 1555 966 1599 s1nt‚
997 1567 1136 1606 magna
1156 1563 1284 1592 tamen
1310 1553 1531 1605 eloquentia
1555 1553 1607 1591 est
1628 1552 1832 1597 utendum,
1863 1560 1978 1606 atque

578 1624 630 1661 ita
647 1623 754 1660 velut
773 1621 963 1674 superiore
982 1633 1002 1657 e
1022 1619 1107 1658 loco
1127 1618 1452 1663 concionandum,
1471 1628 1513 1656 ut
1534 1618 1712 1657 homines
1734 1627 1901 1656 mortem
1917 1617 1980 1655 vel

576 1699 706 1742 optare
737 1687 938 1740 incipiant,
974 1686 1034 1724 vel
1067 1695 1167 1724 certe
1195 1686 1334 1723 timere
1367 1684 1552 1723 defistant.
1586 1685 1692 1723 Nam
1723 1684 1748 1722 si
1777 1683 1975 1736 supremus

579 1756 643 1793 ille
663 1755 741 1793 dies
763 1767 841 1792 non
860 1753 1152 1795 extinctionem,
1181 1751 1242 1788 sed
1260 1752 1609 1789 commutationem
1630 1749 1739 1788 affert
1759 1750 1848 1794 loci,
1881 1749 1976 1802 quid

576 1820 815 1874 optabilius?
847 1819 912 1857 Sin
943 1828 1071 1856 autem
1105 1817 1260 1870 perimit
1291 1830 1333 1854 ac
1367 1817 1467 1854 delet
1501 1817 1677 1861 omnino,
1708 1815 1803 1868 quid
1839 1815 1977 1853 melius

577 1900 695 1940 quam
715 1887 756 1924 in
776 1885 914 1923 mediis
934 1884 1020 1922 vitae
1041 1883 1235 1921 laboribus
1255 1882 1549 1927 obdormiscere,
1577 1892 1614 1920 et
1636 1883 1687 1920 ita
1706 1881 1976 1920 conniventem

579 1953 714 1990 somno
743 1949 932 2002 consopiri
954 1949 1215 2000 sempiterno?
1248 1948 1366 1999 Qod
1387 1947 1412 1985 sl
1442 1947 1521 1992 fiat,
1550 1948 1686 1987 melior
1706 1947 1826 1986 Ennii
1860 1959 1978 1999 quam

580 2018 727 2056 Solonis
747 2017 880 2055 oratio.
913 2015 993 2053 Hic
1013 2015 1118 2052 enim
1141 2013 1277 2057 noster,

718 2085 829 2122 Nemo
849 2097 900 2120 me
919 2080 1081 2134 lacrymis
1100 2080 1249 2124 decoret,
1281 2079 1423 2132 inquit,
1454 2079 1765 2134 necsuncraflctu

772 2148 901 2188 Faxit.

582 2217 635 2253 At
655 2228 743 2253 vero
763 2213 904 2266 sapiens
928 2212 1004 2255 illc,

719 2281 826 2319 Mors
845 2293 920 2317 mea
939 2293 980 2316 ne
999 2287 1122 2316 careat
1141 2278 1305 2330 lacrymis
1317 2293 1330 2315 :
1361 2278 1559 2330 linquamus
1580 2276 1701 2315 amicis

774 2347 982 2388 Maerorem,
1005 2353 1045 2381 ut
1065 2343 1386 2395 celebrentjimcra
1406 2357 1483 2381 cum
1499 2342 1648 2395 gemitu.

639 2413 723 2450 Nos
755 2425 856 2455 vero,
895 2410 918 2447 sl
941 2409 1035 2462 quid
1067 2409 1139 2446 tale
1166 2409 1359 2451 acciderit,
1392 2417 1433 2445 ut
1468 2422 1486 2444 a
1509 2409 1594 2445 Deo
1619 2407 1888 2445 denuntiatum
1920 2406 1980 2443 vi-

585 2479 714 2516 deatur
751 2487 792 2515 ut
823 2489 1001 2514 exeamus
1035 2490 1055 2513 e
1090 2476 1178 2518 vita.
1228 2475 1301 2512 lasti
1337 2484 1374 2511 ct
1407 2483 1559 2526 agentes
1591 2474 1726 2525 gratias
1766 2485 1977 2526 patenum,

584 2546 787 2596 emittique
820 2558 886 2582 nos
907 2559 926 2581 c
954 2542 1123 2581 custodia
1152 2552 1187 2579 ct
1225 2542 1338 2579 levari
1374 2541 1536 2579 vinculis
1569 2541 1809 2583 arbitremur,
1841 2550 1882 2576 nt
1917 2548 1981 2575 aut

586 2612 625 2650 in
647 2621 822 2650 :eternam
843 2620 880 2648 ct
914 2610 1023 2662 plane
1052 2610 1089 2647 in
1114 2609 1274 2647 nostram
1296 2608 1458 2646 domum
1490 2608 1755 2659 remigremuS,
1786 2614 1849 2643 aut
1871 2604 1978 2643 omni
