2330 2983
587 300 663 352 306
883 295 1676 335 TUSCULANARUM.

642 396 754 434 Vm.
788 395 879 433 Veri
909 395 1026 433 etiam
1057 394 1179 433 fimile
1208 394 1306 434 illud
1325 395 1392 441 est,
1421 395 1489 447 qui
1520 395 1565 434 fit
1589 404 1820 447 temperans,
1854 407 1974 447 quem

580 462 708 499 Graeci
725 457 872 513 σώφρονα
890 460 1098 513 appellant,
1112 472 1273 512 eamque
1288 460 1470 499 virtutem
1486 454 1675 513 σωφροσόνην
1690 469 1840 504 vocant,
1857 473 1975 512 quam

580 527 680 565 soleo
699 525 880 579 equidem
902 536 987 564 tum
1008 526 1314 578 temperantiam,
1344 535 1430 565 tum
1447 525 1750 564 moderationem
1769 525 1975 578 appellare,

579 604 859 644 nonnunquam
878 591 994 629 etiam
1015 591 1240 630 modestiam
1258 605 1267 629 :
1299 591 1360 629 sed
1380 590 1482 630 haud
1501 591 1594 636 scio,
1617 603 1664 629 an
1681 591 1777 629 redte
1796 603 1839 628 ea
1855 590 1975 628 virtus

580 657 776 711 frugalitas
807 657 987 710 appellari
1006 657 1144 710 poffit:
1177 657 1282 709 quod
1311 657 1504 709 angustius
1535 656 1635 709 apud
1668 657 1825 695 Graecos
1859 655 1972 699 valet,

578 725 647 778 qui
666 724 768 777 frugi
790 723 965 763 homines
981 719 1139 773 χξησὶμες
1158 722 1366 775 appellant,
1394 723 1432 760 id
1452 722 1520 767 est,
1539 722 1810 761 tantummodo
1829 721 1942 760 utiles
1959 735 1973 760 ·.

579 800 616 828 at
647 790 744 828 illud
772 790 899 827 latius.
946 787 1013 826 Est
1032 788 1137 825 enim
1167 788 1294 825 omnis
1317 787 1553 831 abstinentia,
1584 787 1711 825 omnis
1737 787 1973 831 innocentia,

579 871 662 909 quoe
693 856 793 908 apud
816 856 973 894 Graecos
1002 853 1183 892 ufitatum
1215 858 1358 891 nomen
1389 852 1544 890 nullum
1576 850 1706 897 habet,
1741 851 1804 890 sed
1832 850 1974 890 habere

577 921 699 975 potest
731 916 945 958 ὠξλαὶξειανε
977 932 1066 957 narn
1091 918 1145 957 est
1163 918 1399 963 innocentia,
1431 917 1582 956 affefflo
1613 917 1699 956 talis
1719 917 1854 962 animi,
1886 930 1977 969 quae

578 996 712 1027 noceat
748 984 910 1025 nemini.
969 984 1156 1036 Reliquas
1191 984 1310 1023 etiam
1347 984 1506 1022 virtutes
1541 982 1739 1036 frugalitas
1781 981 1975 1021 continet.

578 1054 677 1104 Qae
697 1052 765 1091 nifi
786 1060 890 1090 tanta
905 1049 1008 1095 effet,
1038 1059 1077 1088 et
1106 1050 1132 1088 fi
1152 1050 1199 1089 iis
1218 1049 1413 1102 angustiis,
1440 1049 1581 1101 quibus
1614 1048 1790 1102 plerique
1820 1056 1976 1100 putant,

577 1128 781 1165 teneretur,
813 1130 1012 1169 nunquam
1031 1115 1119 1155 effet
1137 1117 1187 1156 L.
1209 1115 1356 1156 Pisonis
1387 1129 1604 1169 cognomen
1624 1123 1820 1167 tantopere
1838 1113 1975 1152 lauda-

577 1195 680 1225 tum.

632 1250 709 1289 Sed.
723 1249 814 1301 quia
842 1260 912 1286 nec
932 1247 1016 1299 qui,
1046 1255 1202 1299 propter
1230 1255 1396 1291 metum,
1428 1246 1642 1299 praefidium
1668 1245 1842 1298 reliquit,
1866 1243 1976 1297 quod

576 1315 628 1354 est
658 1313 842 1367 ignaviae;
873 1324 944 1350 nec
974 1311 1057 1363 qui,
1088 1320 1243 1364 propter
1270 1311 1482 1355 avaritiam,
1512 1310 1614 1348 clam
1644 1310 1860 1362 depositum
1891 1322 1975 1348 non

574 1381 752 1425 reddidit,
773 1378 879 1432 quod
898 1377 951 1415 est
970 1376 1162 1429 injustitiae
1173 1394 1187 1422 ς
1217 1390 1288 1416 nec
1307 1378 1390 1430 qui,
1406 1386 1560 1430 propter
1581 1376 1850 1420 temeritatem,
1870 1375 1974 1413 male

576 1460 656 1486 rem
676 1445 798 1500 geflit,
826 1443 931 1497 quod
949 1441 1003 1481 est
1034 1442 1218 1488 stultitiae,
1239 1441 1344 1496 frugi
1374 1442 1555 1496 appellari
1574 1442 1667 1481 solet
1682 1459 1695 1486 ς
1725 1440 1772 1480 eb
1791 1451 1866 1480 tres
1889 1439 1974 1479 vir-

575 1521 691 1557 tutes,
722 1509 1005 1552 fortitudinem,
1029 1507 1232 1560 justitiam,
1261 1508 1520 1562 prudentiam,
1552 1508 1750 1562 frugalitas
1781 1507 1834 1546 est
1857 1519 1971 1545 com-

574 1577 711 1632 plexa:
742 1575 809 1614 etsi
829 1573 904 1614 hoc
925 1573 1085 1626 quidem
1115 1587 1326 1612 commune
1349 1574 1403 1613 est
1430 1575 1634 1613 virtutum.
1694 1575 1844 1612 Omnes
1863 1573 1972 1611 enim

574 1645 674 1682 inter
693 1642 728 1681 se
749 1654 851 1680 nexae
870 1649 908 1677 et
921 1640 1063 1692 jugatae
1083 1638 1183 1677 sunt.
1243 1639 1410 1692 Reliqua
1428 1640 1547 1692 igitur
1565 1649 1604 1678 et
1621 1648 1755 1693 quarta
1772 1639 1893 1677 virtus
1924 1647 1971 1676 ut

574 1709 616 1748 fit
638 1708 713 1761 ipsa
732 1706 944 1759 frugalita8‚
975 1703 1116 1742 necesse
1135 1704 1201 1742 est.
1232 1706 1327 1757 Ejus
1346 1706 1450 1744 enim
1472 1707 1622 1744 videtur
1641 1706 1855 1758 proprium,
1879 1717 1967 1743 mo-

574 1786 634 1813 tus
667 1772 787 1811 animi
820 1769 1033 1823 appetentis
1061 1782 1189 1822 regere
1222 1779 1259 1808 et
1289 1770 1425 1816 sedare,
1457 1771 1679 1824 semperque
1708 1770 1967 1809 adversantem

573 1840 742 1884 libidini,
764 1837 998 1877 moderatam
1019 1836 1059 1874 in
1077 1836 1186 1875 omni
1206 1849 1244 1874 re
1271 1836 1409 1875 servare
1429 1837 1678 1876 constantiam
1694 1855 1707 1883 3
1728 1838 1794 1875 cui
1812 1846 1966 1875 contra-

574 1907 676 1945 rium
696 1904 837 1943 vitium
859 1901 1030 1953 nequitia
1059 1901 1215 1940 dicitur.
1258 1903 1487 1956 Frugalitas,
1519 1912 1562 1941 ut
1591 1902 1742 1956 opinor,
1778 1915 1798 1939 a
1815 1903 1966 1955 fruge,

573 1985 649 2023 qua
681 1969 779 2009 nihil
811 1967 949 2006 melius
979 1980 1000 2004 e
1020 1976 1129 2005 terra.
1175 1968 1349 2020 Nequitia
1367 1969 1413 2007 ab
1433 1983 1479 2007 eo
1510 1969 1591 2020 (etfi
1613 1968 1687 2007 hoc
1714 1968 1786 2007 erit
1818 1967 1968 2007 fortass‘e

573 2038 704 2076 durius
722 2050 731 2074 :
763 2035 823 2073 sed
846 2043 1050 2078 tentemus,
1071 2043 1109 2071 et
1129 2033 1247 2071 lufiffe
1267 2044 1464 2086 putemur,
1495 2035 1519 2072 si
1541 2035 1594 2072 nil
1616 2035 1676 2084 fit)
1705 2034 1752 2072 ab
1772 2048 1831 2078 eo,
1858 2034 1965 2087 quod

571 2102 802 2157 nequidquam
821 2099 873 2138 cst
893 2099 931 2137 in
960 2099 1024 2137 tali
1046 2097 1205 2137 homine
1222 2117 1233 2143 ς
1264 2112 1310 2137 ex
1330 2113 1408 2151 quo
1429 2100 1530 2138 idem
1553 2098 1665 2138 nihili
1686 2099 1840 2138 dicitur.
1881 2101 1964 2150 Qi

572 2170 615 2209 fit
636 2168 737 2220 frugi
759 2167 890 2220 igitur,
912 2165 986 2210 vel,
1019 2164 1043 2202 fi
1064 2165 1198 2210 mavis,
1224 2165 1439 2204 moderatus
1466 2176 1505 2204 et
1534 2176 1762 2219 temperans,
1782 2178 1871 2203 eum
1894 2179 1964 2203 ne-

571 2235 666 2275 cesse
700 2233 753 2272 est
784 2231 854 2271 ess‘e
884 2231 1147 2270 constantem:
1179 2232 1246 2284 qui
1277 2241 1404 2270 autem
1433 2231 1619 2276 constans,
1654 2231 1861 2284 quietum:
1894 2231 1962 2284 qui

572 2301 740 2353 quietus,
772 2296 1057 2351 perturbatione
1086 2297 1195 2334 omni
1225 2310 1418 2341 vacuum,
1455 2310 1545 2349 ergo
1575 2297 1692 2335 etiam
1723 2296 1960 2349 aegritudine.

574 2369 625 2406 Et
647 2366 731 2404 sunt
751 2364 816 2403 illa
834 2362 1024 2416 sapientis.
1058 2362 1192 2400 Aberit
1213 2363 1329 2414 igitur
1349 2376 1369 2400 a
1387 2363 1549 2415 sapiente
1570 2362 1768 2416 aegritudo.

628 2434 699 2472 lx.
733 2432 867 2483 Itaque
887 2443 961 2469 non
985 2428 1115 2467 inscite
1138 2429 1381 2468 Heracleotes
1415 2429 1619 2481 Dionysius
1651 2429 1696 2468 ad
1719 2442 1761 2467 ea
1780 2428 1961 2481 disputat,

572 2513 655 2553 quat
675 2497 774 2551 apud
795 2497 1014 2536 Homerum
1028 2494 1200 2534 Achilles
1221 2495 1405 2547 queritur,
1428 2494 1516 2540 hoc,
1539 2505 1581 2533 ut
1600 2495 1751 2549 opinor,
1768 2494 1899 2540 modo,

709 2566 848 2616 Corque·
867 2577 975 2601 meum
988 2563 1131 2615 penitus
1152 2563 1321 2614 turgcfiit
1340 2561 1497 2614 trssibus
1516 2562 1594 2606 iris,

709 2632 799 2669 Cum
818 2629 948 2676 dccorc,
978 2639 1085 2683 atquc
1103 2629 1196 2668 omui
1211 2643 1263 2668 me·
1281 2628 1443 2669 orbatum
1463 2627 1563 2667 laude·
1580 2626 1757 2668 recordor.
