2330 2983
632 238 682 289 98
1054 239 1156 278 DE
1213 238 1599 278 F1N1Bus

631 335 769 373 morati
789 334 926 373 melius
957 336 1116 381 erimus,
1150 349 1242 374 eum
1272 335 1536 380 didicerimus,
1567 348 1653 388 quae
1677 343 1808 373 natura
1827 334 2025 376 derideret.

630 401 741 438 Tum
759 413 863 444 vero,
896 399 923 438 fi
942 400 1116 439 stabilem
1135 400 1332 439 scientiam
1361 415 1491 439 rerum
1520 400 1757 445 tenebimus,
1785 399 1926 439 set-vata
1955 400 2027 439 illa

633 466 735 517 (quae
755 465 857 517 quast
887 465 1032 519 delapsa
1051 467 1097 504 de
1116 467 1210 504 caelo
1229 466 1283 504 est
1300 466 1348 504 ad
1365 467 1628 519 cognitionem
1648 466 1845 518 omnium)
1877 466 2025 519 reguli,

630 531 678 569 ad
693 544 812 583 quam
825 531 1112 583 omniajudicia
1125 545 1253 570 rerum
1267 532 1494 584 dirigentur,
1507 545 1707 584 nunquam
1722 531 1840 570 ullius
1853 532 2028 570 oratione

630 596 722 635 victi
741 596 924 635 sententia
957 597 1188 636 defistemus.
1247 597 1333 636 Nifi
1363 607 1492 636 autem
1511 611 1640 635 rerum
1673 606 1807 635 natura
1836 596 2029 651 perspecta

631 662 716 707 erit,
739 662 847 700 nullo
876 663 993 701 modo
1019 663 1230 716 poterimus
1250 662 1427 700 sensuum
1452 663 1599 715 judicia
1620 661 1832 701 defendere.
1892 662 2026 714 Qid·

631 728 727 780 quid
747 741 858 781 porro
877 729 1008 767 animo
1035 729 1246 772 cernimus,
1275 728 1314 766 id
1344 742 1460 766 omne
1479 729 1601 766 oritur
1618 741 1640 765 a
1658 728 1841 766 senfibus.
1884 728 1967 781 Qi
2000 726 2028 765 st

631 807 766 832 omnes
795 803 908 832 erunt
939 794 1032 839 veri,
1062 803 1108 832 ut
1126 794 1286 847 Epicuri
1306 795 1400 832 ratio
1430 794 1568 838 docet;
1597 803 1684 831 tum
1702 793 1869 845 denique
1887 793 2031 845 poterit

631 859 779 911 aliquid
796 857 975 911 cognosci
994 868 1033 896 et
1052 859 1210 912 percipi.
1244 860 1354 911 Qos
1374 859 1443 911 qui
1463 858 1620 903 tollunt,
1640 866 1678 897 et
1697 856 1797 896 nihil
1817 857 1919 911 poffe
1937 869 2031 911 per-

632 925 710 977 cipi
731 924 879 968 dicunt,
912 924 953 969 ii,
979 924 1135 962 remotis
1167 923 1345 969 senfibus,
1377 937 1424 961 ne
1455 924 1494 961 id
1514 923 1641 977 ipsum
1671 923 1832 976 quidem
1850 922 2033 977 expedire

632 990 800 1043 possunt,
829 989 936 1041 quod
953 989 1149 1028 differunt.
1181 990 1377 1034 Praeterea,
1397 989 1541 1027 sublata
1559 989 1783 1041 cognitione
1800 997 1839 1026 et
1858 987 2032 1033 scientia,

632 1055 783 1094 tollitur
801 1055 928 1093 omnis
949 1055 1044 1093 ratio
1065 1065 1102 1092 et
1122 1055 1208 1093 vitae
1228 1055 1420 1108 degendae,
1449 1064 1487 1092 et
1507 1068 1634 1092 rerum
1654 1053 1920 1107 gerendarum.
1966 1053 2029 1092 Sic

632 1136 653 1159 e
672 1121 838 1174 physicis
856 1130 893 1158 et
912 1119 1100 1158 fortitudo
1119 1121 1280 1159 sumitur
1309 1131 1442 1158 contra
1467 1121 1605 1158 mortis
1635 1121 1814 1158 timorem
1831 1138 1843 1165 ς
1874 1129 1912 1158 et
1930 1132 2031 1157 con-

633 1187 767 1225 stantia
783 1196 915 1225 contra
934 1195 1085 1224 metum
1103 1186 1296 1239 religionis
1309 1204 1321 1231 ;
1342 1196 1382 1224 et
1400 1185 1538 1224 sedatio
1556 1186 1691 1230 animi,
1705 1185 1887 1224 omniurn
1900 1198 2033 1223 rerum

632 1252 871 1290 occultarum
893 1251 1130 1303 ignoratione
1158 1251 1324 1296 sublata5
1355 1261 1394 1289 et
1414 1251 1639 1296 moderatio,
1672 1260 1806 1288 natura
1833 1249 2031 1303 cupidita·

633 1326 720 1355 tum
736 1316 1015 1368 generibusque
1034 1329 1165 1354 earum
1185 1316 1383 1368 explicatis
1400 1334 1412 1360 ;
1443 1326 1496 1360 et,
1531 1326 1574 1353 ut
1594 1316 1712 1354 modo
1730 1315 1861 1360 docui,
1890 1315 2032 1367 cogni-

633 1383 749 1422 tionis
770 1382 899 1435 regula
916 1392 954 1420 et
975 1382 1127 1434 judicio
1145 1383 1192 1421 ab
1211 1382 1344 1420 eadem
1361 1383 1428 1420 illa
1446 1381 1670 1427 constituto,
1700 1381 1779 1419 veri
1798 1394 1823 1419 a
1837 1380 1933 1419 falso
1949 1380 2029 1418 dis-

634 1449 769 1487 tinstio
790 1448 963 1486 traditur.

694 1515 786 1553 XX.
813 1513 944 1552 Restat
963 1513 1071 1552 locus
1089 1513 1182 1552 huic
1202 1512 1450 1566 disputationi
1469 1513 1528 1551 vel
1549 1513 1716 1551 maxime
1737 1512 1959 1551 neceffarius
1984 1513 2037 1551 de

632 1580 818 1624 micitia,
832 1592 965 1632 quarn,
981 1579 1006 1617 fi
1023 1579 1199 1632 voluptas
1214 1578 1413 1617 summum
1429 1578 1474 1616 fit
1489 1579 1652 1623 bonum,
1668 1579 1866 1617 affirmatis
1883 1578 2032 1617 nullam

635 1646 798 1685 omnino
814 1644 896 1683 fore
914 1660 924 1683 ε
956 1645 1001 1682 de
1021 1658 1096 1697 qua
1115 1645 1308 1697 Epicurus
1327 1644 1486 1697 quidem
1507 1645 1558 1682 ita
1577 1644 1672 1682 dicit
1687 1662 1699 1689 ς
1731 1644 1882 1682 omnium
1896 1658 2033 1689 rerum,

636 1726 724 1765 quas
751 1711 803 1750 ad
830 1711 929 1750 beate
957 1711 1151 1750 vivendum
1170 1711 1355 1764 sapientia
1387 1711 1668 1764 comparaverit,
1711 1710 1805 1748 nihil
1829 1709 1888 1763 qffe
1919 1711 2033 1762 majus

633 1778 806 1822 matt-itta,
836 1777 930 1815 nihil
943 1776 1097 1822 uberius,
1127 1777 1221 1815 nihil
1232 1776 1441 1828 jucundam.
1501 1777 1642 1828 Neque
1661 1789 1751 1814 vero
1770 1775 1843 1813 hoc
1863 1777 2036 1814 oratione

638 1843 775 1887 solum,
797 1843 858 1881 sed
878 1843 1005 1881 multo
1026 1843 1147 1895 magis
1167 1843 1257 1888 vita,
1288 1852 1326 1880 et
1345 1841 1468 1887 saetis,
1499 1852 1537 1880 et
1557 1842 1730 1880 moribus
1751 1842 2034 1894 comprobavit.

637 1909 757 1961 Qod
789 1921 907 1961 quam
940 1922 1127 1960 magnum
1156 1908 1213 1953 fit,
1244 1908 1340 1946 fietae
1373 1918 1547 1946 veterum
1579 1906 1718 1945 fabulae
1743 1906 1934 1945 declarant
1949 1925 1962 1953 ς
1993 1907 2035 1945 in

638 1975 780 2028 quibus
801 1984 880 2012 tam
901 1974 1035 2012 multis
1058 1983 1214 2025 tamque
1231 1974 1356 2018 variis,
1379 1974 1427 2011 ab
1447 1974 1584 2011 ultima
1603 1973 1831 2024 antiquitate
1850 1974 2033 2025 repetitis,

639 2042 703 2079 vix
734 2041 806 2078 tria
833 2040 1045 2078 amicorum
1078 2040 1179 2092 paria
1207 2039 1459 2092 reperiuntur,
1490 2048 1532 2076 ut
1562 2038 1607 2076 ad
1629 2038 1803 2076 Orestem
1826 2039 2033 2091 pervenias,

639 2105 831 2159 profeftus
852 2119 872 2142 a
892 2104 1057 2143 Theseo.
1103 2106 1157 2143 At
1177 2118 1265 2142 vero
1287 2105 1478 2157 Epicurus
1500 2117 1574 2142 una
1595 2104 1634 2141 in
1654 2103 1784 2147 domo,
1815 2113 1853 2141 et
1883 2117 1925 2142 ea
1944 2105 2035 2156 qui-

638 2173 728 2210 dem
762 2172 930 2224 angusta,
972 2185 1090 2223 quam
1124 2184 1298 2223 magnos,
1340 2179 1556 2222 quantaque
1586 2169 1727 2207 amoris
1758 2169 2035 2222 conspiratione

640 2237 917 2275 consentientes
950 2238 1071 2275 tenuit
1091 2237 1305 2275 amicorum
1326 2236 1484 2288 greges?
1516 2235 1632 2286 Qod
1655 2234 1697 2273 fit
1727 2235 1843 2273 etiam
1866 2249 1967 2274 nunc
1987 2235 2035 2273 ab

640 2304 855 2356 Epicureis.

696 2369 767 2408 Sed
786 2369 833 2407 ad
853 2382 933 2407 rem
955 2368 1172 2406 redeamus:
1209 2368 1254 2405 dc
1275 2368 1456 2405 omnibus
1477 2367 1553 2404 dici
1576 2380 1651 2404 non
1675 2365 1816 2405 necesse
1841 2366 1907 2404 est.
1940 2366 2034 2404 'rri-

641 2435 711 2472 bus
734 2434 851 2486 igitur
871 2434 995 2473 modis
1011 2434 1120 2471 video
1139 2432 1209 2471 esse
1223 2446 1243 2470 a
1261 2433 1392 2470 nostris
1413 2433 1458 2470 dc
1476 2433 1644 2470 amicitia
1665 2431 1914 2485 disputatum.
1938 2431 2034 2475 Alii,

641 2514 732 2537 curn
767 2514 826 2538 cas
858 2500 1086 2553 voluptates,
1119 2513 1202 2551 qua:
1233 2499 1277 2536 ad
1310 2499 1454 2536 :unicos
1490 2499 1735 2550 pertinerent,
1757 2506 1934 2550 negarent
1963 2495 2036 2534 effe

642 2579 708 2618 per
724 2565 759 2605 se
781 2566 873 2619 ipsas
895 2576 972 2605 tarn
992 2565 1232 2619 expetendas,
1249 2579 1367 2618 quam
1386 2564 1525 2603 nostras
1540 2574 1819 2617 expeteremus,
1839 2565 1937 2616 (quo
1949 2562 2037 2601 loco
