2330 2983
678 273 955 314 LIBER
1011 271 1513 312 SECUNDUS.
1722 285 1804 326 437

406 389 498 415 cum
523 389 544 413 e
575 372 796 428 praefefitura
815 374 978 413 Reatina
1003 374 1174 412 Romam
1203 372 1373 411 venienti
1402 373 1519 411 nodiu
1545 371 1622 410 duo
1643 373 1804 425 juvenes

406 454 498 479 cum
518 440 626 492 equis
657 439 753 477 albis
774 437 963 483 dixiffent,
994 439 1145 490 Regem
1166 437 1300 476 Persen
1323 437 1392 476 illo
1412 438 1473 476 die
1492 446 1664 491 captum,
1696 438 1803 477 sena-

406 507 465 545 tui
482 505 688 549 nuntiavit,
719 514 758 542 et
776 504 919 557 primo,
950 503 1055 555 quafi
1081 512 1225 542 temere
1257 503 1304 540 de
1335 503 1532 556 republica
1565 504 1732 549 locutus,
1763 505 1805 542 in

405 582 596 609 carcerem
615 569 810 621 conjectus
829 568 901 613 est,
924 567 1022 621 post,
1038 581 1059 606 a
1074 567 1195 606 Paulo
1214 567 1334 605 literis
1351 567 1488 612 allatis,
1501 581 1594 606 cum
1609 569 1713 606 idem
1725 569 1804 607 dies

406 634 642 680 constitisset,
677 642 716 672 et
743 647 833 686 agro
862 647 883 671 a
912 633 1057 678 senatu,
1087 641 1126 671 et
1151 632 1346 670 vacatione
1366 632 1528 670 donatus
1558 632 1625 671 est.
1672 636 1806 685 Atque

406 702 523 740 etiam
541 714 634 740 cum
654 700 702 738 ad
720 699 886 739 fluvium
907 701 1061 752 Sagram
1082 698 1324 738 Crotoniatas
1345 697 1462 738 Locri
1482 698 1656 736 maximo
1675 700 1810 751 praelio

406 766 638 811 deviciffent,
668 779 714 804 eo
732 766 813 819 ipso
838 766 900 804 die
929 764 1100 804 auditam
1125 764 1197 803 effe
1215 777 1302 803 eam
1330 777 1503 818 pugnam
1534 763 1636 803 ludis
1659 765 1806 816 Olym-

408 833 494 885 piae,
530 832 727 871 memoriae
760 832 959 884 proditum
978 830 1045 871 est.
1089 832 1192 884 Saepe
1220 832 1445 870 Faunorum
1465 844 1577 869 voces
1606 831 1808 877 exauditae,

409 897 504 951 saepe
522 898 607 936 visae
635 896 770 936 formae
789 898 980 942 Deorum,
1007 896 1200 949 quemvis,
1231 910 1311 935 non
1341 905 1407 936 aut
1432 895 1613 935 hebetem
1642 905 1707 935 aut
1726 897 1807 934 im-

407 963 533 1016 pium,
555 964 660 1002 Deos
679 961 876 1015 praesentes
897 962 969 1001 effe
987 961 1163 1001 confiteri
1183 971 1406 1015 coegerunt.

463 1029 538 1067 111.
570 1028 838 1067 Praediffiones
859 1041 962 1073 vero,
982 1037 1022 1066 et
1041 1027 1302 1080 praesenfiones
1322 1040 1452 1065 rerum
1471 1026 1692 1065 futurarum
1712 1026 1810 1079 quid

408 1093 512 1132 aliud
531 1093 735 1138 declarant,
753 1094 822 1132 uifi
841 1093 1070 1132 hominibus
1090 1106 1146 1138 ea,
1174 1107 1259 1145 quae
1279 1092 1366 1137 fint,
1396 1092 1557 1138 ostendi,
1591 1092 1810 1138 monstrari,

406 1159 596 1212 portendi,
617 1158 773 1213 praedici
792 1158 804 1195 ?
837 1159 899 1196 Ex
921 1170 1000 1210 quo
1020 1157 1086 1195 illa
1103 1157 1262 1202 ostenta,
1292 1157 1474 1202 monstra,
1504 1166 1695 1210 portenta,
1716 1170 1809 1210 pro-

408 1225 512 1278 digia
530 1225 727 1264 dicuntur.
774 1223 894 1276 Qod
919 1223 946 1262 fi
977 1237 1019 1262 ea
1047 1223 1134 1262 fieta
1163 1223 1356 1262 credimus
1386 1223 1544 1262 licentia
1572 1221 1811 1269 fabularum,

408 1289 612 1342 Mopsum,
632 1289 836 1334 Tiresiam,
857 1287 1155 1341 Amphiaraum,
1181 1287 1451 1334 Calchantem,
1473 1288 1689 1333 Helenum,
1710 1300 1812 1340 quos

410 1364 540 1394 tamen
559 1368 718 1407 augures
746 1368 794 1394 ne
826 1354 912 1408 ipsae
933 1354 1092 1407 quidem
1112 1353 1251 1392 fabulae
1276 1353 1500 1399 ascivissent,
1521 1354 1548 1392 s1
1569 1366 1626 1393 res
1648 1354 1812 1392 omnino

411 1421 653 1474 repudiarent
667 1439 680 1466 3
712 1434 759 1459 ne
778 1420 994 1459 domesticis
1025 1419 1186 1473 quidem
1205 1419 1391 1472 exemplis
1412 1420 1514 1458 docti
1534 1433 1679 1458 numen
1700 1420 1811 1459 Deo-

412 1500 501 1526 rum
521 1488 893 1540 comprobabimus?
924 1486 1041 1526 Nihil
1071 1499 1140 1525 nos
1162 1488 1206 1525 P.
1230 1486 1400 1531 Claudii,
1434 1486 1538 1525 bello
1560 1487 1708 1524 Punico
1727 1487 1809 1539 pri-

410 1566 494 1598 mo,
535 1553 728 1591 temeritas
761 1553 949 1596 movebit,
980 1553 1050 1603 qui
1077 1552 1194 1589 etiam
1225 1565 1292 1603 per
1319 1553 1458 1602 jocum
1495 1552 1599 1590 Deos
1632 1552 1811 1597 irridens,

409 1616 503 1656 cum
523 1617 635 1656 caveai⁴
664 1617 814 1655 liberati
843 1616 942 1670 pulli
971 1629 1049 1654 non
1074 1615 1327 1668 pascerentur,
1359 1617 1484 1669 mergi
1512 1630 1575 1655 eos
1604 1617 1645 1655 in
1671 1630 1811 1670 aquam

405 1682 539 1735 juffit;
570 1691 613 1721 ut
631 1681 805 1727 biberent,
836 1680 998 1735 quoniam
1017 1679 1076 1734 ff
1095 1681 1238 1720 nollent.
1270 1682 1353 1732 Qi
1383 1681 1491 1727 risus,
1522 1681 1631 1720 claffe
1650 1681 1812 1727 devicta,

409 1748 553 1787 multas
575 1748 645 1801 ipfi
675 1748 875 1799 lacrymas,
897 1759 1079 1799 magnam
1099 1746 1244 1799 populo
1265 1747 1444 1785 Romano
1468 1747 1633 1792 cladem,
1662 1747 1808 1786 attulit.

411 1813 521 1865 Qid
538 1813 550 1849 ?
581 1812 731 1864 collega
749 1813 830 1864 ejus
851 1811 1006 1863 Junius,
1028 1810 1164 1849 eodem
1186 1810 1304 1856 bello,
1325 1824 1453 1849 nonne
1473 1812 1695 1864 tempestate
1714 1811 1811 1850 clas-

411 1879 492 1917 sem
510 1878 650 1923 amifit,
679 1891 772 1916 cum
803 1877 979 1930 auspiciis
1005 1890 1083 1916 non
1113 1875 1322 1930 paruisset?
1355 1878 1488 1930 Itaque
1508 1879 1553 1916 P.
1576 1878 1761 1917 Claudius
1791 1892 1813 1917 a

413 1944 561 1998 populo
580 1945 857 1984 condemnatus
877 1944 957 1990 est5
988 1944 1129 1995 Junius
1159 1956 1295 1982 necem
1314 1944 1384 1982 fibi
1415 1944 1492 1997 ipse
1522 1945 1721 1983 conscivit.
1759 1947 1809 1984 C.

411 2011 654 2050 Flaminium
674 2011 831 2055 Caelius,
851 2011 1036 2063 religione
1055 2010 1240 2063 negleita‚
1273 2009 1445 2048 cecidiffe
1464 2011 1566 2063 apud
1586 2010 1810 2050 Thrafime-

412 2091 510 2116 num
530 2077 661 2116 scribit
679 2090 773 2116 curn
792 2090 935 2130 magno
954 2076 1175 2130 reipublicae
1194 2077 1363 2116 vulnere.
1410 2077 1590 2129 Qorum
1610 2078 1729 2116 exitio
1747 2079 1810 2116 in-

413 2142 536 2194 telligi
569 2141 704 2194 potest,
735 2155 870 2180 eorum
898 2141 1071 2194 imperiis
1100 2141 1383 2194 rempublicam
1414 2142 1704 2195 amplificatam,
1741 2143 1811 2194 qui

415 2207 662 2259 religionibus
682 2206 899 2259 paruissent.
942 2208 1008 2252 Et,
1039 2207 1066 2245 fi
1085 2206 1257 2245 conferre
1277 2207 1455 2246 volumus
1477 2208 1600 2246 nostra
1619 2222 1711 2246 cum
1740 2222 1810 2245 ex-

415 2273 545 2317 ternis,
567 2272 709 2310 caeteris
731 2272 843 2310 rebus
862 2281 928 2310 aut
947 2285 1066 2324 pares,
1097 2281 1162 2310 aut
1181 2272 1297 2310 etiam
1318 2272 1530 2319 inferiores,
1553 2273 1783 2326 reperiemur
1796 2292 1809 2318 3

414 2338 614 2390 religione,
636 2337 676 2375 id
695 2337 761 2382 est,
783 2337 892 2376 cultu
914 2338 1104 2383 Deorum,
1126 2338 1253 2376 multo
1273 2338 1493 2392 superiores.

472 2405 535 2442 An
559 2403 661 2442 Attii
681 2403 799 2442 Navii
819 2403 938 2442 lituus
959 2404 1038 2449 ille,
1069 2418 1148 2457 quo
1167 2405 1213 2442 ad
1232 2405 1535 2457 investigandum
1558 2403 1662 2441 suem
1683 2403 1809 2456 regio-

417 2483 481 2508 nes
513 2470 630 2508 vineae
662 2471 896 2516 terminavit,
929 2471 1234 2509 contemnendus
1268 2471 1349 2508 est?
1383 2471 1603 2514 Crederem,
1630 2470 1700 2508 nisi
1729 2470 1811 2521 ejus

416 2536 576 2588 augurio
597 2549 660 2574 rex
675 2535 864 2574 Hostilius
882 2537 1052 2575 maxima
1071 2536 1172 2574 bella
1190 2536 1360 2589 geffifl‘et.
1385 2536 1469 2580 Sed,
1487 2536 1718 2588 negligentia
1739 2549 1810 2573 no-

419 2603 593 2648 bilitatis,
615 2602 762 2656 augurii
782 2602 982 2656 disciplina
999 2601 1145 2647 omissa,
1177 2603 1311 2641 veritas
1328 2602 1583 2654 auspiciorum
1604 2601 1723 2655 spreta
1743 2601 1811 2646 est,
