2330 2983
642 229 920 269 LIBER
977 227 1412 280 QUINTUS.
1653 244 1726 284 199

382 330 447 370 Ad
467 343 551 383 quae
571 342 655 382 ego,
685 329 764 367 Scis
785 342 862 374 me,
884 331 1059 382 inquam,
1094 330 1194 369 istud
1213 331 1318 369 idem
1339 330 1489 377 sentire,
1521 331 1607 370 Piso
1625 347 1634 370 t
1667 332 1728 371 sed

326 409 348 434 a
377 405 414 434 te
433 404 647 449 opportune
667 395 815 433 mentio
835 394 931 433 fae‘ca
951 395 1017 433 est.
1077 396 1211 434 Studet
1241 397 1346 434 enim
1368 410 1475 435 meus
1497 398 1625 436 audire
1655 399 1728 437 Ci-

325 475 426 506 cero,
457 474 633 514 quaenam
664 461 708 498 fit
728 460 833 498 istius
864 460 1014 505 veteris,
1045 474 1162 512 quam
1183 475 1478 507 commemoras,
1508 464 1729 502 Academiae

325 526 372 565 de
391 526 533 564 finibus
551 526 756 571 bonorum,
772 526 1192 578 Peripateticorumque
1208 525 1405 564 sententia.
1425 528 1636 567 Censemus
1656 542 1726 567 au-

325 600 404 630 tern
434 600 471 630 te
497 590 683 629 facillime
703 591 743 628 id
777 591 977 644 explanare
1010 590 1125 644 poffe,
1157 591 1263 643 quod
1293 601 1332 630 et
1352 592 1516 630 Staseam
1538 594 1727 646 Neapoli-

326 667 460 697 tanum
482 658 627 696 multos
646 671 763 696 annos
783 657 961 696 habueris
982 657 1082 711 apud
1112 667 1163 703 te,
1193 667 1232 696 et
1258 659 1475 711 complures
1499 660 1582 712 jam
1614 674 1727 698 men-

325 724 378 763 ses
399 723 565 763 Athenis
585 723 667 762 haec
686 723 764 776 ipsa
793 733 830 762 te
849 737 895 762 ex
916 723 1115 762 Antiocho
1134 724 1309 762 videmus
1329 726 1542 777 exquirere.
1589 726 1641 763 Et
1661 726 1728 763 ille

325 790 466 836 ridens,
497 792 596 843 Age,
633 803 714 842 age,
750 790 906 842 inquit:
938 790 1024 827 satis
1058 790 1164 827 enim
1185 789 1276 828 scite
1306 804 1368 828 me
1400 791 1517 829 nostri.
1543 791 1726 830 sermonis

326 856 567 908 principium
587 855 658 893 effe
674 855 826 893 voluisti
844 870 853 894 ε
876 869 1114 908 exponamus
1130 855 1372 901 adolescenti,
1391 857 1416 894 fi
1433 870 1508 908 qua
1525 856 1622 895 forte
1637 857 1727 910 pos-

326 921 470 959 sumus.
517 922 596 959 Dat
616 921 722 959 enim
746 921 786 958 id
816 921 929 959 nobis
949 920 1128 965 solitudo,
1151 922 1255 973 quod
1275 921 1301 959 fi
1328 922 1415 974 quis
1438 923 1545 960 Deus
1567 923 1724 967 diceret,

324 1000 527 1039 nunquam
564 995 754 1039 putarem,
790 1000 854 1024 me
887 987 927 1024 in
962 987 1186 1032 Academia,
1219 997 1400 1039 tanquam
1432 987 1725 1040 philosophum,

323 1053 621 1105 disputaturum.
669 1052 740 1090 Sed
761 1065 821 1097 ne,
854 1053 949 1090 dum
969 1051 1061 1090 huic
1081 1053 1282 1105 obsequor,
1309 1053 1418 1091 vobis
1439 1054 1620 1091 molestus
1641 1054 1725 1092 fim.

323 1118 447 1164 Mihi,
469 1119 644 1170 inquam,
666 1119 733 1171 qui
755 1127 791 1156 te
810 1118 850 1155 id
870 1118 996 1170 ipsum
1018 1119 1175 1171 rogavi?
1207 1121 1330 1164 Tum,
1353 1119 1526 1171 Qintus
1546 1129 1584 1157 et
1605 1121 1726 1158 Pom-

323 1185 462 1238 ponius
483 1199 574 1223 cum
595 1184 700 1222 idem
721 1184 756 1222 se
776 1184 873 1222 velle
894 1184 1085 1229 dixissent,
1107 1184 1193 1223 Piso
1212 1185 1364 1223 exorsus
1385 1186 1450 1224 est.
1498 1187 1620 1238 Cujus
1641 1199 1726 1224 ora-

322 1251 392 1295 tio,
414 1250 566 1288 attende
581 1249 720 1303 quaes0,
737 1251 869 1294 Brute,
891 1249 1023 1287 satisne
1043 1250 1215 1288 videatur
1227 1250 1417 1288 Antiochi
1433 1251 1636 1304 complexa
1655 1251 1727 1288 effe

325 1315 550 1354 sententiam
566 1335 578 1361 ;
611 1329 727 1367 quam
750 1316 836 1360 tibi,
855 1317 924 1367 qui
944 1315 1100 1353 fratrem
1120 1317 1201 1368 ejus
1223 1316 1395 1354 Aristum
1416 1316 1637 1369 frequenter
1656 1331 1726 1355 au-

325 1382 453 1427 dieris,
475 1382 644 1420 maxime
664 1381 862 1434 probatam
883 1381 1072 1420 existimo.

380 1448 451 1486 IV.
485 1447 545 1485 Sic
577 1446 629 1485 est
660 1447 778 1499 igitur
797 1448 964 1485 locutus„
1012 1448 1191 1499 Qantus
1212 1456 1366 1486 ornatus
1387 1449 1426 1486 in
1449 1449 1725 1501 Peripatetico-

327 1528 414 1553 rum
434 1513 632 1566 disciplina
651 1514 708 1558 fit,
730 1513 815 1551 satis
835 1513 887 1551 est
906 1527 925 1551 a
946 1527 1022 1558 me,
1046 1524 1088 1551 ut
1109 1513 1323 1552 breviffime
1346 1515 1471 1567 potui,
1493 1516 1609 1567 paulo
1639 1525 1726 1555 ante

325 1581 486 1618 dictum.
525 1579 595 1617 Sed
615 1578 667 1616 est
686 1578 811 1617 forma
830 1580 860 1631 ej
869 1592 909 1616 us
930 1579 1153 1632 disciplinae,
1182 1580 1278 1618 ficut
1297 1579 1376 1618 fere
1394 1590 1631 1627 caeterarum,
1654 1582 1726 1620 tri-

323 1646 427 1699 plex.
460 1646 547 1682 Una
565 1657 648 1696 pars
669 1644 720 1681 est
741 1653 882 1682 naturae
898 1663 909 1689 ς
933 1644 1132 1683 differendi
1153 1645 1266 1683 altera
1278 1664 1290 1691 3
1319 1646 1472 1684 vivendi
1493 1647 1615 1685 tertia.
1638 1647 1725 1686 Na-

322 1720 406 1748 tura
436 1710 485 1748 fic
518 1710 565 1748 ab
596 1710 643 1747 iis
674 1710 895 1763 investigata
917 1710 983 1755 est,
1016 1721 1058 1748 ut
1089 1711 1194 1749 nulla
1215 1725 1298 1763 pars
1319 1712 1426 1756 caelo,
1463 1714 1574 1758 mari,
1610 1722 1723 1759 terra,

323 1776 385 1828 (ut
405 1776 553 1829 poetice
583 1775 736 1828 loquar)
770 1776 1011 1829 praetermiffa
1042 1776 1099 1814 fit.
1148 1777 1256 1827 Qin
1289 1778 1420 1822 etiam,
1457 1792 1549 1816 cum
1584 1779 1631 1816 de
1662 1793 1723 1817 re-

321 1856 411 1880 rum
439 1843 558 1880 initiis
589 1843 776 1895 omnique
797 1843 945 1880 mundo
979 1842 1099 1888 locuti
1129 1843 1258 1888 ess‘cnt,
1291 1853 1334 1882 ut
1354 1844 1477 1882 multa
1506 1859 1583 1883 non
1605 1845 1726 1884 modo

279 1918 283 1919 ⁷
320 1907 512 1960 probabili
532 1908 877 1959 argumentatione,
909 1908 971 1946 sed
990 1909 1107 1946 etiam
1129 1908 1326 1947 necessaria
1356 1908 1723 1950 mathematicorum

321 1973 466 2011 ratione
486 1973 782 2017 concluderent3
806 1974 1016 2011 maximam
1035 1974 1233 2012 materiam
1253 1987 1301 2012 ex
1321 1974 1434 2012 rebus
1454 1989 1520 2028 per
1541 1975 1576 2013 se
1596 1975 1723 2014 inves-

320 2039 448 2092 tigatis
470 2039 514 2077 ad
536 2052 662 2077 rerum
682 2039 922 2077 occultarum
942 2040 1207 2092 cognitionem
1228 2040 1453 2079 attulerunt.

375 2103 594 2143 Persecutus
620 2105 670 2142 est
691 2105 914 2142 Aristoteles
934 2106 1191 2143 animantium
1218 2107 1399 2145 omnium
1428 2116 1549 2151 ortus,
1580 2107 1718 2152 victus,

320 2170 474 2223 figuras.
504 2169 792 2222 Theophrastus
814 2181 942 2209 autem
963 2171 1139 2224 stirpium
1156 2180 1320 2217 naturas,
1351 2174 1610 2225 omniumque
1643 2172 1722 2211 fere

321 2250 463 2281 rerum,
495 2251 578 2289 quae
598 2250 617 2273 e
640 2246 734 2274 terra
763 2237 1025 2289 gignerentur,
1056 2238 1181 2276 causas
1208 2247 1322 2291 atque
1342 2241 1518 2277 rationes.
1566 2242 1655 2290 Qa
1673 2253 1721 2277 ex

321 2304 543 2354 cognitione
563 2301 711 2341 facilior
731 2302 827 2341 fasta
846 2304 897 2341 est
929 2305 1166 2357 investigatio
1186 2319 1315 2343 rerum
1345 2305 1688 2344 occultiffimarum
1706 2319 1717 2343 ;

321 2367 597 2419 differendique
631 2369 677 2405 ab
714 2369 846 2407 iisdem
880 2383 954 2407 non
991 2370 1186 2408 dialed‘rice
1221 2371 1360 2416 solum,
1393 2372 1454 2409 sed
1488 2371 1605 2408 etiam
1632 2384 1718 2408 ora-

321 2434 431 2478 torie,
454 2443 637 2485 praccepta
656 2434 740 2473 sunt
761 2436 918 2480 tradita;
951 2437 998 2474 ab
1022 2436 1302 2488 Aristoteleque
1317 2438 1490 2489 principe
1510 2437 1557 2474 de
1587 2436 1718 2488 fingu-

322 2500 370 2537 lis
404 2500 514 2537 rebus
548 2499 587 2536 in
617 2510 819 2552 utramque
852 2511 1002 2554 partem
1033 2502 1185 2540 dicendi
1209 2503 1430 2540 exercitatio
1461 2502 1512 2540 est
1531 2502 1717 2547 instituta,

323 2574 365 2602 ut
386 2579 461 2604 non
483 2575 614 2604 contra
647 2566 778 2605 omnia
801 2566 961 2620 semper,
995 2567 1089 2606 ficut
1110 2567 1307 2614 Arcesilas,
1338 2568 1494 2615 diceret,
1525 2578 1563 2607 et
1589 2577 1718 2606 tamen
