2330 2983
746 219 1342 259 LUCULLUS.
1695 231 1739 269 51

401 317 595 357 XXXIX.
632 317 773 356 Latent
791 316 858 355 ista
874 317 1020 361 onmia,
1041 316 1219 361 Luculle,
1252 315 1374 354 craflis
1394 314 1584 353 occultata
1609 322 1647 351 et
1665 314 1742 351 cir-

343 382 523 422 cumfusa
550 382 731 427 tenebris,
759 391 803 419 ut
821 381 928 420 nulla
947 382 1044 419 acies
1079 380 1241 419 humani
1260 380 1406 433 ingenii
1439 389 1541 418 tanta
1560 379 1618 423 fit,
1658 392 1742 430 quae

345 457 538 501 penetrare
557 447 597 485 ln
628 447 781 491 caelum,
814 456 951 485 terram
979 447 1132 491 intrare,
1153 446 1279 498 poffit.
1330 447 1502 497 Corpora
1522 444 1645 482 nostra
1664 457 1742 481 non

344 513 524 552 novimus
540 526 550 550 :
570 512 639 564 qui
658 512 731 550 sint
750 512 839 550 fitus
858 511 1026 564 partium
1042 530 1054 556 3
1077 525 1195 564 quam
1215 511 1296 548 vim
1316 524 1477 563 quaeque
1493 523 1575 562 pars
1592 508 1740 554 habeat,

343 581 580 632 ignoramuS.
599 579 734 631 Itaque
749 578 890 616 medici
906 578 987 630 ipfi,
1004 591 1172 630 quorum
1193 578 1371 615 intererat
1390 590 1432 614 ea
1452 575 1565 620 noffe,
1583 589 1740 628 aperue-

345 654 449 690 runt,
471 654 514 684 ut
529 645 760 682 viderentur.
784 644 870 683 Nec
886 657 931 682 eo
948 653 1077 682 tamen
1096 644 1204 681 aiunt
1219 642 1395 696 empirici
1409 642 1558 679 notiora
1569 641 1638 678 effe
1655 641 1739 684 illa;

343 712 435 764 quia
454 711 567 764 poffit
586 709 683 756 fieri,
700 720 743 748 ut
763 710 949 764 patefacta
966 720 1005 748 et
1024 710 1168 748 detecta
1186 718 1399 747 mutentur.
1432 707 1503 746 Sed
1519 707 1657 759 ecquid
1674 719 1742 744 nos

342 777 479 816 eodem
501 777 618 816 modo
638 790 765 815 rerum
786 785 934 815 naturas
950 776 1152 829 persecare,
1168 776 1326 829 aperire,
1343 774 1511 813 dividere
1531 772 1740 826 possumus,

345 852 389 882 ut
407 844 618 888 videamus,
638 851 734 881 terra
749 843 947 896 penitusne
963 842 1086 880 defixa
1105 842 1150 880 sit
1169 850 1207 879 et
1227 841 1328 893 quasi
1355 840 1546 878 radicibus
1566 839 1641 877 suis
1659 837 1740 876 hae-

343 918 434 954 reat,
456 922 502 947 an
523 908 650 947 media
667 908 829 960 pendeat
845 908 859 944 ?

399 974 581 1013 Habitari
601 974 653 1011 ait
678 971 936 1026 Xenophanes
955 974 996 1010 in
1023 973 1128 1017 luna,
1155 985 1318 1024 eamque
1345 970 1418 1009 esse
1437 980 1576 1009 terram
1596 969 1739 1008 multa-

345 1054 432 1079 rum
453 1040 625 1085 urbium,
647 1047 685 1077 et
705 1039 916 1077 montium.
953 1040 1135 1077 Portenta
1151 1038 1354 1076 videntur:
1385 1035 1447 1074 sed
1467 1045 1595 1074 tamen
1617 1047 1742 1087 neque

344 1107 424 1152 ille,
452 1107 522 1159 qui
541 1106 654 1151 dixit,
669 1106 795 1158 jurare
815 1105 934 1159 poffet
950 1105 1002 1143 ita
1020 1105 1055 1143 se
1075 1118 1156 1143 rem
1176 1103 1328 1148 habere,
1350 1116 1474 1155 neque
1494 1116 1578 1155 ego.
1624 1102 1741 1140 Non-

345 1185 394 1210 ne
427 1173 542 1210 etiam
573 1172 717 1216 dicitis,
749 1171 821 1209 effe
853 1185 875 1209 e
904 1171 1056 1224 regione
1076 1171 1202 1215 nobis,
1232 1184 1254 1207 e
1281 1169 1469 1208 contraria
1488 1177 1593 1221 parte
1622 1177 1740 1212 terrae,

344 1239 415 1291 qui
447 1238 603 1276 adverfis
638 1237 803 1290 vestigiis
823 1237 920 1275 stent
950 1246 1083 1275 contra
1110 1236 1232 1274 nostra
1251 1236 1419 1288 vestigia,
1454 1248 1551 1287 quos
1572 1235 1740 1286 Antipo-

345 1304 410 1342 das
431 1304 600 1342 vocatis?
647 1304 728 1341 Cur
747 1301 847 1340 mihi
867 1303 989 1354 magis
1009 1301 1248 1345 succensetis,
1279 1301 1349 1352 qui
1369 1300 1435 1337 ista
1454 1313 1531 1337 non
1553 1299 1741 1351 aspernor,

345 1383 466 1421 quam
486 1371 554 1413 eis,
575 1369 657 1420 qui,
688 1382 782 1406 cum
801 1368 977 1412 audiunt,
1007 1368 1172 1420 desipere
1191 1380 1257 1404 vos
1277 1367 1507 1404 arbitrantur
1525 1366 1537 1401 ?
1583 1365 1743 1402 Hicetas

348 1435 576 1486 Syracufiu5‚
610 1442 653 1472 ut
672 1435 724 1471 ait
743 1432 1045 1486 Theophrastus,
1077 1433 1229 1477 caelum,
1262 1431 1395 1476 solem,
1427 1431 1574 1475 lunam,
1603 1430 1742 1476 stellas,

348 1500 479 1552 supera
498 1498 664 1550 denique
682 1499 826 1543 omnia,
857 1498 949 1536 stare
977 1497 1126 1541 censet3
1163 1510 1300 1549 neque,
1322 1505 1455 1549 praeter
1476 1504 1630 1540 terram,
1661 1509 1743 1536 rem

348 1565 470 1603 ullam
489 1564 530 1601 in
551 1563 698 1601 mundo
717 1563 862 1601 moveri
881 1577 890 1600 ι
923 1577 1007 1615 quae
1027 1576 1118 1600 cum
1137 1563 1288 1600 circum
1313 1574 1424 1599 axem
1444 1560 1479 1598 se
1500 1560 1650 1598 summa
1678 1574 1743 1599 ce-

348 1630 494 1668 leritate
529 1636 724 1666 convertat
742 1637 780 1666 et
811 1637 999 1680 torqueat,
1030 1628 1162 1666 eadem
1187 1627 1290 1665 effici
1321 1627 1465 1672 omnia,
1502 1626 1606 1678 quafi
1626 1626 1745 1664 stante

347 1703 444 1732 terra
461 1693 600 1732 caelum
630 1703 860 1734 moveretur.
917 1695 1050 1745 Atque
1069 1692 1145 1731 hoc
1164 1693 1280 1730 etiam
1302 1692 1503 1730 Platonem
1530 1692 1570 1728 in
1591 1691 1745 1729 Timaeo

346 1761 472 1799 dicere
491 1760 650 1813 quidam
669 1760 911 1805 arbitrantur,
943 1759 1003 1797 sed
1033 1759 1148 1812 paulo
1174 1758 1384 1797 obscurius.
1432 1757 1541 1809 Qid
1561 1766 1617 1802 tu,
1645 1757 1744 1810 Epi—-

345 1840 438 1865 cure
456 1827 470 1863 ?
499 1827 668 1879 loquere.
706 1827 821 1864 Putas
842 1825 960 1864 solem
978 1825 1047 1864 effe
1068 1825 1262 1863 tantulum
1279 1825 1291 1861 ?
1324 1824 1485 1876 Egone?
1515 1836 1562 1860 ne
1580 1822 1638 1861 bis
1654 1823 1745 1874 qui·

347 1893 439 1931 dem
457 1902 622 1931 tantum.
656 1892 728 1930 Sed
744 1901 781 1930 et
800 1906 866 1930 vos
887 1892 932 1930 ab
952 1892 1020 1930 illo
1040 1892 1277 1935 irridemini3
1301 1900 1339 1928 et
1359 1890 1427 1943 ipsi
1448 1889 1563 1927 illum
1581 1888 1746 1926 viciffim

347 1959 519 1997 eluditis.
550 1959 670 1996 Liber
688 1958 807 2010 igitur
824 1971 843 1995 a
864 1958 929 1995 tali
951 1958 1118 1996 irrisione
1137 1959 1320 2001 Socrates,
1342 1956 1440 1994 liber
1457 1954 1584 1993 Aristo
1605 1953 1744 1998 Chius,

348 2025 417 2077 qui
438 2023 537 2063 nihil
558 2024 716 2062 istorum
738 2024 821 2062 sciri
842 2033 952 2077 putat
972 2024 1086 2077 posse.

407 2091 477 2128 Sed
498 2091 608 2128 redeo
628 2090 674 2128 ad
693 2091 869 2128 animum
888 2100 925 2128 et
944 2104 1098 2142 corpus.
1149 2089 1291 2127 Satisne
1311 2088 1464 2126 tandem
1485 2100 1527 2125 ea
1545 2096 1635 2125 nota
1660 2086 1746 2124 sunt

351 2157 476 2201 nobis,
499 2171 582 2208 quae
602 2170 807 2194 nervorum
827 2165 959 2194 natura
976 2157 1034 2201 sit,
1057 2170 1140 2208 qua:
1155 2155 1366 2193 venarum?
1391 2152 1637 2192 Tenemusne
1653 2152 1747 2204 quid

350 2223 500 2259 animus
522 2222 565 2259 fit
584 2222 596 2258 ?
625 2221 692 2259 ubi
713 2222 784 2259 fit?
807 2222 985 2274 denique,
1008 2222 1115 2266 sitne,
1137 2235 1197 2265 an,
1227 2230 1269 2258 ut
1290 2218 1516 2258 Dicaearcho
1535 2217 1658 2255 visum
1680 2217 1745 2261 est,

353 2300 399 2324 ne
415 2288 458 2326 fit
473 2287 631 2339 quidem
647 2288 772 2325 ullus?
796 2288 833 2325 Si
846 2288 920 2325 est:
941 2287 1060 2325 tresne
1072 2297 1195 2340 partes
1211 2285 1414 2330 habeat,ut
1424 2285 1572 2323 Platoni
1587 2283 1745 2335 placuit,

353 2353 522 2396 rationis,
537 2353 612 2397 irae,
626 2353 867 2405 cupiditati83
882 2366 928 2390 an
938 2352 1103 2406 'simplex
1118 2352 1289 2403 unusque
1297 2351 1363 2388 fit?
1380 2351 1417 2388 Si
1431 2349 1604 2402 simplex,
1615 2357 1747 2384 utrum

353 2417 397 2455 fit
410 2417 523 2469 igni8‚
539 2431 585 2456 an
601 2419 741 2462 anima,
758 2432 804 2456 an
822 2418 970 2470 sanguis
986 2419 998 2455 ?
1016 2432 1077 2463 an,
1096 2427 1138 2455 ut
1153 2418 1400 2460 Xenocrates,
1419 2427 1526 2453 mens
1537 2413 1648 2451 nullo
1659 2425 1748 2450 cor-

352 2483 473 2534 pore?
494 2482 599 2534 quod
618 2483 796 2536 intelligi,
818 2484 929 2536 quale
946 2484 1004 2529 sit,
1018 2484 1082 2522 vix
1098 2481 1232 2536 potest.
1263 2483 1329 2526 Et,
1351 2479 1541 2532 quidquid
1557 2479 1622 2523 est,
1641 2490 1747 2515 mor-

355 2547 429 2585 tale
449 2547 507 2593 fit,
524 2561 570 2586 an
592 2549 800 2587 aeternurn?
836 2549 942 2588 Nam
962 2560 1166 2601 utramque
1186 2548 1225 2585 in
1247 2556 1392 2600 partem
1409 2545 1534 2583 multa
1552 2544 1746 2582 dicuntur.

1354 2612 1393 2650 G
1426 2623 1447 2649 2
