2330 2983
529 275 805 315 LIBER
863 276 1362 315 SECUNDUS.
1576 291 1648 330 139

242 377 294 416 ad
314 373 554 430 voluptatem
574 377 825 429 doloremque
845 376 1030 422 referetis,
1061 377 1236 415 efficietis
1257 391 1443 431 unquam.

303 445 432 495 Qare
447 443 552 481 aliud
572 443 735 495 aliquid,
757 444 971 494 Torquate,
992 442 1165 481 hominis
1193 443 1391 482 summum
1419 445 1567 482 bonum
1588 458 1646 482 rc—

244 509 474 563 periendum
493 509 560 547 est.
597 508 851 561 Voluptatem
883 508 1008 546 bestiis
1029 508 1284 547 concedamus
1299 527 1310 553 ;
1343 510 1484 561 quibus
1505 524 1570 548 vos
1602 511 1648 548 de

246 575 401 613 summo
421 574 524 613 bono
542 574 698 612 testibus
719 575 777 612 uti
796 573 936 612 soletis.
969 574 1091 626 Qid,
1117 574 1143 612 fi
1163 574 1281 612 etiam
1301 575 1426 613 bestiae
1446 575 1571 613 multa
1589 575 1648 613 fa-

245 641 370 686 ciunt,
392 641 490 679 duce
509 640 574 679 sua
593 654 752 693 quoeque
772 639 932 678 natura?
955 640 1098 693 partim
1117 640 1376 693 indulgenter,
1398 654 1491 679 cum
1511 641 1569 679 vel
1590 641 1647 678 la-

247 706 338 748 bore
353 725 364 752 3
409 715 452 745 ut
485 706 527 744 in
559 706 767 759 gignendo,
798 706 839 744 in
872 705 1084 751 educando,
1114 705 1295 759 perfacile
1328 716 1515 759 appareat,
1545 707 1649 744 aliud

245 772 433 824 quiddam
453 773 499 811 iis
519 772 771 825 propositum,
793 785 872 811 non
891 771 1131 826 voluptatem
1150 787 1158 810 :
1190 773 1332 825 partim
1352 772 1463 810 cursu
1483 782 1520 810 et
1539 786 1647 825 pere-

244 838 461 890 grinatione
493 838 671 876 laetantur
686 857 698 883 3
729 838 1024 891 congregatione
1049 838 1131 876 aliae
1153 847 1302 876 coetum
1333 838 1503 890 quodam
1532 838 1649 876 modo

246 903 412 942 civitatis
433 904 649 942 imitantur.
695 903 883 942 Videmus
904 904 944 941 in
964 904 1133 956 quodam
1153 904 1373 942 volucrium
1393 917 1528 957 genere
1548 918 1647 942 non—

247 970 354 1008 nulla
375 970 517 1008 indicia
535 970 702 1022 pietatis,
722 970 1002 1022 cognitionem,
1024 970 1254 1008 memoriam
1271 988 1282 1014 ;
1315 970 1355 1008 in
1376 970 1511 1008 multis
1531 971 1650 1008 etiam

247 1034 504 1088 disciplinam.
527 1036 633 1088 Ergo
647 1035 688 1073 in
709 1035 837 1074 bestiis
854 1044 966 1074 erunt
985 1035 1124 1073 secreta
1138 1049 1159 1073 a
1173 1035 1369 1088 voluptate
1387 1034 1649 1074 humanarum

246 1101 426 1154 quaedam
444 1100 644 1139 fimulacra
661 1101 851 1139 virtutum
863 1119 875 1146 3
907 1102 948 1138 in
968 1101 1056 1153 ipsis
1076 1100 1302 1139 hominibus
1323 1101 1457 1146 virtus,
1490 1101 1559 1139 nisi
1578 1115 1648 1140 vo-

245 1167 404 1220 luptatis
425 1166 547 1212 causa,
584 1167 691 1205 nulla
709 1168 809 1205 erit?
840 1177 878 1205 et
909 1166 1078 1212 homini,
1112 1168 1182 1220 qui
1213 1167 1358 1206 caeteris
1389 1168 1649 1206 animantibus

246 1232 464 1285 plurimum
485 1232 644 1286 praestat,
665 1234 849 1287 praecipui
869 1247 890 1271 a
909 1243 1042 1271 natura
1061 1231 1161 1271 nihil
1181 1233 1316 1272 datum
1336 1234 1407 1272 effe
1427 1233 1629 1272 dicemus?

301 1299 495 1338 XXXIV.
526 1300 612 1338 Nos
633 1313 736 1344 vero,
757 1299 783 1337 fi
804 1299 963 1351 quidem
983 1299 1025 1337 in
1055 1299 1251 1352 voluptate
1270 1300 1343 1337 sint
1362 1300 1507 1345 omnia,
1535 1299 1651 1352 longe

247 1364 500 1417 multumque
516 1364 738 1417 superamur
756 1378 778 1401 a
796 1364 923 1402 bestiis
936 1382 948 1408 ;
981 1364 1123 1416 quibus
1144 1364 1222 1416 ipsa
1241 1373 1336 1402 terra
1354 1363 1485 1402 fundit
1511 1378 1557 1403 ex
1577 1365 1651 1403 sese

247 1430 374 1483 pastus
393 1431 529 1475 varios,
551 1430 728 1482 varieque
748 1429 998 1474 abundantes,
1021 1428 1120 1467 nihil
1140 1429 1425 1468 laborantibus:
1449 1431 1560 1468 nobis
1580 1445 1650 1469 au·

250 1505 332 1534 tem
353 1505 418 1534 aut
436 1497 515 1542 vix,
537 1505 602 1534 aut
617 1509 665 1534 ne
683 1496 747 1534 vix
767 1496 940 1547 quidem,
958 1495 1164 1548 suppetunt
1184 1496 1311 1534 multo
1331 1496 1460 1534 labore
1475 1511 1650 1548 quaeren-

243 1563 363 1602 tibus.
387 1563 473 1602 Nec
486 1572 614 1600 tamen
633 1561 715 1599 ullo
736 1561 853 1600 modo
867 1561 1069 1600 summum
1084 1562 1241 1614 pecudis
1261 1561 1411 1600 bonum
1425 1572 1464 1600 et
1478 1561 1650 1602 hominis

249 1628 356 1667 idem
371 1627 471 1667 mihi
491 1627 608 1666 videri
627 1627 762 1680 potest.
785 1627 895 1679 Qid
912 1628 1017 1666 enim
1037 1637 1145 1666 tanto
1163 1641 1259 1681 opus
1277 1628 1329 1666 est
1344 1628 1597 1667 instrumento
1610 1630 1650 1667 in

248 1695 410 1746 optimis
422 1694 566 1732 artibus
579 1693 859 1746 comparandis,
873 1693 968 1746 quid
981 1702 1088 1732 tanto
1100 1694 1286 1733 concursu
1299 1693 1651 1734 honestissimorum

247 1759 474 1806 studiorum,
504 1769 610 1798 tanto
639 1760 827 1798 virtutum
847 1761 1051 1805 comitatu,
1072 1760 1099 1798 fi
1119 1773 1160 1798 ea
1179 1760 1328 1799 nullam
1345 1761 1390 1798 ad
1411 1761 1524 1799 aliam
1552 1775 1646 1807 rem,

248 1826 318 1864 nis1
339 1827 385 1865 ad
405 1827 659 1879 voluptatem,
680 1827 964 1879 conquiruntur
979 1827 991 1863 ?
1014 1828 1085 1871 Ut,
1100 1827 1126 1864 fi
1141 1827 1301 1871 Xerxes,
1315 1825 1407 1865 cum
1425 1828 1538 1866 tantis
1555 1828 1649 1866 clas·

248 1892 362 1938 fibus,
398 1892 587 1945 tantisque
617 1892 852 1945 equestribus
883 1902 922 1930 et
954 1892 1188 1946 pedestribus
1219 1893 1356 1946 copiis,
1393 1893 1650 1946 Hellesponto

241 1960 393 2011 junsto,
416 1958 574 1997 Athone
593 1958 770 2012 perfosso,
795 1959 915 1997 maria
933 1958 1209 2004 ambulavisset,
1241 1969 1456 2013 terramque
1477 1960 1647 2012 navigas-

248 2025 315 2071 set,
348 2025 374 2063 fi
395 2023 485 2063 cum
506 2034 612 2063 tanto
632 2025 783 2078 impetu
803 2024 845 2062 in
874 2025 1066 2063 Graeciam
1086 2024 1257 2070 veniffet,
1287 2025 1438 2064 causam
1460 2027 1541 2077 ejus
1562 2026 1648 2078 quis

246 2105 294 2129 ex
313 2105 357 2130 eo
377 2100 559 2144 quaereret
580 2100 772 2129 tantarum
792 2091 993 2143 copiarum
1025 2091 1197 2143 tantique
1218 2091 1324 2136 belli,
1347 2092 1423 2130 mel
1453 2091 1488 2129 se
1504 2091 1650 2130 auferre

246 2171 293 2196 ex
313 2158 508 2210 Hymetto
528 2157 684 2195 voluiffe
705 2157 861 2202 diceret,
892 2167 993 2195 certe
1013 2157 1088 2195 fine
1118 2156 1226 2195 causa
1246 2157 1436 2196 videretur
1457 2166 1559 2195 tanta
1578 2171 1646 2196 co-

248 2233 385 2269 natus;
418 2224 468 2263 fic
499 2237 567 2262 nos
599 2223 820 2276 sapientem,
854 2223 1033 2276 plurimis
1053 2232 1090 2260 et
1119 2223 1345 2275 gravissimis
1365 2224 1509 2262 artibus
1535 2233 1649 2276 atque

247 2290 455 2328 virtutibus
475 2289 702 2328 instruffl‘um
722 2300 759 2327 et
778 2299 972 2334 ornatum,
1009 2303 1101 2334 non,
1134 2299 1175 2327 ut
1195 2289 1322 2335 illum,
1345 2290 1464 2328 maria
1485 2290 1649 2342 pedibus

248 2366 528 2409 peragrantem,
550 2356 724 2394 claffibus
745 2365 911 2401 montes,
947 2355 1009 2394 sed
1039 2369 1155 2394 omne
1176 2356 1314 2395 caelum
1336 2365 1535 2407 totamque
1555 2369 1647 2393 cum

248 2422 424 2460 universo
454 2421 549 2459 mari
581 2431 718 2460 terram
749 2432 878 2460 mente
909 2422 1174 2475 complexum,
1211 2422 1447 2475 voluptatem
1468 2430 1595 2473 petere
1621 2420 1648 2458 s1

247 2488 437 2532 dicemus,
459 2487 586 2526 mellis
607 2488 716 2526 causa
734 2488 906 2527 dicemus
928 2497 1030 2526 tanta
1050 2488 1249 2526 molitum.

304 2555 367 2593 Ad
387 2554 521 2592 altiora
540 2554 714 2606 qua’dam
734 2564 772 2592 et
801 2555 1146 2607 magnificentiora,
1169 2553 1268 2592 mihi
1289 2552 1412 2598 crede,
1435 2554 1647 2605 Torquate,

248 2623 328 2660 niti
349 2621 504 2659 sumus:
536 2634 606 2659 nec
640 2620 679 2659 id
710 2634 757 2660 ex
789 2621 909 2659 animi
940 2621 1064 2660 solum
1094 2620 1279 2674 partibuS,
1312 2620 1352 2657 in
1382 2619 1524 2672 quibus
1555 2618 1650 2658 inest

1277 2687 1299 2724 S
1333 2698 1354 2725 2
