2330 2983
601 310 682 351 454
862 293 955 331 DE
1003 291 1339 331 NATURA
1387 291 1727 342 DEORUM

598 403 685 433 ante
705 391 810 430 annis
830 400 906 429 erat
926 390 1028 429 bello
1055 390 1252 442 Ligustico
1282 403 1302 427 a
1322 389 1576 442 QMaximo
1595 388 1827 427 dedicatum.
1871 390 1979 442 Qid

601 459 701 511 Opis
719 459 732 496 ?
768 456 863 510 quid
894 456 1029 495 Salutis
1047 457 1060 493 ?
1091 455 1185 508 quid
1219 455 1441 494 Concordiae
1459 455 1471 492 ?
1503 455 1706 493 Libertatis
1724 455 1737 492 ?
1767 454 1945 493 Victoriae
1964 456 1977 493 ?

600 537 762 576 quarum
781 523 958 561 omnium
980 535 1107 559 rerum
1126 521 1216 574 quia
1235 521 1291 559 vis
1311 531 1387 559 erat
1406 529 1522 564 tanta,
1543 529 1586 559 ut
1606 520 1680 558 fine
1697 521 1784 558 Deo
1802 521 1882 572 regi
1902 533 1980 558 non

599 588 732 642 poss‘et,
766 587 844 641 ipsa
873 601 928 624 res
951 587 1123 625 Deorum
1143 599 1284 624 nomen
1314 585 1496 624 obtinuit.
1543 585 1635 636 Qo
1653 598 1700 623 ex
1717 598 1865 638 genere,
1896 585 1980 622 Cu-

599 653 757 706 pidinis,
787 662 826 690 et
854 651 1088 704 Voluptatis,
1118 660 1156 689 et
1186 651 1413 689 Lubentinae
1442 650 1600 688 Veneris
1634 649 1818 688 vocabula
1849 648 1980 687 conse-

600 729 702 757 crata
719 719 819 763 sunt,
840 717 1058 755 vitiosarum
1078 729 1219 761 rerum,
1237 729 1358 768 neque
1378 716 1630 760 naturalium;
1652 729 1871 768 quanquam
1884 714 1980 752 vel-

601 785 698 823 leius
717 784 823 822 aliter
842 782 1030 820 existimat
1047 795 1056 819 :
1088 780 1149 818 sed
1169 790 1294 819 tamen
1314 794 1355 818 ea
1374 781 1451 833 ipsa
1469 781 1561 817 vitia
1579 790 1753 818 naturam
1772 779 1980 817 vehemen-

601 851 677 888 tius
698 850 789 901 saepe
806 847 969 900 pulsant.
1016 845 1240 883 Utilitatum
1261 846 1379 898 igitur
1398 845 1662 897 magnitudine
1681 844 1879 882 constituti
1897 843 1983 882 sunt

601 915 631 953 ii
651 915 733 958 Dii,
763 914 831 966 qui
851 912 1032 950 utilitates
1052 910 1218 963 quasque
1237 911 1457 963 gignebant.
1502 911 1634 962 Atque
1652 909 1713 947 his
1733 908 1890 961 quidem
1910 921 1982 946 no-

602 979 789 1023 minibus,
815 992 900 1030 quce
916 977 1030 1030 paulo
1049 985 1135 1015 ante
1155 976 1254 1015 dicta
1273 975 1358 1014 sunt
1377 989 1397 1013 a
1416 988 1492 1021 me,
1511 988 1595 1027 quae
1615 975 1670 1013 vis
1691 975 1736 1014 fit
1754 975 1794 1013 in
1814 987 1982 1027 quoque,

602 1045 824 1090 declaratur,
854 1045 952 1083 Deo.

664 1111 814 1149 XXIV.
846 1110 1015 1163 Suscepit
1039 1118 1168 1149 autem
1196 1110 1272 1149 vita
1290 1109 1510 1155 hominum,
1545 1109 1853 1161 consuetudoque
1872 1121 1982 1148 com-

603 1176 747 1221 munis,
767 1185 812 1214 ut
830 1175 1024 1214 beneficiis
1041 1175 1266 1213 excellentes
1286 1176 1385 1214 viros
1404 1176 1443 1214 in
1459 1175 1597 1214 caelum
1612 1175 1714 1213 fama
1732 1188 1774 1212 ac
1790 1174 1984 1212 voluntate

602 1242 792 1280 tollerent.
834 1240 943 1278 Hinc
963 1240 1166 1285 Hercules,
1199 1239 1289 1278 hinc
1311 1240 1441 1279 Castor
1459 1249 1496 1279 et
1517 1240 1670 1285 Pollux,
1698 1239 1790 1278 hinc
1809 1238 1984 1277 AEscula-

602 1306 704 1358 pius,
717 1304 809 1343 hinc
822 1304 940 1342 Liber
958 1305 1098 1349 etiam,
1122 1303 1245 1355 (hunc
1265 1305 1352 1342 dico
1372 1305 1557 1342 Liberum
1573 1305 1718 1342 Semele
1738 1313 1886 1347 natum,
1909 1316 1984 1341 non

602 1385 709 1416 eum,
741 1383 858 1424 quem
879 1369 993 1407 nostri
1013 1370 1172 1421 majores
1192 1370 1345 1422 auguste
1365 1370 1563 1422 sancteque
1590 1370 1775 1408 Liberum
1795 1383 1885 1407 cum
1907 1370 1985 1406 Ce-

604 1450 683 1476 rere
702 1445 740 1475 et
760 1436 898 1475 Libera
914 1435 1223 1474 consecraverunt
1241 1450 1249 1473 :
1281 1435 1385 1488 quod
1400 1435 1510 1487 quale
1530 1435 1586 1479 fit,
1603 1448 1650 1473 ex
1666 1433 1850 1486 mysteriis
1871 1433 1987 1472 intel·

604 1503 674 1556 ligi
695 1502 840 1555 potest:
872 1501 933 1540 sed
953 1501 1058 1554 quod
1075 1515 1121 1540 ex
1141 1502 1252 1540 nobis
1273 1510 1379 1539 natos
1405 1501 1543 1539 liberos
1563 1501 1812 1553 appellamus,
1845 1499 1988 1537 idcirco

606 1571 742 1607 Cerere
758 1569 835 1606 nati
855 1568 1042 1606 nominati
1061 1567 1147 1605 sunt
1167 1567 1284 1605 Liber
1301 1577 1339 1605 et
1365 1567 1529 1611 Libera;
1560 1566 1663 1618 quod
1684 1567 1723 1604 in
1754 1566 1893 1604 Libera
1912 1565 1987 1603 ser-

604 1642 708 1678 vant,
729 1634 769 1671 in
788 1632 930 1671 Libero
949 1644 1026 1669 non
1046 1631 1140 1668 item
1156 1632 1188 1681 ;)
1212 1631 1320 1668 Hinc
1339 1631 1454 1668 etiam
1471 1630 1678 1674 Romulus,
1698 1643 1814 1682 quem
1830 1631 1988 1682 quidam

602 1698 767 1736 eundem
785 1696 856 1735 effe
875 1696 1087 1747 Qirinum
1107 1703 1256 1748 putant,
1284 1707 1451 1746 quorum
1470 1707 1562 1732 cum
1590 1704 1825 1732 remanerent
1850 1694 1984 1737 animi,

605 1774 719 1816 atque
738 1762 943 1801 aeternitate
961 1759 1189 1806 fruerentur,
1211 1760 1280 1799 Dii
1301 1760 1370 1800 rite
1390 1760 1476 1799 sunt
1501 1759 1622 1799 habiti
1638 1778 1650 1807 5
1681 1773 1773 1799 curn
1792 1770 1829 1798 et
1848 1760 1987 1813 optimi

605 1829 735 1875 effent,
752 1838 789 1868 et
805 1828 947 1867 aeterni.

648 1896 737 1934 Alia
756 1908 909 1948 quoque
928 1907 975 1932 ex
995 1893 1152 1940 ratione,
1169 1903 1207 1933 et
1226 1894 1386 1947 quidem
1407 1894 1573 1948 phyfica,
1595 1907 1733 1948 magna
1751 1894 1862 1933 fluxit
1882 1894 1987 1932 mul-

608 1960 734 1999 titudo
750 1961 948 2004 Deorum5
980 1960 1046 2011 qui
1066 1960 1191 1997 induti
1212 1959 1333 2013 specie
1352 1960 1520 1999 humana
1539 1959 1684 1999 fabulas
1710 1959 1832 2013 poetis
1852 1958 1989 2012 suppe-

607 2027 835 2069 ditaverunt,
852 2023 1058 2063 hominum
1079 2035 1206 2063 autem
1221 2026 1339 2064 vitam
1353 2026 1613 2078 superstitione
1632 2026 1740 2063 omni
1754 2023 1988 2062 referserunt.

609 2094 739 2144 Atque
770 2089 834 2128 hic
854 2089 959 2128 locus
986 2103 1006 2127 a
1027 2091 1182 2129 Zenone
1203 2092 1391 2134 tractatus,
1423 2091 1504 2143 post
1533 2104 1554 2128 a
1573 2087 1773 2132 Cleanthe,
1802 2098 1840 2126 et
1861 2087 1988 2139 Chry-

609 2157 727 2210 sippo,
759 2155 933 2208 pluribus
964 2155 1086 2193 verbis
1120 2155 1332 2208 explicatus
1359 2156 1423 2193 est.
1475 2155 1580 2194 Nam
1611 2164 1717 2192 vetus
1748 2152 1829 2192 haec
1859 2153 1991 2206 opinio

609 2221 800 2260 Graeciam
829 2220 1012 2272 opplevit,
1041 2219 1230 2258 exsectum
1263 2220 1412 2258 Caelum
1447 2233 1466 2257 a
1502 2219 1583 2258 filio
1615 2221 1789 2263 Saturno,
1820 2218 1991 2256 vinctum

609 2295 736 2325 autem
759 2287 960 2323 Saturnum
984 2285 1105 2337 ipsum
1123 2298 1142 2322 a
1163 2285 1242 2323 filio
1262 2286 1369 2337 Jove.
1414 2284 1570 2336 Physnca
1591 2285 1684 2322 ratio
1705 2297 1779 2322 non
1800 2283 1992 2335 inelegans

609 2350 754 2391 inclusa
773 2351 823 2388 cst
845 2350 882 2388 in
905 2350 1039 2403 impias
1062 2350 1219 2389 fabulas.
1263 2351 1459 2389 Caelestem
1479 2351 1598 2395 enim,
1629 2349 1845 2388 altissimam
1873 2347 1991 2387 :ethe-

609 2430 788 2469 reamque
809 2426 994 2461 naturam,
1026 2417 1063 2454 id
1084 2417 1148 2460 est,
1182 2417 1347 2469 igneam,
1378 2431 1461 2469 qua:
1481 2430 1546 2470 per
1569 2416 1638 2453 sese
1658 2415 1787 2454 omnia
1806 2416 1991 2468 gigneret,

610 2496 738 2521 vacare
768 2481 970 2519 voluerunt
1001 2495 1043 2519 ea
1073 2491 1175 2534 parte
1209 2481 1389 2534 corporis,
1420 2495 1503 2534 qua:
1536 2482 1804 2533 conjunctione
1839 2479 1991 2517 alterius

609 2558 735 2602 egeret
756 2547 799 2585 ad
823 2548 1111 2599 procreandum.

666 2614 795 2653 XXV.
824 2615 1028 2652 Saturnum
1049 2622 1176 2653 autem
1205 2627 1295 2652 cum
1329 2613 1398 2653 csse
1428 2613 1643 2659 voluerunt,
1672 2613 1738 2667 qui
1772 2610 1925 2651 cursum
1955 2619 1992 2649 ct
