2330 2983
570 242 622 291 4⁶
897 236 1074 275 MT.
1132 229 1654 272 e1CERoN1s

573 330 692 386 potest
711 328 978 367 convenienter
997 326 1089 370 dici,
1111 324 1210 363 nihil
1230 321 1506 376 comprehendi
1525 320 1640 375 posse,
1660 320 1686 360 fi
1706 320 1833 373 ipsum
1853 333 1966 360 com-

572 396 755 450 prehendi
775 393 875 447 posse
893 393 1057 430 dicatur.
1106 390 1181 429 Illo
1200 389 1318 428 modo
1337 389 1465 441 potius
1485 397 1595 440 putat
1615 386 1830 440 urgendum
1856 385 1967 425 fuiffe

574 461 833 501 Carneadem.
879 472 971 496 cum
1005 457 1181 510 sapientis
1216 455 1371 494 nullum
1405 454 1601 492 decretum
1634 452 1707 492 esse
1736 452 1861 505 poffit,
1898 451 1968 490 nifi

573 524 908 579 comprehensum,
930 532 1169 576 perceptum,
1190 521 1393 573 cognitum
1410 537 1421 564 ;
1450 528 1494 557 ut
1513 517 1588 557 hoc
1608 518 1734 571 ipsum
1755 518 1968 562 decretum,

574 592 679 645 quod
699 591 874 644 sapientis
894 588 997 633 esset,
1027 587 1125 626 nihil
1146 587 1245 640 poffe
1265 585 1424 638 percipi,
1438 583 1620 623 fateretur
1638 583 1708 622 effe
1728 593 1968 636 perceptum.

575 657 740 698 Proinde
769 655 872 709 quali
892 654 1036 707 sapiens
1057 653 1213 691 nullum
1232 651 1335 689 aliud
1356 651 1555 689 decretum
1570 648 1720 694 habeat,
1751 660 1789 687 et
1808 648 1884 687 fine
1903 647 1970 685 de-

574 723 688 762 cretis
709 723 827 760 vitam
847 733 955 773 agere
969 719 1094 772 poffit.

637 784 709 822 Sed
740 793 783 820 ut
812 782 878 820 illa
906 780 1024 819 habet
1053 778 1280 833 probabilia,
1316 790 1393 815 non
1416 785 1606 830 percepta,
1647 775 1697 813 slc
1730 773 1805 813 hoc
1832 773 1974 826 ipsum,

578 849 677 889 nihil
697 847 798 902 posse
828 847 986 900 percipi.
1036 846 1143 884 Nam
1161 845 1189 882 fi
1219 845 1260 882 in
1280 843 1355 882 hoc
1385 841 1543 881 haberet
1571 840 1805 893 cognitionis
1826 849 1974 884 notam,

577 916 712 954 efidem
731 922 899 952 uteretur
913 913 954 950 in
969 911 1138 950 caeteris:
1161 923 1278 962 quam
1299 909 1483 962 quoniam
1503 921 1580 946 non
1597 906 1727 951 habet,
1744 906 1866 944 utitur
1884 917 1976 958 pro-

579 980 786 1019 babilibus.
831 980 966 1030 Itaque
985 990 1063 1015 non
1084 976 1239 1021 metuit,
1260 989 1307 1013 ne
1327 973 1564 1013 confundere
1583 972 1716 1011 onmia
1734 971 1918 1016 videatur,
1939 979 1977 1008 et

580 1048 724 1085 ineerta
742 1044 909 1083 reddere.
954 1043 1049 1081 Non
1068 1042 1188 1085 enim,
1210 1040 1555 1093 quemadmodum,
1587 1039 1613 1077 fi
1633 1037 1834 1091 quaefitum
1865 1050 1912 1075 ex
1932 1049 1978 1074 eo

581 1112 640 1156 sit,
654 1111 848 1149 stellarum
868 1121 1050 1147 numerus
1070 1121 1136 1160 par
1155 1120 1203 1146 an
1223 1107 1346 1159 impar
1362 1106 1406 1144 fit
1421 1124 1433 1151 ς
1458 1106 1569 1149 item,
1591 1104 1617 1142 si
1638 1104 1684 1142 de
1703 1103 1846 1148 officio,
1869 1102 1976 1140 mul-

579 1177 703 1230 tisque
723 1177 806 1214 aliis
826 1175 872 1214 de
890 1174 1018 1218 rebus,
1039 1174 1079 1211 in
1100 1173 1241 1225 quibus
1261 1172 1438 1217 versatur,
1455 1169 1756 1222 exercitatusque
1774 1169 1834 1214 sit,
1856 1167 1978 1207 nesci-

580 1257 619 1282 re
639 1243 674 1281 se
693 1243 808 1281 dicat.
873 1241 920 1279 In
939 1239 1092 1278 incertis
1112 1239 1218 1276 enim
1240 1234 1338 1276 nihil
1359 1237 1412 1276 est
1430 1236 1626 1290 probabile
1643 1251 1652 1274 z
1685 1236 1725 1273 in
1742 1236 1884 1287 quibus
1910 1248 1979 1272 au-

580 1318 662 1347 tem
681 1308 761 1352 est;
792 1308 834 1344 in
864 1305 926 1344 his
960 1319 1039 1343 non
1072 1304 1192 1342 deerit
1218 1303 1391 1356 sapienti,
1421 1316 1492 1342 nec
1512 1302 1608 1354 quid
1635 1301 1763 1347 faciat,
1794 1314 1864 1340 nec
1884 1300 1982 1353 quid

581 1373 816 1427 respondeat.

637 1439 702 1478 Ne
744 1438 853 1476 illam
902 1436 1063 1488 quidem
1103 1434 1382 1488 praetermiusti,
1428 1432 1608 1478 Luculle,
1651 1430 1983 1484 reprehensionem

583 1503 786 1549 Antiochi,
819 1505 906 1555 (nec
926 1503 1096 1546 mirun1;
1124 1501 1168 1539 in
1189 1501 1323 1554 primis
1343 1499 1450 1538 enim
1468 1499 1520 1538 est
1541 1498 1700 1550 nobilis)
1734 1511 1810 1551 qua
1839 1498 1983 1541 solebat

582 1572 709 1610 dicere
730 1567 966 1613 Antiochus,
991 1566 1199 1606 Philonem
1218 1566 1389 1604 maxime
1409 1565 1690 1618 perturbatum.
1751 1564 1856 1602 Cum
1876 1564 1984 1604 enim

585 1638 797 1676 sumeretur
816 1647 953 1679 unum,
972 1632 1058 1671 Effe
1077 1632 1251 1685 quaedam
1272 1630 1363 1670 falsa
1380 1630 1457 1669 visa
1472 1649 1483 1676 ;
1501 1630 1664 1670 alterum
1679 1658 1690 1674 ,
1712 1628 1828 1668 Nihil
1847 1643 1890 1667 ea
1903 1628 1983 1668 dif-

586 1702 683 1741 ferre
703 1715 723 1740 a
741 1701 837 1739 veris
851 1718 863 1745 3
895 1713 973 1738 non
994 1698 1200 1743 attendere,
1221 1697 1390 1751 superius
1411 1696 1509 1735 illud
1529 1709 1571 1734 ea
1590 1709 1629 1734 re
1648 1709 1669 1733 a
1687 1694 1723 1733 se
1742 1694 1813 1733 ess‘e
1827 1694 1983 1733 conces-

588 1769 687 1813 sum,
718 1766 822 1819 quod
842 1765 1031 1803 videretur
1049 1763 1120 1802 effe
1139 1764 1314 1816 quaedam
1349 1763 1389 1801 in
1409 1763 1494 1801 vifis
1514 1760 1731 1800 differentia
1748 1775 1757 1798 :
1788 1774 1872 1799 eam
1900 1761 1985 1799 tolli

587 1834 719 1878 altero,
741 1846 821 1885 quo
840 1840 953 1884 neget
973 1831 1048 1869 visa
1066 1844 1087 1868 a
1105 1829 1205 1868 falfis
1225 1842 1311 1867 vera
1330 1827 1482 1867 differre
1500 1843 1509 1867 :
1542 1827 1642 1867 nihil
1663 1837 1743 1866 tam
1763 1840 1984 1880 repugnare.

589 1900 634 1939 Id
655 1900 707 1937 ita
726 1898 828 1943 esset,
843 1897 868 1935 fi
890 1910 957 1935 nos
973 1910 1107 1935 verum
1127 1896 1289 1934 omnino
1306 1894 1544 1933 tolleremus.
1574 1894 1668 1933 Non
1686 1891 1849 1932 facimus
1868 1907 1877 1931 :
1896 1906 1986 1932 nam

588 1974 668 2005 tam
689 1979 786 2009 vera,
807 1977 925 2017 quam
944 1963 1048 2008 falsa,
1069 1963 1278 2001 cernimus.
1329 1960 1400 1999 Sed
1421 1960 1604 2014 probandi
1627 1959 1766 2012 species
1787 1959 1839 1998 est
1855 1977 1867 2004 ;
1899 1972 1989 2012 per-

589 2031 756 2086 cipiendi
778 2031 929 2083 signum
950 2029 1104 2067 nullum
1124 2028 1325 2067 habemus.

645 2097 815 2137 XXXV.
840 2098 898 2135 Ac
920 2095 1018 2134 mihi
1039 2095 1168 2135 videor
1188 2095 1303 2133 nimis
1323 2093 1440 2132 etiam
1461 2106 1563 2131 nunc
1583 2105 1692 2145 agere
1707 2092 1850 2144 jejune.
1883 2092 1989 2131 Cum

591 2164 634 2203 fit
653 2163 759 2202 enim
779 2175 955 2215 campus,
972 2161 1009 2198 in
1031 2174 1109 2213 quo
1123 2159 1232 2213 possit
1251 2159 1435 2198 exsultare
1451 2159 1597 2203 oratio,
1619 2171 1687 2196 cur
1702 2170 1786 2195 eam
1808 2157 1846 2195 in
1869 2165 1988 2196 tantas

590 2229 793 2282 angustiam,
824 2237 860 2265 et
892 2227 930 2265 in
953 2227 1170 2265 Stoicorum
1192 2225 1347 2264 dumeta
1366 2223 1669 2277 compellimus?
1706 2223 1743 2262 Si
1763 2222 1868 2261 enim
1889 2221 1990 2261 mihi

589 2308 683 2334 cum
710 2293 961 2347 Peripatetico
981 2305 1037 2330 res
1056 2291 1158 2336 essct,
1181 2292 1247 2344 qui
1270 2292 1308 2330 id
1329 2291 1474 2344 percipi
1505 2288 1605 2344 polle
1631 2289 1787 2333 diceret,
1816 2288 1909 2342 qued
1922 2288 1990 2326 im-

585 2361 738 2416 prqfficm
757 2360 833 2414 estet
850 2374 870 2399 e
888 2373 989 2404 vero,
1025 2372 1146 2411 neque
1167 2357 1363 2396 adhiberet
1397 2357 1504 2396 illam
1526 2369 1705 2409 magnam
1726 2354 1990 2399 acceffionem,

593 2441 659 2482 quo
680 2425 771 2465 modo
790 2425 948 2479 imprimi
963 2439 1030 2464 non
1054 2424 1161 2478 pqffi!
1180 2424 1307 2477 asalsb
1324 2442 1335 2467 ;
1366 2437 1456 2462 cum
1478 2422 1642 2475 simplici
1663 2421 1822 2460 homine
1842 2421 1991 2474 simpli-

592 2492 689 2530 citer
708 2505 873 2545 agerem,
892 2504 960 2530 nec
977 2503 1207 2544 magnopere
1227 2489 1498 2528 contenderem
1517 2503 1525 2527 :
1558 2497 1671 2541 atque
1692 2488 1824 2532 ctiam,
1842 2486 1883 2531 sn,
1899 2499 1992 2525 cum

591 2570 667 2613 ego
702 2556 801 2597 nihil
833 2557 1001 2597 dicerem
1031 2556 1132 2611 posse
1164 2553 1440 2610 comprehendi
1458 2583 1470 2601 ,
1515 2554 1656 2595 diceret
1689 2553 1755 2594 ille
1785 2552 1993 2607 sapientem
