2330 2983
572 213 622 252 92
872 202 1002 241 DE
1115 201 1665 242 FINIBUS

628 305 726 355 Qae
755 303 808 341 est
837 305 943 342 enim
963 312 1028 342 aut
1048 304 1192 349 utilior,
1213 313 1279 343 aut
1309 304 1356 343 ad
1375 304 1472 343 bene
1495 305 1706 344 vivendum
1724 304 1849 359 aptior
1875 318 1967 359 par·

571 369 672 413 titio,
703 382 820 420 quam
839 369 918 413 illa,
946 383 1021 421 qua
1038 369 1091 407 est
1110 369 1196 408 usus
1218 370 1438 423 Epicurus?
1469 371 1538 423 qui
1558 385 1682 410 unum
1699 384 1819 424 genus
1839 371 1968 425 posuit

571 446 700 471 earum
721 433 994 486 cupiditatum,
1025 448 1110 486 quae
1139 434 1255 473 effent
1274 443 1312 473 et
1331 435 1518 473 naturales
1539 444 1578 474 et
1603 435 1811 475 neceffariae
1825 454 1838 481 ς
1869 435 1968 474 alte·

571 511 673 544 rum,
700 512 786 551 quae
806 498 990 537 naturales
1017 499 1145 544 efflent,
1176 513 1248 538 nec
1268 509 1398 539 tamen
1418 500 1625 539 neceffariae
1640 520 1657 546 ‚-
1684 501 1858 547 tertium,
1879 515 1968 554 quae

569 577 640 602 nec
661 564 862 609 naturales,
892 577 963 603 nec
983 564 1202 604 neceffariae.
1234 567 1413 618 Qarum
1433 580 1475 604 ea
1493 567 1588 605 ratio
1607 566 1672 612 est,
1695 575 1738 605 ut
1757 566 1967 606 neceffariae

569 642 640 667 nec
660 629 773 682 oper-91
792 629 930 675 multa,
952 643 1022 668 nec
1043 630 1225 683 impensa,
1246 631 1484 684 expleantur.
1513 633 1578 671 Ne
1597 633 1783 671 naturales
1803 632 1969 686 quidem

568 695 693 734 multa
721 695 943 741 defiderant,
982 705 1179 749 propterea
1211 697 1316 749 quod
1347 697 1425 749 ipsa
1457 706 1590 736 natura
1621 698 1787 744 divitias,
1820 698 1963 752 quibus

566 770 747 799 conten-ta
765 761 824 806 sit,
855 770 892 799 et
922 761 1120 813 parabiles,
1150 770 1188 799 et
1208 762 1427 800 terminatas
1456 761 1586 801 habet.
1630 764 1814 802 Inanium
1832 773 1971 803 autem

567 826 826 878 cupiditatum
846 838 917 863 nec
937 826 1074 864 modus
1095 826 1211 871 ullus,
1234 840 1304 865 nec
1324 827 1426 872 finis,
1448 827 1615 866 inveniri·
1631 828 1774 881 potest..

620 892 732 930 XIV.
765 891 883 944 Qod
903 891 928 929 fi
948 892 1067 930 vitam
1087 905 1248 930 omnem
1267 893 1478 945 perturbari
1498 893 1676 932 videmus
1693 907 1817 933 errore
1836 903 1876 933 et
1896 894 1967 933 in·

565 957 744 1002 scientia;
777 957 1075 1010 sapientiamque
1095 957 1170 996 esse
1184 958 1316 1003 solam,
1335 973 1419 1011 quae
1440 972 1507 997 nos
1527 972 1547 996 a
1566 959 1778 998 libidinum
1795 960 1962 1013 impetu,

564 1033 602 1061 et
633 1022 890 1061 formidinum
925 1032 1064 1061 terrore
1091 1023 1271 1069 vindicet,
1302 1033 1340 1062 et
1371 1024 1484 1077 ipfius
1503 1023 1666 1063 fortunat
1686 1025 1838 1064 modice
1863 1025 1968 1064 ferre

564 1090 697 1128 doceat
716 1089 884 1142 injurias,
906 1099 943 1127 et
963 1103 1096 1128 omnes
1115 1091 1298 1129 monstret
1317 1091 1408 1135 vias,
1430 1105 1514 1143 quae
1537 1092 1582 1130 ad
1603 1092 1775 1145 quietem
1795 1102 1833 1130 et
1854 1103 1960 1131 tran-

563 1155 796 1208 quillitatem
826 1154 949 1194 ferant
964 1174 976 1201 5
1008 1156 1104 1208 quid
1122 1156 1188 1201 est,
1218 1170 1288 1194 cur.
1315 1157 1537 1196 dubitemus
1569 1158 1711 1204 dicere,
1739 1168 1779 1197 et
1811 1159 1965 1212 sapien·

562 1222 656 1259 tiam
691 1230 844 1274 propter
876 1221 1114 1274 voluptatem
1146 1222 1413 1274 expetendam,
1443 1232 1482 1261 et
1515 1223 1773 1276 insipientiam
1804 1234 1960 1277 propter

561 1286 752 1325 molestias
782 1286 853 1324 effe
882 1285 1140 1339 fugiendam?
1171 1287 1395 1340 Eademque
1415 1289 1558 1328 ratione
1588 1303 1637 1327 ne
1666 1291 1966 1343 temperantiam

560 1352 719 1404 quidem
752 1361 908 1406 propter
937 1352 972 1390 se
1005 1353 1259 1406 expetendam
1291 1353 1362 1391 esse
1391 1354 1580 1400 dicemus,
1611 1356 1674 1394 sed
1699 1356 1790 1408 quia
1821 1369 1958 1409 pacem

559 1417 696 1456 animis
717 1417 860 1463 afferat,
891 1427 928 1456 et
959 1431 1022 1456 eos
1053 1419 1154 1471 quafi
1175 1419 1379 1458 concordia
1397 1421 1560 1473 quadam
1589 1420 1714 1474 placet
1748 1435 1791 1460 ac
1824 1421 1956 1461 leniat.

559 1483 832 1536 Temperantia
850 1483 902 1521 est
921 1484 1040 1529 enim,
1069 1498 1154 1537 quae
1173 1485 1213 1523 in
1234 1486 1345 1524 rebus
1365 1495 1429 1524 aut
1448 1487 1683 1540 expetendis,
1715 1497 1780 1526 aut
1798 1487 1961 1541 fugien-

558 1549 630 1593 dis,
652 1549 840 1587 rationem
860 1558 903 1587 ut
922 1549 1138 1602 sequamur,
1155 1560 1301 1589 monet.
1346 1551 1432 1590 Nec
1451 1552 1556 1591 enim
1576 1552 1661 1591 satis
1691 1553 1743 1592 est
1766 1553 1954 1606 judicare,

557 1614 652 1666 quid
671 1613 907 1660 faciendum,
929 1629 1006 1653 non
1021 1614 1304 1661 faciendumve,
1326 1617 1394 1662 fit;
1417 1617 1479 1656 sed
1500 1618 1590 1656 stare
1609 1618 1724 1657 etiam
1744 1628 1894 1672 oportet
1913 1620 1955 1659 in

555 1693 614 1725 eo,
635 1680 740 1733 quod
760 1680 803 1718 fit
817 1680 1049 1732 judicatum.
1082 1681 1261 1735 Plerique
1291 1693 1435 1728 autem,
1465 1684 1570 1736 quod
1598 1693 1724 1723 tenere
1742 1694 1857 1738 atque
1876 1685 1952 1724 ser-

555 1759 640 1784 vare
660 1746 713 1791 id,
743 1746 850 1799 quod
868 1746 1092 1792 statuerunt,
1120 1761 1197 1786 non
1217 1748 1382 1801 possunt,
1413 1750 1505 1788 victi
1523 1759 1561 1788 et
1580 1751 1786 1796 debilitati,
1807 1751 1954 1804 objecta

556 1811 678 1865 specie
706 1812 929 1865 voluptatis,
969 1813 1122 1852 tradunt
1154 1813 1189 1852 se
1224 1815 1451 1854 libidinibus
1495 1817 1820 1870 constringendOS,
1866 1831 1959 1863 nec,

554 1877 648 1930 quid
666 1887 892 1916 eventurum
915 1878 973 1922 sit,
1005 1879 1204 1932 provident
1220 1898 1234 1925 ς
1264 1881 1314 1919 ob
1335 1894 1496 1934 eamque
1527 1882 1678 1921 causam
1698 1893 1854 1936 propter
1883 1897 1954 1922 vo-

554 1943 743 1996 luptatem
772 1953 810 1980 et
841 1956 994 1995 parvam
1025 1952 1063 1981 et
1094 1958 1170 1982 non
1193 1945 1445 1990 neceffariam,
1476 1957 1514 1985 et
1533 1961 1618 1999 quae
1639 1948 1697 1986 vel
1714 1949 1824 1986 aliter
1843 1962 1952 2001 para-

554 2017 669 2053 retur,
700 2018 739 2046 et
767 2021 843 2060 qua
875 2009 992 2047 etiam
1012 2022 1136 2047 carere
1169 2010 1314 2063 possent
1335 2011 1410 2050 sine
1444 2012 1588 2057 dolore,
1619 2022 1704 2051 tum
1724 2014 1763 2051 in
1795 2014 1952 2053 morbos

552 2087 697 2127 graves,
729 2084 813 2112 tum
844 2074 882 2112 in
902 2075 1054 2120 damna,
1082 2086 1168 2114 tum
1189 2077 1228 2115 in
1249 2077 1432 2116 dedecora
1460 2079 1687 2117 incurrunt:
1721 2079 1814 2133 saepe
1834 2081 1950 2119 etiam

554 2140 683 2192 legum
698 2139 1015 2193 judiciorumque
1036 2142 1161 2194 poenis
1181 2142 1414 2195 obligantur.
1459 2144 1541 2196 Qi
1562 2154 1690 2182 autem
1712 2145 1762 2182 iza
1782 2144 1857 2183 frui
1880 2160 1959 2184 vo-

553 2204 637 2242 lunt
658 2205 933 2258 voluptatibus,
966 2215 1007 2244 ut
1029 2206 1125 2244 nulli
1146 2217 1301 2261 propter
1329 2221 1388 2246 eas
1407 2208 1554 2247 dolores
1575 2210 1879 2263 consequantur,
1911 2222 1950 2250 ct

552 2270 618 2321 qui
640 2269 750 2307 suum
768 2270 964 2321 judicium
986 2271 1163 2316 retinent,
1195 2287 1241 2311 ne
1268 2274 1463 2327 voluptate
1493 2275 1581 2313 vicli
1603 2274 1743 2314 faciant
1764 2276 1816 2321 id,
1844 2278 1952 2329 quod

551 2336 718 2374 sentiunt
747 2349 823 2374 non
843 2336 912 2375 effe
941 2335 1191 2384 faciendum;
1227 2338 1268 2377 hi
1300 2340 1537 2393 voluptatem
1566 2343 1776 2381 maximam
1807 2344 1948 2397 adipis-

551 2412 706 2446 cuntur,
739 2403 1060 2456 praetermittenda
1093 2405 1302 2458 voluptate.
1364 2407 1484 2446 iidem
1516 2409 1631 2447 etiam
1662 2409 1833 2448 dolorem
1855 2411 1952 2464 saepe

551 2469 828 2521 perpetiuntur,
862 2482 921 2513 nc,
948 2470 972 2507 si
1010 2470 1046 2508 id
1082 2484 1156 2509 non
1190 2471 1344 2517 faciant,
1377 2473 1544 2512 incidant
1566 2475 1604 2513 in
1627 2477 1824 2528 majorem.
1885 2477 1946 2516 Ex

550 2548 628 2586 quo
649 2535 891 2588 intelligitur,
923 2550 990 2575 nec
1013 2538 1344 2591 intemperantiam
1368 2550 1520 2594 propter
1541 2540 1574 2580 se
1595 2541 1817 2595 fugiendam
1847 2542 1917 2583 effe
1929 2560 1957 2589 3.
