2330 2983
675 256 951 296 LIBER
1007 256 1427 295 TERTIUS.
1673 257 1746 312 165

407 361 460 399 Et
480 372 558 412 quo
577 358 696 396 modo
715 357 924 397 hominum
943 358 1043 396 inter
1062 357 1239 396 homines
1257 357 1356 409 juris
1385 356 1455 395 effe
1484 356 1637 396 vincula
1669 371 1744 411 pu-

352 435 446 471 tant,
462 425 511 463 fic
530 424 682 463 homini
702 422 801 461 nihil
815 424 913 475 juris
927 423 999 460 effe
1018 436 1111 461 cum
1127 423 1267 461 bestiis.
1300 423 1481 461 Praeclare
1496 425 1600 461 enim
1615 423 1746 476 Chry-

352 493 492 545 fippus,
523 500 656 529 caetera
673 498 759 528 nata
791 489 862 527 effe
881 488 1091 528 hominum
1110 489 1218 526 causa
1247 498 1286 526 et
1316 488 1475 527 deorum
1491 507 1504 534 5
1534 503 1597 529 eos
1617 501 1749 530 autem

353 556 645 596 communitatis
665 566 703 593 et
736 555 923 594 societatis
944 555 1016 593 suae
1028 573 1040 600 3
1073 565 1115 593 ut
1135 554 1262 592 bestiis
1282 553 1461 593 homines
1488 556 1546 592 uti
1571 556 1617 594 ad
1638 557 1748 595 utili-

353 632 471 661 tatem
491 622 594 660 suam
615 621 754 674 poffint
773 621 850 659 fine
867 620 1025 673 injuria.
1056 620 1337 673 Qoniamque·
1351 633 1394 658 ea
1412 629 1544 658 natura
1563 620 1651 659 effet
1672 621 1755 660 hoa

353 689 485 734 minis,
518 697 561 726 ut
590 688 625 725 ei
655 700 748 725 cum
778 700 914 740 genere
933 685 1106 724 humano
1125 685 1228 739 quafi
1247 686 1362 724 civile
1387 687 1452 738 jus
1472 686 1746 734 intercederet,

354 755 422 807 qui
457 755 496 792 id
529 753 777 798 conservaret,
806 767 900 791 eum
924 753 1072 805 justum
1089 770 1102 797 ;
1133 752 1206 805 qui·
1221 752 1415 805 migraret,
1446 752 1631 804 injustum
1651 753 1747 793 fore.

356 821 428 858 Sed
448 819 794 872 quemadmodum,
829 818 1023 856 theatrum
1054 831 1147 856 cum
1166 831 1377 856 commune
1407 818 1465 863 fit,
1497 820 1594 857 rec'te
1621 829 1751 858 tamen

355 886 432 924 dici
451 885 587 939 potest,
607 886 688 937 ejus
707 884 778 923 effe
798 897 888 923 eum
907 885 1054 929 locum,
1076 897 1194 936 quem
1214 884 1375 936 quisque
1395 885 1605 937 occuparit,
1637 885 1686 924 fic
1708 887 1749 925 in

356 952 451 990 urbe
480 951 676 989 mundove
705 951 908 988 communi
939 963 1017 988 non
1047 949 1258 988 adversatur
1272 951 1351 1002 jus,
1383 964 1462 1003 quo
1480 951 1610 989 minus
1639 951 1758 990 suum

357 1017 529 1070 quidque
547 1015 731 1068 cujusque
751 1015 809 1054 fit.

412 1083 517 1120 Cum
546 1091 674 1119 autem
708 1081 754 1118 ad
788 1081 950 1119 tuendos
980 1080 1326 1133 conservandosque
1344 1080 1522 1119 homines
1550 1081 1753 1122 hominem

357 1157 492 1187 natum
524 1147 594 1185 esse
612 1146 809 1184 videamus
822 1165 834 1191 ς
866 1146 1160 1184 consentaneum
1182 1148 1235 1184 est
1254 1145 1346 1184 huic
1367 1157 1522 1193 naturae,
1546 1158 1588 1186 ut
1607 1148 1753 1201 sapiens

358 1215 453 1253 velit
470 1227 597 1267 gerere
616 1222 656 1251 et
674 1212 934 1251 administrare
953 1213 1233 1266 rempublicam
1251 1232 1262 1258 ;
1294 1223 1422 1266 atque,
1444 1223 1486 1252 ut
1505 1228 1524 1252 e
1543 1224 1673 1252 natura
1692 1216 1752 1253 vi-

358 1291 434 1326 vat,
449 1294 610 1319 uxorem
630 1279 848 1332 adjungere,
870 1289 908 1316 et
923 1279 1020 1316 velle
1040 1293 1087 1317 ex
1103 1292 1145 1316 ea
1164 1280 1304 1317 liberos
1324 1293 1529 1332 procreare.
1562 1282 1626 1319 Ne
1643 1295 1752 1319 amo—

360 1360 418 1385 res
437 1346 596 1398 quidem
616 1345 760 1383 sanetos
777 1359 798 1382 a
816 1345 980 1396 sapiente
1000 1345 1140 1382 alienos
1160 1345 1231 1383 effe
1246 1346 1488 1384 arbitrantur.
1515 1347 1754 1397 Cynicorum

360 1422 489 1450 autem
517 1412 703 1449 rationem
734 1420 847 1463 atque
867 1410 987 1448 vitam
1005 1411 1069 1448 alii
1087 1410 1217 1448 cadere
1248 1410 1286 1448 in
1309 1410 1516 1463 sapientem
1547 1413 1695 1457 dicunt,
1727 1413 1754 1451 fi

361 1477 448 1530 quis
463 1476 654 1529 ejusmodi
664 1474 763 1513 forte
778 1475 880 1513 casus
900 1475 1093 1521 inciderit,
1115 1485 1158 1513 ut
1177 1475 1217 1512 id
1232 1474 1453 1514 faciendum
1469 1477 1515 1515 fit
1532 1492 1547 1515 :⁷
1562 1477 1632 1515 alii*
1646 1478 1755 1517 nullo

360 1543 492 1582 modo.

403 1611 460 1647 Ut
479 1622 566 1646 vero
580 1607 822 1646 conservetur
839 1607 966 1645 omnis
980 1605 1134 1651 homini
1149 1620 1237 1660 erga
1254 1606 1456 1646 hominem
1473 1608 1641 1655 societas,
1660 1623 1755 1649 con-

354 1675 518 1727 junctio,
540 1674 673 1712 caritas
688 1691 701 1718 5
731 1682 771 1711 et
796 1673 1072 1720 emolumenta,
1103 1684 1141 1712 et
1171 1674 1413 1720 detrimenta,
1441 1689 1526 1726 quae
1545 1673 1758 1724 ὠφελήματα,

359 1748 397 1778 et
411 1736 622 1787 βλέμματι
639 1738 846 1792 appellant,
865 1740 1089 1777 communia
1107 1739 1179 1777 effe
1194 1739 1398 1778 voluerunt
1413 1759 1425 1785 3
1458 1754 1626 1792 quorum
1641 1741 1756 1779 altera

360 1806 532 1859 prosunt,
553 1814 693 1844 nocent
711 1805 840 1844 altera.
899 1805 987 1844 Nec
1015 1805 1139 1843 solum
1158 1819 1200 1843 ea
1219 1807 1457 1851 communia,
1487 1821 1619 1844 verum
1639 1807 1763 1846 etiamr

360 1872 477 1924 paria,
498 1871 568 1909 effe
588 1871 780 1909 dixerunt.
826 1871 1046 1910 Commoda
1064 1882 1191 1910 autem
1221 1882 1259 1910 et
1285 1872 1532 1910 incommoda
1553 1874 1624 1924 (ita
1651 1873 1758 1911 enim

361 1936 595 1991 εὑχξηςῆματοι
631 1947 672 1975 et
705 1931 951 1988 ὃυςζρηςήματοι
985 1938 1154 1991 appello)
1185 1939 1411 1977 communia
1439 1939 1511 1977 effe
1538 1939 1757 1985 voluerunt,

361 2005 462 2056 paria
492 2003 712 2042 noluerunt.
773 2003 844 2041 Illa
877 2005 998 2050 enim,
1019 2019 1104 2057 quae
1122 2005 1279 2058 prosunt
1309 2015 1374 2044 aut
1394 2020 1478 2058 quae
1509 2015 1664 2051 nocent,
1694 2015 1765 2044 aut?

361 2069 462 2108 bona
480 2069 566 2107 sunt
586 2080 649 2107 aut
670 2069 769 2108 mala
783 2088 796 2115 ;
824 2083 908 2123 quae
926 2070 999 2109 fint
1019 2071 1120 2124 paria
1136 2071 1279 2109 neceffe
1298 2072 1364 2110 est.
1397 2073 1617 2110 Commoda
1630 2082 1759 2110 autem

361 2145 427 2173 aut
446 2136 693 2174 incommoda
713 2136 751 2173 in
772 2149 816 2173 eo
836 2149 974 2188 genere
992 2136 1092 2182 sunt,
1123 2151 1208 2189 quae
1237 2138 1425 2191 propofita
1445 2148 1482 2176 et
1501 2139 1637 2190 rejecta
1658 2138 1757 2176 dici-

362 2215 465 2240 mus.
497 2202 553 2239 Ea
573 2202 726 2254 poffunt
746 2202 848 2254 paria
867 2216 944 2241 non
964 2202 1034 2241 effe
1049 2218 1063 2241 ·.
1090 2203 1153 2241 sed
1172 2204 1437 2242 emolumenta
1449 2205 1673 2243 communia
1687 2204 1760 2242 effe

363 2267 558 2306 dicuntur.
591 2268 711 2305 Recte
728 2276 856 2306 autem
872 2267 970 2306 fasta
987 2278 1025 2307 et
1041 2278 1194 2322 peccata
1209 2283 1286 2307 non
1301 2269 1492 2308 habentur
1506 2271 1742 2308 communia.

419 2333 531 2370 XXI.
565 2333 793 2371 Amicitiam
818 2344 947 2372 autern
978 2333 1235 2374 adhibendam
1255 2335 1326 2374 effe
1349 2336 1515 2380 censent,
1541 2337 1630 2387 quia
1649 2335 1693 2373 fit
1713 2348 1760 2373 ex

364 2411 410 2435 eo
430 2411 578 2450 genere,
595 2412 680 2451 quae
695 2399 865 2451 prosunt.
899 2402 1134 2453 Qanquam
1154 2410 1283 2440 autem
1299 2401 1338 2439 in
1355 2402 1524 2439 amicitia
1535 2401 1598 2438 alii
1615 2401 1758 2445 dicant,

365 2478 472 2516 aeque
492 2478 617 2503 caram
637 2465 707 2503 effe
726 2467 882 2518 sapienti
903 2468 1090 2505 rationem
1109 2469 1224 2506 amici
1245 2482 1286 2506 ac
1308 2468 1427 2512 suam,
1459 2468 1522 2505 alii
1542 2478 1670 2505 autem
1691 2467 1761 2505 fibi

366 2531 508 2582 cuique
537 2531 719 2569 cariorem
749 2532 853 2570 suam
867 2552 879 2578 3
912 2543 1041 2571 tamen
1075 2533 1116 2571 hi
1148 2548 1302 2586 quoquc
1337 2534 1556 2587 posteriores
1575 2533 1758 2578 fatentur,

366 2595 537 2636 alienum
571 2596 640 2635 effe
671 2611 690 2635 a
716 2597 875 2650 justitia,
903 2599 949 2637 ad
983 2612 1100 2652 quam
1130 2601 1208 2638 nati
1228 2599 1298 2638 effe
1326 2600 1535 2645 videamur,
1567 2599 1759 2638 detrahen-
