2330 2983
590 247 661 272 110
992 228 1093 267 DE
1180 226 1561 265 FINIBUS

566 333 735 387 Jizcculus
753 329 933 383 abstulerit
946 345 958 367 :
989 328 1190 368 adhibentes
1208 328 1316 373 ludos,
1346 337 1386 367 et
1405 342 1490 381 quae
1503 328 1713 381 sequuntur
1731 327 1812 373 illa,
1832 328 1975 381 quibus

582 398 771 441 (inruetis,
799 396 938 433 clamat
961 395 1152 447 Epicurus
1171 394 1207 434 se
1227 394 1382 439 nescire,
1415 395 1510 447 quid
1538 395 1586 433 fit
1614 394 1779 433 bonum.
1838 395 1976 433 Adfint

581 465 696 502 ctiam
716 461 871 500 formosi
893 461 1015 514 pueri,
1032 461 1100 513 qui
1120 460 1334 499 ministrent
1350 479 1361 505 ;
1384 460 1604 514 respondeat
1619 459 1680 499 his
1699 460 1824 505 vestis,
1840 473 1975 513 argen-

583 538 681 573 tum,
704 525 970 569 Corinthium,
1000 525 1107 563 locus
1137 525 1229 578 ipse,
1262 524 1483 564 aedificium.
1543 526 1630 564 Hos
1649 539 1722 578 ego
1739 525 1861 564 asotos
1881 526 1978 564 bene

582 594 744 647 quidem
763 592 900 635 vivere,
935 600 973 629 at
1003 590 1110 629 beate
1141 604 1354 643 nunquam,
1389 590 1569 629 dixerim.
1619 592 1680 629 Ex
1699 605 1779 644 quo
1797 591 1977 635 efficitur,

583 673 661 698 non
683 668 725 698 ut
749 657 923 710 voluptas
944 670 990 695 ne
1009 657 1055 694 fit
1074 656 1265 709 voluptas,
1284 655 1347 693 sed
1366 665 1410 693 ut
1427 656 1602 708 voluptas
1623 670 1700 696 non
1721 657 1766 694 s1t
1779 655 1978 694 summum

584 726 745 764 bonum.
795 723 882 762 Nec
903 722 982 767 ille,
1004 723 1072 774 qui
1105 722 1325 774 Diogenem
1346 723 1520 760 Stoicum
1541 722 1769 767 adolescens,
1795 722 1878 775 post
1908 735 1977 760 au-

584 799 662 828 tem
682 787 894 828 Panaetium
914 787 1094 830 audierat,
1125 785 1282 830 Laelius,
1318 799 1363 823 eo
1383 786 1506 823 dictus
1526 785 1579 823 est
1598 785 1757 838 sapiens,
1777 785 1883 837 quod
1902 799 1979 823 non

584 854 814 906 intelligeret
844 851 939 904 quid
971 851 1231 889 suaviffimum
1251 850 1354 896 effet,
1387 852 1476 902 (nec
1509 851 1616 889 enim
1636 851 1820 904 sequitur,
1855 858 1900 889 ut
1916 851 1981 889 cui

583 935 649 959 cor
669 921 799 973 sapiat,
821 919 855 956 ei
876 932 954 956 non
975 917 1091 970 sapiat
1109 917 1275 970 palatus)
1297 917 1359 956 sed
1379 917 1470 970 quia
1489 918 1594 970 parvi
1614 917 1655 955 id
1674 919 1843 956 duceret.

721 987 757 1024 Ο
777 984 935 1038 lapathc‚
958 992 999 1022 ut
1006 983 1148 1035 jaflere
1166 983 1287 1037 necqffi’
1305 983 1362 1036 est,
1384 983 1537 1036 cognitu'
1558 983 1616 1022 cui
1618 983 1688 1035 fis.

720 1055 768 1091 In
787 1065 853 1105 quo
872 1051 1004 1089 Laeliu'
1024 1050 1192 1089 clamores
1195 1050 1326 1103 sophos
1344 1050 1401 1088 ille
1405 1049 1545 1103 file-bat

723 1117 853 1161 Edere,
875 1116 1078 1169 compellans
1094 1116 1236 1168 gumias
1253 1130 1296 1154 ex
1315 1115 1435 1154 ordine
1453 1116 1595 1168 nqstros.

724 1183 856 1221 Laeliu'
869 1182 1048 1234 praeclare
1067 1191 1102 1220 et
1122 1181 1363 1235 reflesbphos,
1385 1181 1537 1234 illudque
1554 1195 1640 1220 vere
1654 1197 1669 1220 .·

725 1250 759 1286 O
780 1248 902 1291 Publi,
920 1262 938 1286 o
952 1261 1100 1299 gurges,
1124 1247 1278 1291 Galloni,
1300 1261 1334 1284 es
1353 1247 1449 1285 homo
1464 1247 1580 1299 mistr,
1601 1247 1717 1300 inquit
1732 1263 1747 1284 .·

725 1313 881 1367 Coenasti
896 1314 932 1351 in
948 1314 1035 1368 suita
1054 1327 1234 1365 nunquam
1253 1313 1349 1356 bene,
1376 1327 1454 1351 cum
1473 1313 1586 1351 omnia
1605 1313 1643 1350 in
1662 1313 1678 1350 i
1702 1327 1726 1350 a

726 1379 904 1433 Cotgficmis
909 1379 1059 1432 squilla,
1079 1389 1187 1432 atque
1205 1378 1399 1431 acspetfire
1419 1393 1496 1416 cum
1514 1378 1714 1416 decumano.

589 1449 626 1486 Is
646 1445 727 1484 haec
747 1445 934 1498 loquitur,
962 1444 1030 1496 qui
1055 1445 1095 1482 in
1115 1444 1309 1496 voluptate
1329 1442 1428 1482 nihil
1449 1456 1610 1497 ponens,
1646 1452 1758 1496 negat
1777 1456 1869 1481 eum
1889 1442 1986 1481 bene

588 1525 752 1557 coenare,
788 1511 857 1563 qui
875 1511 1007 1549 omnia
1026 1520 1141 1563 ponat
1162 1511 1201 1548 in
1221 1510 1415 1562 voluptate
1427 1527 1440 1554 3
1471 1519 1510 1547 et
1543 1519 1672 1548 tamen
1706 1523 1783 1548 non
1804 1518 1917 1562 negat
1935 1509 1986 1547 li-

590 1578 725 1616 benter.
744 1589 916 1629 unquam
936 1575 1359 1618 coenaffeGallonium,
1384 1575 1631 1625 (mentiretur
1649 1575 1773 1626 enirn)
1796 1574 1857 1612 sed
1875 1575 1991 1613 bene.

592 1645 649 1682 Ita
668 1643 831 1696 graviter
850 1651 888 1680 et
908 1641 1028 1679 severe
1047 1641 1285 1694 voluptatem
1313 1640 1471 1679 secernit
1496 1654 1516 1679 a
1534 1641 1651 1680 bono.
1711 1641 1774 1679 Ex
1793 1653 1871 1693 quo
1891 1639 1989 1678 illud

590 1709 770 1753 efficitur,
792 1708 858 1760 qui
880 1707 975 1745 bene
990 1715 1158 1751 coenent,
1174 1719 1308 1745 omnes
1329 1706 1494 1744 libenter
1512 1719 1660 1746 coenare
1676 1724 1688 1751 3
1720 1706 1788 1758 qui
1808 1705 1986 1750 libenter,

593 1789 670 1814 non
691 1775 877 1814 continuo
896 1773 1006 1812 bene.
1043 1774 1199 1825 Semper
1219 1772 1361 1811 Laelius
1382 1772 1493 1812 bene.

649 1841 757 1893 Qid
791 1840 887 1878 bene
904 1839 917 1876 ?
950 1839 1067 1878 Dicet
1097 1838 1289 1884 Lucilius,
1322 1840 1428 1883 cosso,
1465 1838 1614 1878 condito.
1657 1838 1729 1877 Sed
1748 1837 1846 1876 cedo
1875 1845 1993 1890 caput

593 1920 712 1944 coenae
734 1921 743 1943 :
767 1907 929 1959 strmone
943 1905 1039 1943 bono.
1074 1904 1182 1956 Qid
1201 1917 1248 1943 ex
1265 1918 1310 1943 eo
1328 1905 1341 1942 ?
1374 1904 1417 1943 Si
1441 1905 1584 1958 quaeri',
1604 1904 1766 1943 libenter.
1803 1903 1994 1941 Veniebat

595 1972 700 2009 enim
719 1971 766 2009 ad
785 1983 950 2015 coenam,
970 1979 1011 2007 ut
1031 1969 1162 2007 animo
1176 1970 1307 2022 quieto
1323 1969 1467 2007 satiaret
1487 1969 1666 2008 desideria
1687 1978 1841 2007 naturae.
1874 1969 1994 2006 Recte

595 2050 686 2089 ergo
714 2037 743 2074 is
777 2044 901 2088 negat,
937 2047 1108 2087 unquam
1141 2034 1236 2072 bene
1265 2033 1425 2072 coenasse
1445 2034 1702 2078 Gallonium,
1735 2035 1846 2078 recte,
1877 2032 1993 2071 mise-

596 2116 711 2140 rum:
743 2116 834 2140 cum
866 2100 1070 2154 praesertim
1104 2101 1141 2137 in
1172 2114 1218 2138 co
1247 2114 1362 2139 omne
1383 2100 1551 2138 studium
1581 2099 1844 2138 consumeret:
1876 2112 1993 2151 quem

597 2167 762 2205 libenter
781 2165 939 2204 coenasse
960 2179 1074 2211 nemo
1094 2176 1218 2218 negat.
1267 2167 1348 2204 Cur
1369 2166 1486 2218 igitur
1507 2179 1582 2204 non
1604 2165 1729 2204 bene?
1766 2164 1871 2216 Qia
1889 2163 1994 2216 quod

599 2233 708 2277 bene,
742 2232 778 2269 id
801 2235 910 2276 τεᾶς,
946 2230 1158 2283 frugaliter,
1191 2230 1370 2269 honeste:
1405 2231 1468 2269 ille
1495 2245 1607 2284 porro
1627 2230 1740 2275 male,
1773 2243 1897 2283 prave,
1926 2243 1992 2267 ne·

597 2299 736 2350 quiter,
774 2298 934 2351 turpiter
967 2298 1155 2335 coenabat.
1217 2298 1307 2336 Non
1346 2298 1462 2350 igitur
1497 2311 1565 2336 nec
1594 2296 1737 2350 lapathi
1773 2296 1994 2334 suavitatem

599 2364 802 2417 acipenseri
837 2364 1010 2402 Gallonii
1046 2363 1186 2401 Laelius
1221 2364 1487 2416 antepone-bat,
1518 2363 1578 2401 scd
1620 2363 1839 2401 suavitatem
1875 2361 1995 2415 ipsam

602 2431 831 2482 negligebat.
875 2430 992 2482 Qod
1014 2444 1089 2468 non
1120 2429 1271 2475 faceret,
1301 2430 1325 2468 li
1348 2431 1384 2467 in
1408 2431 1604 2482 voluptate
1622 2430 1819 2468 summum
1847 2429 1996 2467 bonum

601 2506 771 2549 poneret.

674 2561 745 2601 lx.
796 2562 1030 2602 Semovenda
1072 2563 1124 2602 cst
1155 2563 1271 2617 igitur
1318 2563 1507 2616 voluptas,
1552 2576 1628 2602 non
1665 2562 1787 2602 solum
1823 2570 1866 2600 ut
1899 2561 1996 2599 resta
