2330 2983
695 220 970 260 LIBER
1033 219 1391 259 PRIMUS.
1659 232 1733 271 243

487 317 656 357 Romulus
674 318 710 356 in
730 319 811 357 caelo
830 333 908 357 cum
928 318 1015 357 Diis
1033 318 1113 371 agit
1130 331 1262 362 aevum,

348 392 406 428 ut,
427 382 538 421 famae
557 383 767 427 affentiens,
788 383 886 420 dixit
906 383 1079 427 Ennius5
1110 393 1148 420 et
1167 382 1267 434 apud
1283 382 1452 425 Graecos,
1470 380 1632 433 indeque
1651 394 1737 432 per-

347 449 470 502 lapsus
490 448 535 486 ad
552 461 635 493 nos,
656 457 694 486 et
714 448 830 500 usque
848 448 895 485 ad
911 449 1112 485 Oceanum
1129 447 1316 486 Hercules
1338 455 1463 485 tantus
1483 457 1520 485 et
1541 457 1619 484 tam
1640 460 1736 498 prae-

349 515 430 552 sens
449 513 611 551 habetur
635 515 756 552 Deus.
789 513 897 551 Hinc
918 513 1034 551 Liber
1056 513 1175 557 Deus,
1194 511 1340 550 Semele
1361 521 1469 549 natus
1488 531 1499 556 ς
1530 513 1739 563 eademque

346 579 458 618 famae
482 579 701 617 celebritate
720 578 950 631 Tyndaridae
969 577 1116 622 fratres,
1148 578 1217 629 qui
1238 590 1314 615 non
1334 576 1450 615 modo
1479 577 1666 628 adjutores
1697 578 1738 615 in

344 644 482 698 praeliis
501 644 666 683 viCtoriae
681 644 816 697 populi
830 643 1012 689 Romani,
1032 643 1092 681 sed
1110 644 1226 681 etiarn
1244 642 1385 687 nuntii,
1402 641 1510 680 fuiffe
1528 641 1737 694 perhiben-

347 720 422 749 tur.
455 710 586 763 Qid?
614 712 698 755 Ino,
717 710 854 749 Cadmi
871 709 962 755 filia,
991 722 1116 748 nonne
1131 707 1351 748 Leucothea
1372 709 1568 748 nominata
1587 720 1606 744 a
1626 709 1737 746 Grae-

346 777 416 821 cis,
438 777 592 815 Matuta
624 775 785 814 habetur
803 790 823 813 a
843 775 976 814 nostris
995 775 1007 811 ?
1039 775 1178 826 Qid?
1209 783 1337 813 totum
1358 788 1476 827 prope
1505 774 1660 819 caelum,
1692 787 1739 812 ne

345 841 473 894 plures
493 842 704 895 persequar,
729 855 854 880 nonne
873 840 1046 879 humano
1060 854 1195 893 genere
1214 840 1455 893 completum
1474 839 1555 877 est?

391 907 505 945 XIII.
538 907 576 945 Si
595 920 684 944 vero
702 905 857 944 scrutari
877 916 1013 950 vetera,
1033 914 1071 943 et
1089 919 1135 943 ex
1155 904 1215 943 his
1235 917 1292 949 ea,
1313 918 1397 957 quae
1411 903 1610 957 scriptores
1627 904 1738 942 Grae-

345 973 413 1010 ciae
447 972 708 1024 prodiderunt,
730 985 858 1009 eruere
891 985 1030 1015 coner3
1062 971 1131 1023 ipfi
1151 970 1224 1015 illi,
1259 971 1450 1022 majorum
1469 971 1646 1022 gentium
1670 970 1739 1008 Dii

345 1038 412 1090 qui
431 1037 634 1082 habentur,
651 1035 744 1074 hinc
764 1051 784 1074 a
799 1037 909 1075 nobis
922 1035 1083 1088 profeffi
1098 1037 1137 1073 in
1155 1036 1293 1074 caelum
1309 1037 1555 1088 reperientur.
1586 1036 1738 1087 Qaere,

344 1117 512 1156 quorum
546 1102 853 1140 demonstrantur
886 1101 1056 1154 sepulcra
1087 1101 1128 1139 in
1155 1101 1303 1139 Graecia
1320 1119 1332 1145 ;
1363 1101 1618 1145 reminiscere,
1640 1115 1738 1153 quo-

344 1169 450 1207 niam
470 1181 508 1206 es
528 1168 714 1213 initiatus,
736 1182 821 1220 quae
840 1167 1034 1206 tradantur
1060 1167 1246 1218 mysteriis
1262 1185 1274 1211 5
1306 1176 1391 1205 tum
1411 1166 1591 1219 denique,
1622 1180 1739 1219 quam

341 1233 418 1273 hoc
439 1234 512 1272 late
531 1243 669 1287 pateat,
700 1234 905 1286 intelliges.
946 1233 1017 1271 Sed
1036 1234 1105 1285 qui
1125 1233 1300 1271 nondum
1322 1246 1378 1276 ea,
1398 1246 1483 1285 quae
1501 1232 1635 1271 multis
1654 1233 1740 1285 post

343 1301 451 1339 annis
473 1300 619 1338 tractari
639 1299 850 1352 coepiffent,
885 1298 1037 1352 physica
1056 1297 1283 1343 didicissent,
1315 1306 1466 1337 tantum
1492 1298 1559 1336 fibi
1586 1298 1737 1350 persua-

343 1366 477 1409 serant,
524 1374 713 1417 quantum
744 1375 876 1402 natura
908 1365 1137 1402 admonente
1175 1372 1431 1415 cognoverant
1447 1381 1458 1407 3
1504 1364 1667 1401 rationes
1700 1373 1739 1401 et

343 1431 469 1470 causas
501 1444 627 1469 rerum
658 1445 734 1469 non
756 1431 960 1468 tenebant:
992 1430 1076 1468 vifis
1097 1429 1325 1482 quibusdam
1358 1429 1452 1482 saepe
1471 1430 1736 1474 movebantur,

343 1495 478 1549 hisque
498 1497 668 1534 maxime
688 1496 897 1540 nocturni&
933 1505 976 1534 ut
996 1495 1214 1533 viderentur
1233 1495 1275 1540 ii,
1303 1495 1373 1547 qui
1392 1494 1468 1532 vita
1494 1493 1740 1540 excesserant,

343 1562 482 1601 vivere.

398 1629 455 1666 Ut
486 1640 600 1681 porro
619 1626 878 1666 firmiffimum
898 1625 973 1665 hoc
1001 1625 1125 1665 afferri
1145 1626 1307 1671 videtur,
1339 1639 1407 1665 cur
1440 1626 1544 1664 Deos
1564 1623 1635 1664 effe
1654 1639 1737 1664 cre-

341 1693 490 1738 damus,
522 1692 628 1746 quod
648 1692 754 1731 nulla
771 1706 865 1746 gens
886 1702 963 1731 tarn
983 1691 1075 1738 fera,
1096 1706 1211 1730 nemo
1230 1692 1411 1730 omnium
1432 1701 1510 1730 tam
1530 1691 1575 1729 fit
1594 1691 1737 1730 imma-

341 1759 415 1805 nis,
436 1760 544 1812 cujus
562 1768 735 1797 mentem
755 1772 833 1797 non
853 1758 1039 1797 imbuerit
1059 1758 1235 1796 Deorum
1261 1757 1407 1810 opinio.
1439 1757 1564 1795 Multi
1583 1757 1629 1794 de
1649 1757 1737 1795 Diis

339 1838 451 1878 prava
470 1824 639 1864 sentiunt
650 1842 663 1869 5
697 1824 754 1877 (id
773 1824 878 1863 enim
897 1823 1032 1863 vitioso
1047 1837 1154 1862 more
1170 1823 1271 1862 effici
1291 1822 1383 1861 solet
1399 1823 1431 1874 ς)
1454 1835 1588 1860 omnes
1609 1831 1738 1861 tamen

341 1890 411 1928 effe
432 1891 512 1929 vim
528 1900 566 1928 et
586 1900 759 1929 naturam
791 1889 960 1928 divinam
980 1890 1223 1928 arbitrantur.
1255 1889 1341 1927 Nec
1361 1901 1449 1926 vero
1468 1887 1507 1926 id
1528 1887 1739 1926 collocutio

340 1955 549 1994 hominum
566 1967 630 1995 aut
645 1956 846 1995 consensus
861 1956 980 1994 efficit
995 1971 1003 1995 :
1022 1969 1099 1994 non
1115 1955 1297 1994 institutis
1313 1954 1445 2007 opinio
1462 1953 1513 1992 est
1529 1953 1736 1992 confirma-

340 2031 389 2066 ta,
421 2035 496 2059 non
519 2022 682 2074 legibus.
733 2022 857 2059 Omni
877 2031 1004 2059 autem
1027 2022 1066 2059 in
1089 2034 1127 2059 re
1146 2020 1337 2059 consensio
1362 2020 1540 2058 omnium
1560 2020 1737 2072 gentium

339 2087 401 2125 lex
421 2098 562 2126 naturae
583 2087 749 2141 putanda
767 2087 833 2126 est.
865 2087 964 2138 Qis
985 2087 1036 2125 est
1056 2087 1187 2140 igitur,
1205 2086 1273 2138 qui
1293 2084 1447 2124 suorum
1469 2094 1632 2123 mortem
1655 2085 1736 2137 pri·

342 2166 454 2191 mum
475 2167 550 2191 non
575 2153 620 2191 eo
640 2153 783 2206 lugeat,
819 2154 923 2205 quod
942 2166 1005 2191 eos
1026 2153 1177 2191 orbatos
1209 2153 1294 2189 vitae
1325 2151 1542 2190 commodis
1575 2151 1735 2188 arbitre-

342 2226 403 2256 tur
421 2219 433 2256 ?
466 2219 582 2256 Tolle
616 2218 714 2256 hanc
745 2219 969 2271 opinionem
986 2236 997 2263 ;
1035 2218 1183 2256 luctum
1218 2217 1419 2255 sustuleris.
1471 2217 1602 2255 Nemo
1630 2217 1735 2254 enim

341 2295 479 2322 mceret
510 2285 574 2322 suo
608 2285 871 2323 incommodo.
923 2285 1068 2323 Dolent
1089 2283 1249 2329 fortasse,
1282 2294 1319 2322 et
1339 2292 1553 2336 anguntur:
1586 2282 1645 2320 sed
1671 2282 1737 2320 illa

341 2349 515 2402 lugubris
537 2350 758 2389 lamentatio
779 2351 962 2404 fletusque
982 2364 1148 2389 moerens
1168 2364 1214 2389 ex
1234 2363 1280 2388 eo
1295 2350 1360 2394 est,
1374 2349 1478 2402 quod
1494 2361 1597 2392 eum,
1617 2346 1736 2400 quem

341 2415 562 2459 dileximus,
597 2418 683 2454 vitae
713 2417 929 2455 commodis
961 2417 1153 2470 privatum
1173 2416 1413 2459 arbitramur,
1434 2415 1551 2466 idque
1584 2413 1733 2451 sentire.

341 2483 473 2533 Atque
493 2480 573 2520 haec
594 2483 646 2520 ita
666 2482 847 2523 sentimus
868 2493 1000 2522 natura
1019 2483 1131 2529 duce,
1152 2482 1256 2521 nulla
1277 2481 1419 2519 ratione
1440 2479 1621 2533 nullaque
1640 2478 1734 2518 doc-

344 2556 457 2585 trina.

1293 2611 1434 2651 th
