2330 2983
496 302 573 352 408
751 299 844 338 DE
903 297 1228 337 NATURA
1283 297 1623 337 DEORUM

494 398 622 435 divina
641 396 876 435 describitur.
920 397 1023 434 Deos
1042 396 1148 434 enim
1167 396 1254 434 οξὶο
1272 394 1342 433 effe
1362 395 1457 434 dicit
1468 414 1480 441 ;
1511 396 1684 448 quinque
1703 409 1780 442 eos,
1814 398 1881 450 qui

495 463 535 499 in
556 462 671 500 stellis
703 463 806 514 vagis
832 463 1079 500 nominantur
1095 480 1107 507 ς
1139 475 1276 507 unum,
1307 463 1375 514 qui
1400 475 1446 500 ex
1473 462 1656 500 omnibus
1686 462 1881 507 fideribus,

494 541 579 579 quae
598 528 716 566 infixa
735 528 828 566 caelo
848 527 946 573 sunt,
975 541 1022 566 ex
1041 527 1209 580 disperfis
1230 527 1331 580 quasi
1352 528 1537 566 membris
1558 527 1717 580 simplex
1738 528 1781 565 s1t
1808 542 1881 580 pu-

496 592 632 630 tandus
654 594 784 631 Deus:
815 592 1038 645 septimum,
1057 593 1183 631 Solem
1203 593 1376 645 adjungit
1387 611 1399 637 ;
1421 594 1683 645 oCtavamque‚
1700 593 1853 631 Lunam
1871 607 1880 631 ι

496 658 565 710 qui
585 672 663 710 quo
683 658 787 697 sensu
808 659 908 696 beati
929 658 999 696 effe
1015 659 1168 710 poffint,
1190 658 1355 710 intelligi
1375 672 1451 697 non
1472 658 1608 711 potest.

552 725 613 762 Ex
641 725 773 762 eadem
794 724 962 762 Platonis
980 723 1110 762 schola
1130 724 1312 762 Ponticus
1340 724 1561 762 Heraclides
1593 723 1804 776 puerilibus
1823 722 1882 761 fa·

497 789 598 827 bulis
633 789 775 827 refersit
805 789 949 826 libros:
981 798 1019 825 et
1051 797 1179 826 tamen
1210 789 1328 826 modo
1358 789 1566 832 mundum,
1599 798 1683 826 tum
1713 799 1883 826 mentem

495 855 663 892 divinam
685 854 753 892 effe
773 863 909 906 putat:
940 853 1152 891 errantibus
1183 854 1299 891 etiam
1320 853 1434 890 stellis
1461 853 1703 890 divinitatem
1733 854 1883 898 tribuit,

495 920 677 972 sensuque
697 921 828 958 Deum
847 920 985 972 privat,
1005 929 1042 958 et
1061 921 1142 972 ejus
1163 918 1329 957 formam
1349 918 1579 957 mutabilem
1599 918 1670 957 effe
1689 919 1773 956 vult
1785 936 1797 963 ς
1819 932 1884 957 eo-

495 986 662 1038 demque
682 987 721 1024 in
742 986 842 1024 libro
862 986 985 1024 rursus
1006 995 1144 1024 terram
1160 995 1198 1024 et
1216 986 1354 1024 caelum
1374 984 1487 1023 refert
1506 985 1546 1022 in
1567 986 1686 1023 Deos.

550 1053 638 1091 Nec
663 1067 751 1091 vero
770 1052 1028 1105 Theophrasti
1057 1052 1307 1090 inconstantia
1338 1051 1490 1090 ferenda
1515 1051 1580 1089 est.
1623 1050 1748 1089 Modo
1777 1051 1883 1089 enim

498 1118 620 1156 menti
636 1118 812 1156 divinum
832 1118 969 1156 tribuit
985 1119 1242 1171 principatum
1257 1135 1268 1162 ;
1291 1117 1408 1155 modo
1424 1116 1540 1162 caelo;
1562 1126 1647 1155 turn
1665 1124 1794 1154 autem
1810 1115 1884 1168 fig-

496 1184 556 1221 nis
572 1183 825 1236 fideribusque
844 1183 1069 1221 caelestibus.

551 1249 639 1287 Nec
658 1249 868 1287 audiendus
888 1250 968 1300 ejus
988 1249 1138 1286 auditor
1156 1248 1292 1292 Strato,
1314 1248 1345 1286 is
1365 1247 1433 1300 qui
1453 1246 1628 1300 physicus
1648 1247 1860 1301 appellatur
1871 1266 1884 1292 ς

495 1313 567 1364 qui
586 1326 745 1351 omnem
764 1313 846 1350 vim
865 1313 1036 1351 divinam
1056 1313 1095 1349 in
1117 1321 1249 1350 natura
1268 1312 1377 1349 fitam
1405 1310 1476 1348 effe
1495 1312 1635 1356 censet,
1656 1325 1742 1364 quae
1761 1311 1886 1350 causas
1915 1351 1922 1354 ,

494 1377 696 1430 gignendi,
726 1377 903 1430 augendi,
935 1377 1136 1415 minuendi
1161 1375 1299 1414 habeat
1313 1393 1326 1420 5
1357 1375 1418 1414 sed
1448 1385 1569 1414 careat
1588 1375 1697 1414 omni
1726 1375 1830 1413 sensu
1849 1385 1889 1414 et

494 1442 632 1495 figura.

553 1509 666 1546 XIV.
699 1509 808 1546 Zeno
827 1517 954 1546 autem
984 1508 1046 1560 (ut
1056 1508 1140 1560 jam
1160 1507 1205 1546 ad
1221 1507 1374 1552 vestros,
1393 1507 1524 1551 Balbe,
1544 1506 1712 1557 veniam)
1736 1515 1888 1544 natura-

497 1572 576 1610 lem
596 1572 723 1625 legem
738 1573 907 1610 divinam
924 1572 994 1610 effe
1013 1571 1153 1616 censet,
1173 1585 1334 1623 eamque
1357 1572 1436 1609 vim
1452 1572 1624 1610 obtinere
1644 1573 1743 1609 recta
1761 1571 1889 1623 impe-

499 1647 660 1684 rantem,
681 1637 1028 1691 prohibentemque
1047 1637 1255 1675 contraria:
1287 1650 1404 1689 quam
1425 1637 1551 1690 legem
1581 1638 1778 1689 quomodo
1803 1637 1888 1674 effi-

499 1704 574 1741 ciat
592 1705 840 1748 animantem,
863 1692 1076 1755 intelligere
1091 1716 1168 1741 non
1188 1701 1397 1755 possumus.
1418 1703 1549 1740 Deum
1565 1712 1691 1740 autem
1712 1703 1889 1740 animan-

502 1779 581 1807 tem
603 1778 703 1806 certe
716 1768 895 1806 volumus
915 1767 999 1806 effe.
1037 1769 1169 1819 Atque
1188 1766 1252 1805 hic
1272 1768 1374 1806 idem
1396 1767 1470 1806 alio
1490 1767 1576 1806 loco
1595 1767 1744 1811 aethera,
1759 1768 1889 1806 Deum

499 1834 622 1879 dicit;
653 1835 679 1872 fi
711 1834 873 1886 intelligi
901 1833 1022 1886 potest
1052 1832 1151 1871 nihil
1171 1832 1333 1871 sentiens
1361 1833 1483 1878 Deus,
1503 1833 1570 1885 qui
1598 1846 1796 1884 nunquam
1818 1846 1889 1871 no-

500 1901 558 1939 bis
580 1901 747 1939 occurrit
767 1913 890 1952 neque
920 1899 960 1936 in
977 1899 1168 1951 precibus,
1201 1912 1326 1951 neque
1358 1899 1399 1936 in
1426 1898 1580 1951 optatis,
1612 1911 1734 1950 neque
1761 1898 1800 1935 in
1820 1911 1890 1936 vo·

500 1966 565 2005 tis.
597 1967 696 2004 Aliis
717 1975 846 2003 autem
868 1965 974 2002 libris
995 1965 1182 2003 rationem
1203 1964 1409 2016 quandam,
1434 1977 1500 2017 per
1519 1963 1697 2002 omnium
1717 1972 1891 2001 naturam

502 2045 628 2070 rerum
649 2031 918 2083 pertinentem,
949 2039 992 2067 ut
1021 2030 1189 2067 divinam
1210 2030 1280 2067 esse
1297 2029 1470 2067 affectam
1491 2038 1612 2082 putat.
1659 2029 1767 2067 Idem
1787 2029 1891 2066 astris

501 2096 577 2134 hoc
598 2096 700 2134 idern
723 2096 872 2139 tribuit,
895 2104 979 2132 tum
1000 2095 1121 2139 annis,
1144 2094 1349 2138 mensibus,
1370 2106 1635 2146 annorumque
1664 2093 1891 2131 mutationi-

502 2162 588 2200 bus.
636 2162 740 2199 Cum
771 2175 858 2199 vero
886 2160 1042 2199 Hcfiodi
1063 2159 1335 2212 Theogoniam
1368 2160 1646 2211 interpretatur,
1676 2159 1778 2196 tollit
1803 2172 1891 2196 om·

503 2227 597 2267 nino
617 2227 742 2265 insitas
763 2226 1037 2280 praeccptasque
1057 2226 1294 2277 cognitiones
1316 2225 1503 2263 Deorum.
1537 2225 1677 2276 Neque
1696 2224 1801 2261 enim
1821 2225 1892 2275 Jo-

503 2306 606 2337 vem,
637 2306 760 2345 neque
791 2293 1000 2343 Junonem,
1037 2305 1159 2343 neque
1191 2290 1358 2334 Vestam,
1391 2303 1512 2341 neque
1547 2303 1797 2342 quemquam,
1825 2290 1892 2342 qui

503 2358 557 2397 ita
589 2358 813 2411 appelletur,
849 2358 887 2395 in
923 2359 1094 2395 Deorum
1129 2356 1244 2395 habet
1278 2369 1452 2400 numero,
1481 2355 1540 2393 sed
1571 2356 1681 2394 rebus
1714 2356 1892 2393 inanimis

504 2434 619 2477 atque
639 2424 758 2462 mutis
779 2437 844 2477 per
872 2423 1064 2476 quandam
1094 2422 1407 2476 significationem
1428 2421 1508 2460 haec
1529 2422 1640 2461 docet
1661 2422 1802 2460 tributa
1822 2436 1893 2460 no-

505 2491 626 2530 mina.

563 2556 685 2607 Cujus
707 2556 883 2609 discipuli
905 2554 1090 2595 Aristonis
1112 2567 1187 2593 non
1205 2553 1332 2593 minus
1354 2566 1494 2607 magno
1514 2554 1552 2592 in
1573 2567 1695 2594 errore
1711 2552 1893 2593 sententia
