2330 2983
589 280 668 321 254
896 262 1674 304 TUSCULANARUM

642 356 748 415 Qud
779 365 845 403 illa
872 364 944 409 vis,
973 378 1057 417 quae
1087 364 1243 403 tandem
1274 364 1340 410 est,
1369 379 1453 417 quae
1473 365 1671 418 investigat
1700 364 1865 410 occulta,
1896 378 1981 418 quae

586 432 771 476 inventio,
793 440 905 483 atque
923 431 1156 483 excogitatio
1175 430 1318 468 dicitur
1335 431 1348 468 ?
1380 432 1440 470 Ex
1459 430 1582 469 hacne
1601 431 1674 469 tibi
1690 430 1848 475 terrena,
1873 440 1997 468 mor-⁹

586 498 729 550 talique
747 496 880 535 natura
907 505 946 534 et
976 496 1119 534 caduca
1137 505 1314 534 concreta
1341 510 1384 534 ea
1413 497 1594 535 videtur?
1624 506 1689 536 aut
1719 498 1787 549 qui
1817 497 1980 549 primus,

586 563 692 615 quod
712 562 871 600 summae
892 561 1081 614 sapientiae
1102 560 1327 614 Pythagorae
1345 562 1468 600 visum
1489 562 1553 607 est,
1570 563 1753 601 omnibus
1771 562 1882 600 rebus
1903 562 1981 599 im·

586 628 712 681 posuit
732 628 920 666 nomina?
951 637 1015 665 aut
1048 627 1117 679 qui
1147 627 1339 680 dissipatos
1373 626 1551 666 homines
1583 627 1842 681 congregavit,
1871 635 1909 664 et
1937 626 1983 664 ad

587 693 805 732 societatem
838 693 924 731 vitae
952 692 1208 731 convocavit?
1252 702 1318 731 aut
1351 693 1418 745 qui
1452 693 1561 731 sonos
1587 694 1706 738 vocis,
1738 693 1806 745 qui
1840 691 1983 730 infiniti

585 759 826 803 videbantur,
856 758 987 810 paucis
1017 757 1214 795 literarum
1241 758 1343 796 notis
1373 759 1623 796 terminavit?
1665 767 1729 796 aut
1757 758 1826 810 qui
1855 771 1982 796 erran-

586 825 688 862 tium
709 824 903 862 stellarum
923 821 1066 867 cursus,
1094 822 1381 875 progressiones,
1404 822 1660 860 institutiones
1681 822 1825 860 notavit
1843 822 1856 858 ?
1879 823 1983 860 Om-

585 904 650 928 nes
671 890 801 942 magni
815 907 826 934 5
862 889 978 926 etiam
999 888 1222 941 superiores,
1257 888 1326 940 qui
1345 887 1488 940 fruges,
1511 889 1579 940 qui
1598 888 1792 932 vestitum,
1814 887 1882 941 qui
1902 896 1984 926 tec-

585 966 637 1001 ta,
672 957 740 1008 qui
775 955 928 993 cultum
954 955 1054 999 vitae,
1087 955 1156 1006 qui
1191 954 1358 1007 praefidia
1385 963 1518 992 contra
1551 953 1647 992 feras
1679 955 1935 999 invenerunt3
1966 968 1986 992 a

585 1021 728 1074 quibus
749 1019 1011 1065 mansuefacti,
1027 1028 1065 1057 et
1084 1019 1244 1065 exculti,
1273 1033 1294 1057 a
1318 1019 1528 1058 necessariis
1558 1019 1728 1058 artificiis
1755 1019 1801 1058 ad
1829 1020 1983 1073 elegan-

585 1088 682 1126 tiora
701 1086 946 1125 defluximus.
997 1085 1104 1124 Nam
1122 1094 1160 1123 et
1189 1085 1344 1123 auribus
1379 1085 1583 1124 oblectatio
1614 1099 1752 1139 magna
1782 1094 1886 1139 parta
1917 1085 1983 1131 est,

586 1152 757 1197 inventa,
778 1161 816 1190 et
843 1150 1054 1204 temperata
1072 1151 1264 1196 varietate,
1285 1159 1325 1188 et
1340 1151 1473 1189 natura
1494 1151 1672 1189 sonorum
1690 1169 1702 1195 ;
1733 1160 1771 1189 et
1798 1151 1891 1189 astra
1906 1150 1984 1189 sus-

585 1218 780 1270 peximus,
815 1226 901 1255 tum
931 1229 987 1260 ea,
1022 1230 1108 1268 quae
1128 1215 1215 1254 sunt
1233 1215 1351 1254 infixa
1370 1216 1482 1254 certis
1501 1216 1610 1261 locis,
1642 1225 1727 1254 tum
1748 1216 1814 1254 illa
1833 1229 1910 1255 non
1931 1229 1984 1262 re,

585 1283 648 1321 sed
668 1281 869 1326 vocabulo,
889 1281 1062 1319 errantia.
1099 1281 1281 1333 Qorum
1305 1281 1581 1325 converfiones,
1611 1281 1821 1334 omnesque
1841 1291 1985 1327 motus,

586 1349 656 1401 qui
690 1348 820 1386 animo
853 1346 963 1391 vidit,
994 1347 1026 1384 is
1059 1346 1216 1391 docuit„
1240 1347 1405 1385 similem
1434 1347 1610 1384 animum
1642 1346 1753 1384 suum
1787 1347 1868 1398 ejus
1899 1347 1984 1391 esse,

585 1415 655 1467 qui
690 1427 732 1452 ea
751 1412 958 1451 fabricatus
988 1411 1076 1450 effet
1110 1412 1150 1450 in
1170 1412 1277 1450 caelo.
1342 1412 1449 1451 Nam
1483 1425 1575 1450 cum
1595 1411 1850 1450 Archimedes
1872 1412 1986 1458 lunae,

586 1480 690 1526 solis,
735 1480 910 1532 quinque
943 1479 1155 1517 errantium
1189 1487 1318 1517 motus
1350 1479 1390 1520 in
1425 1477 1609 1531 sphaeram
1643 1478 1822 1531 illigavit,
1859 1478 1987 1517 effecit

586 1546 708 1591 idem,
744 1545 849 1598 quod
879 1545 959 1589 ille,
991 1545 1059 1597 qui
1094 1545 1134 1582 in
1161 1545 1314 1583 Timaeo
1345 1545 1538 1582 mundum
1569 1544 1782 1590 aedificavit,
1815 1545 1986 1585 Platonis

587 1613 712 1657 Deus,
742 1621 786 1649 ut
807 1611 994 1656 tarditate,
1022 1610 1270 1649 etrceleritate
1290 1609 1564 1648 diffimillimos
1591 1619 1721 1648 motus
1742 1623 1817 1648 una
1845 1619 1988 1663 regeret

587 1675 794 1717 converfio.
845 1676 962 1728 Qod
994 1675 1017 1714 fi
1040 1677 1079 1714 in
1100 1675 1174 1714 hoc
1194 1675 1343 1714 mundo
1366 1675 1448 1713 fieri
1469 1675 1544 1713 fine
1564 1676 1649 1713 Deo
1678 1689 1756 1713 non
1777 1675 1911 1729 potest,
1939 1689 1987 1714 ne

587 1744 628 1782 in
649 1742 791 1795 sphaera
810 1742 970 1795 quidem
990 1742 1143 1782 eosdem
1163 1750 1292 1780 motus
1310 1740 1564 1780 Archimedes
1585 1741 1660 1789 fine
1680 1740 1812 1779 divino
1831 1741 1987 1795 ingenio

587 1808 767 1862 potuisset
788 1808 944 1846 imitari.

649 1875 800 1914 XXVI.
823 1873 933 1913 Mihi
952 1888 1040 1913 vero
1057 1888 1104 1912 ne
1126 1873 1207 1913 haec
1227 1874 1388 1927 quidem
1409 1875 1571 1920 notiora,
1587 1885 1624 1913 et
1644 1874 1846 1913 illustriora
1860 1887 1985 1912 carere

589 1942 627 1980 vi
647 1941 777 1979 divina
796 1941 974 1979 videntur
986 1959 997 1985 ς
1030 1950 1072 1978 ut
1092 1954 1163 1993 ego
1183 1950 1247 1979 aut
1267 1951 1421 1994 poetam
1445 1955 1557 1994 grave
1578 1941 1816 1994 plenumque
1834 1954 1988 1979 carmen

590 2007 666 2046 fine
679 2006 814 2045 caelesti
827 2007 956 2059 aliquo
969 2007 1109 2044 mentis
1123 2006 1302 2045 instinctu
1316 2017 1449 2059 putem
1465 2006 1637 2051 fundere,
1652 2017 1715 2044 aut
1728 2007 1989 2058 eloquentiam

591 2073 666 2111 fine
697 2072 860 2125 quadam
895 2072 931 2109 vi
967 2073 1109 2124 majore
1144 2071 1272 2117 fluere,
1300 2072 1558 2110 abundantem
1596 2071 1816 2110 sonantibus
1848 2072 1986 2116 verbis,

592 2138 847 2190 uberibusque
868 2138 1074 2176 sententiis.
1109 2137 1357 2191 Philosophia
1377 2151 1478 2183 vero,
1499 2139 1678 2177 omnium
1694 2148 1813 2175 mater
1833 2138 1987 2181 artium,

592 2204 685 2257 quid
706 2204 758 2242 cst
778 2204 894 2248 aliud,
913 2204 996 2248 nisi,
1018 2213 1060 2242 ut
1083 2204 1191 2242 Plato
1210 2204 1276 2249 ait,
1297 2204 1468 2249 donum;
1503 2214 1544 2242 ut
1561 2218 1646 2257 ego,
1665 2205 1864 2242 inventum
1881 2205 1988 2241 Deo-

593 2285 679 2309 rum
699 2271 711 2307 ?
734 2271 831 2309 Haec
853 2284 920 2308 nos
943 2269 1112 2323 primum
1131 2271 1176 2308 ad
1197 2271 1354 2309 illorum
1375 2271 1542 2314 cultum.
1561 2271 1697 2309 deinde
1717 2271 1836 2322 adjus
1857 2269 1990 2308 homi-

594 2351 702 2381 num,
738 2336 841 2389 quod
864 2336 976 2374 situm
1003 2336 1055 2374 est
1087 2338 1124 2374 in
1146 2338 1293 2389 generis
1315 2337 1475 2375 humani
1505 2337 1693 2381 socictate,
1720 2346 1803 2374 tum
1826 2336 1870 2373 ad
1904 2350 1991 2373 mo-

594 2404 748 2441 destiam
771 2403 1155 2456 magnitudinemque
1177 2404 1295 2442 animi
1317 2405 1480 2442 erudivit
1499 2423 1508 2448 ;
1540 2405 1750 2456 cademque
1770 2404 1816 2441 ab
1847 2403 1989 2446 animo,

595 2479 775 2521 tanquam
798 2470 844 2507 ab
865 2469 1001 2513 oculis,
1033 2469 1237 2521 caliginem
1270 2470 1442 2524 dispulit,
1474 2481 1516 2509 ut
1536 2471 1666 2509 omnia
1684 2469 1826 2524 supera,
1856 2467 1988 2511 infera,

593 2536 730 2589 prima,
755 2536 905 2582 ultima,
927 2536 1052 2576 media
1072 2536 1298 2575 videremus.
