2330 2983
573 215 624 242 20
890 202 953 241 Μ.
1012 200 1645 241 T.CICERONIS

571 295 618 333 ab
638 293 699 332 his
721 293 827 332 causa
846 293 1198 346 comprehenditur.
1249 293 1472 347 Composita
1491 304 1619 333 autem
1641 305 1684 331 ea
1702 292 1895 332 conclusio
1913 294 1964 334 fic

570 360 648 404 est,
682 361 844 404 Eorum,
876 373 959 411 quae
989 359 1179 405 videntur,
1210 359 1282 397 alia
1311 373 1396 397 vera
1422 359 1521 405 sunt,
1551 359 1623 398 alia
1641 358 1758 397 falsa:
1789 369 1828 397 et
1861 359 1967 412 quod

570 424 708 463 falsum
729 425 794 469 est,
817 425 855 463 id
876 425 1018 478 percipi
1040 439 1116 463 non
1136 425 1283 478 potest:
1315 425 1418 478 quod
1439 435 1567 463 autem
1592 438 1726 463 verum
1747 425 1871 463 visum
1897 425 1964 471 est,

570 490 610 528 id
642 504 757 528 omne
784 490 856 528 tale
886 490 951 535 est,
995 500 1037 528 ut
1062 491 1229 542 ejusdem
1261 491 1367 529 modi
1387 489 1524 529 falsum
1556 491 1671 529 etiam
1692 489 1804 544 poffit
1829 490 1962 529 videri.

569 557 637 601 Et,
660 571 744 609 quae
764 555 839 594 visa
858 556 944 594 sunt
963 556 1164 609 ejusmodi,
1187 566 1229 594 ut
1250 557 1288 595 in
1310 557 1355 595 iis
1374 556 1472 594 nihil
1494 557 1650 602 intersit,
1665 570 1742 595 non
1761 556 1883 610 potest
1899 570 1964 595 ac-

569 623 706 667 cidere,
739 631 781 660 ut
801 636 935 661 eorum
955 623 1026 660 alia
1044 623 1188 675 percipi
1209 622 1362 675 poffint,
1393 623 1464 660 alia
1484 637 1560 661 non
1582 622 1733 676 poffint.
1792 623 1964 661 Nullum

567 688 688 740 igitur
707 688 758 726 est
777 687 916 732 visum,
933 687 1038 740 quod
1051 688 1195 741 percipi
1214 687 1337 740 poffit.
1362 690 1459 739 Qae
1476 698 1603 726 autem
1621 688 1791 732 sumunt,
1810 697 1852 726 ut
1867 701 1963 727 con-

567 754 725 792 cludant
744 755 783 792 id
803 753 908 806 quod
940 754 1088 798 volunt,
1118 767 1165 792 ex
1196 753 1255 791 his
1275 754 1352 792 duo
1372 753 1440 791 fibi
1459 763 1597 806 putant
1619 753 1778 792 concedi
1795 772 1809 798 ‚-
1839 766 1966 807 neque

567 819 673 857 enim
694 819 896 871 quisquam
924 827 1123 871 repugnat.
1174 820 1231 856 Ea
1250 818 1336 856 sunt
1354 817 1436 856 haec
1453 837 1465 863 ς
1497 820 1588 870 Qae
1606 819 1685 871 vg‘siz
1695 819 1900 872 fhybstnt‚
1923 833 1967 858 ea

560 885 704 938 percipi
729 899 796 923 non
812 883 928 938 pqffi’:
958 894 996 922 et
1016 884 1192 930 alterum,
1222 886 1328 923 Inter
1347 898 1426 937 quce
1455 884 1534 938 vsa
1551 884 1646 923 nihil
1659 884 1813 936 interfit,
1843 899 1886 924 ex
1909 884 1967 925 hir

566 965 634 989 non
646 951 738 1004 poffl²
754 952 827 990 alia
846 951 937 989 talia
955 950 1026 1004 esth,
1048 960 1090 989 ut
1101 950 1390 1004 percspipqffi'nt,
1416 951 1490 1010 aliq
1509 960 1550 989 ut
1569 964 1637 990 non
1649 950 1791 1004 pqffint.

622 1017 788 1070 Reliqua
820 1030 908 1055 vero
937 1016 1062 1055 multa
1090 1025 1128 1054 et
1161 1016 1262 1054 varia
1294 1016 1464 1054 oratione
1494 1015 1705 1055 defendunt
1720 1035 1733 1061 ;
1764 1030 1849 1070 quae
1876 1017 1964 1056 sunt

566 1082 662 1120 item
683 1083 760 1121 duo
777 1097 786 1121 :
819 1096 957 1127 unum,
979 1083 1142 1127 Eorum,
1165 1096 1250 1135 quae
1269 1082 1482 1127 videantur,
1503 1083 1574 1120 alia
1594 1096 1677 1120 vera
1695 1081 1779 1127 effe,
1797 1082 1870 1120 alia
1887 1082 1961 1121 fal·-

566 1148 628 1193 sa,
660 1148 837 1193 alterum,
860 1149 991 1186 Omne
1009 1148 1147 1193 visum,
1168 1149 1274 1201 quod
1294 1148 1337 1186 fit
1357 1162 1377 1186 a
1400 1161 1502 1194 vero,
1524 1148 1596 1186 tale
1611 1148 1696 1194 effe,
1719 1148 1831 1201 quale
1846 1149 1964 1188 etiam

566 1227 587 1251 a
606 1213 697 1252 falso
717 1214 829 1267 possit
858 1214 942 1252 effe.
1001 1215 1100 1252 Haec
1120 1214 1197 1253 duo
1219 1214 1408 1268 proposita
1425 1228 1502 1253 non
1522 1215 1799 1268 praetervolant,
1830 1215 1890 1253 sed
1910 1216 1964 1254 ita

565 1279 738 1325 dilatant,
760 1289 803 1318 ut
823 1294 898 1318 non
920 1280 1154 1318 mediocrem
1175 1294 1307 1318 curam
1327 1280 1531 1319 adhibeant
1545 1289 1583 1319 et
1595 1280 1850 1334 diligentiam.
1884 1282 1961 1320 Di-

565 1344 702 1382 vidunt
722 1345 827 1383 enim
847 1345 886 1382 in
907 1354 1042 1398 partes,
1073 1354 1110 1382 et
1125 1357 1184 1383 eas
1205 1345 1364 1397 quidem
1385 1359 1565 1398 magnas:
1597 1346 1786 1398 primum,
1807 1347 1847 1384 in
1877 1346 1963 1385 seri-

565 1410 624 1448 sus
642 1425 650 1448 :
674 1410 824 1455 deinde,
847 1411 885 1447 in
901 1423 955 1455 ea,
974 1424 1059 1462 quae
1074 1409 1268 1448 ducuntur
1280 1424 1301 1448 a
1315 1410 1494 1455 sensibus,
1511 1420 1549 1449 et
1566 1411 1613 1449 ab
1625 1411 1734 1449 omni
1754 1411 1962 1450 consuetu·

564 1475 666 1520 dine,
695 1489 811 1528 quam
843 1475 1035 1513 obscurari
1055 1475 1216 1513 volunt:
1249 1485 1334 1514 tum
1354 1476 1581 1528 perveniunt
1607 1476 1652 1514 ad
1683 1490 1767 1515 mm
1796 1486 1959 1530 partem,

564 1550 607 1579 ut
628 1554 673 1578 ne
694 1541 838 1578 ratione
857 1541 1016 1593 quidem
1036 1549 1074 1578 et
1094 1541 1312 1592 conjeRura
1331 1541 1408 1579 ulla
1428 1555 1485 1580 res
1505 1543 1650 1596 percipi
1670 1542 1793 1595 poffit.

619 1607 717 1645 Haec
737 1616 865 1644 autem
895 1605 1064 1644 universa
1089 1606 1299 1644 concidunt
1319 1607 1433 1645 etiam
1465 1607 1668 1646 minutius.
1711 1609 1768 1646 Ut
1787 1609 1892 1646 enim
1914 1608 1960 1646 de

564 1672 727 1710 sensibus
757 1671 930 1710 hesterno
956 1671 1126 1710 sermone
1145 1672 1304 1717 vidistis,
1335 1673 1429 1711 item
1458 1671 1606 1712 faciunt
1636 1674 1682 1712 de
1703 1674 1886 1727 reliquis:
1918 1675 1959 1713 in

563 1737 795 1791 singulisque
816 1738 940 1783 rebus,
974 1751 1066 1790 quas
1087 1738 1126 1776 in
1158 1738 1320 1777 minima
1351 1738 1593 1792 dispertiunt,
1628 1739 1766 1778 volunt
1795 1741 1957 1785 efficere,

564 1803 623 1841 his
644 1805 840 1849 omnibus,
871 1818 956 1856 quae
975 1804 1050 1842 visa
1069 1804 1155 1849 sint,
1177 1805 1272 1842 veris
1293 1805 1469 1857 adjunita
1490 1805 1559 1844 ess‘e
1589 1804 1690 1851 falsa,
1713 1820 1797 1858 quae
1816 1820 1837 1844 a
1861 1807 1958 1845 veris

566 1869 660 1907 nihil
684 1869 859 1908 differant
877 1885 885 1908 ε
917 1883 960 1908 ea
979 1883 1070 1907 cum
1092 1870 1180 1909 talia
1198 1870 1282 1916 sint,
1305 1870 1402 1909 nihil
1423 1870 1524 1925 poffe
1544 1870 1833 1925 comprehendi.

618 1936 729 1974 XIV.
763 1937 876 1974 Hanc
896 1949 967 1988 ego
987 1935 1236 1974 subtilitatem
1260 1936 1502 1990 philosophia
1521 1938 1678 1990 quidem
1699 1937 1958 1990 digniffimam

557 2001 705 2053 judico,
729 2001 788 2039 scd
805 2001 850 2039 ib
871 2015 1004 2040 eorum
1025 2001 1146 2046 causa,
1167 2002 1233 2054 qui
1253 2003 1302 2040 ita
1323 2002 1956 2047 differunt,rcmotiffin1am.De-

561 2066 753 2105 finitioncs
783 2067 904 2112 enim,
923 2078 960 2105 et
981 2067 1216 2120 partitiones,
1237 2078 1273 2105 ct
1295 2067 1436 2106 horum
1458 2069 1671 2106 luminibus
1693 2079 1802 2107 utens
1822 2070 1957 2113 oratio,

563 2142 648 2170 tum
680 2132 959 2178 similitudines,
986 2132 1398 2186 diflimilstuffinesquc,
1433 2144 1470 2172 et
1489 2149 1618 2172 cirum
1650 2135 1772 2172 tenuis
1793 2144 1830 2172 et
1850 2145 1960 2174 acuta

562 2197 765 2242 distinctio,
799 2196 1001 2236 fidentium
1027 2197 1079 2236 cst
1099 2197 1322 2243 hominum,
1359 2199 1423 2237 illa
1453 2213 1549 2244 vera,
1577 2210 1614 2238 ct
1637 2199 1760 2244 firma,
1790 2211 1826 2238 et
1857 2211 1962 2238 certa

561 2263 645 2308 esse,
667 2277 751 2316 qua:
773 2273 970 2309 tutentur,
1004 2278 1079 2303 non
1111 2278 1259 2310 eorum,
1282 2265 1347 2317 qui
1380 2265 1562 2310 clament,
1589 2265 1712 2304 nihilo
1733 2267 1852 2319 magis
1874 2279 1958 2304 vem

562 2329 626 2366 illa
645 2328 729 2374 csse,
751 2343 866 2382 quam
888 2328 989 2368 falsa.
1022 2330 1129 2383 Qid
1150 2331 1254 2368 enim
1277 2341 1401 2384 agant,
1432 2331 1471 2376 si,
1502 2346 1593 2370 cum
1624 2332 1768 2384 aliquid
1796 2331 1956 2370 definic-

562 2394 652 2438 rint,
684 2405 788 2448 roget
808 2408 870 2434 cos
901 2395 1104 2450 quispiam,
1138 2410 1231 2434 num
1255 2396 1318 2434 illa
1338 2397 1511 2435 definitio
1531 2397 1640 2450 possit
1672 2398 1709 2435 in
1741 2398 1853 2435 aliam
1876 2410 1957 2436 rem

563 2459 750 2498 transferri
769 2461 996 2513 quamlibet.
1028 2463 1064 2500 Si
1088 2461 1187 2516 pofl‘e
1207 2462 1398 2507 dixerint;
1420 2464 1514 2516 quid
1532 2473 1615 2502 tum
1636 2463 1759 2502 dicere
1778 2462 1954 2508 habeant,

561 2539 629 2565 cur
648 2525 713 2565 illa
733 2541 815 2566 vera
835 2527 1009 2568 definitio
1029 2527 1073 2568 sit
1090 2529 1103 2567 ?
1127 2529 1190 2568 Sin
1211 2530 1454 2583 negaverint,
1478 2529 1676 2570 fatendum
1690 2530 1748 2576 sit,
1770 2530 1957 2584 quoniam
