2330 2983
491 232 574 274 334
793 212 1586 256 TUSCULANARUM.

490 327 644 375 ponunt
669 315 1008 369 tranquillitatem,
1038 314 1078 352 id
1111 313 1177 358 est,
1208 312 1400 366 placidam
1429 313 1678 365 quietamque
1711 311 1889 351 constan-

492 387 588 424 tiam
603 401 616 428 ς
647 383 688 420 in
708 381 775 419 illa
803 380 918 418 altera
939 388 1070 418 motus
1097 378 1286 423 turbidos,
1316 387 1403 416 tum
1432 378 1510 423 irae,
1541 386 1627 415 tum
1652 376 1890 429 cupiditatis,

491 447 699 488 contrarios
714 445 969 498 inimicosque
984 443 1135 483 rationi.
1157 443 1214 482 Sit
1232 443 1351 496 igitur
1362 442 1427 481 hic
1439 442 1542 481 fons.
1564 444 1734 481 Utamur
1746 451 1891 487 tamen,

491 516 534 554 in
553 513 614 552 his
634 511 986 567 perturbationibus
1005 509 1275 555 describendis,
1297 509 1514 548 Stoicorum
1529 507 1834 553 definitionibus,
1853 515 1893 545 et

491 578 763 634 partitionibus
778 595 791 622 5
822 576 892 629 qui
911 574 1012 614 mihi
1042 575 1219 615 videntur
1252 575 1294 613 in
1321 573 1394 613 hac
1420 574 1626 626 quaestione
1644 573 1779 612 versari
1797 585 1891 611 acu-

492 645 647 684 tiffime.

547 711 620 749 VI.
644 709 711 747 Est
730 708 850 761 igitur
869 706 1039 745 Zenonis
1064 703 1147 743 haec
1165 704 1365 748 definitio,
1388 713 1432 742 ut
1450 703 1688 756 perturbatio
1707 702 1767 748 fit,
1787 701 1893 756 quod

490 769 627 817 mffi&
656 774 722 812 ille
752 772 862 816 dicit,
892 771 1014 809 aversa
1042 783 1064 808 a
1094 771 1193 808 reeca
1210 769 1368 813 ratione,
1395 777 1528 806 contra
1547 777 1737 812 naturam,
1771 767 1895 805 animi

492 839 723 880 commotio.
756 836 930 888 Qidam
950 835 1116 880 brevius,
1152 833 1481 887 perturbationem
1500 832 1572 871 esse
1589 832 1807 885 appetitum
1825 843 1893 869 ve-

492 905 776 946 hementiorem
796 918 804 941 :
837 902 900 940 sed
919 900 1249 939 vehementiorem
1268 913 1360 938 eum
1379 899 1517 938 volunt
1535 897 1620 944 effe,
1651 897 1720 950 qui
1739 897 1894 950 longius

493 971 695 1011 discefferit
715 983 735 1007 a
754 976 896 1007 naturae
915 966 1138 1005 constantia.
1170 967 1299 1004 Partes
1319 974 1449 1003 autem
1469 963 1804 1018 perturbationum
1823 975 1895 1001 vo-

492 1039 582 1077 lunt
594 1051 642 1075 ex
661 1035 812 1074 duobus
831 1033 996 1087 opinatis
1016 1033 1127 1071 bonis
1147 1031 1262 1078 nasci,
1279 1041 1318 1070 et
1336 1045 1383 1070 ex
1403 1031 1554 1070 duobus
1573 1030 1739 1083 opinatis
1758 1028 1870 1068 malis
1880 1047 1893 1074 ς

488 1104 543 1143 ita
562 1101 633 1141 esse
652 1110 830 1154 quatuor.
872 1100 935 1137 Ex
955 1098 1067 1137 bonis
1087 1097 1306 1142 libidinem,
1335 1106 1374 1135 et
1392 1097 1591 1141 laetitiam;
1622 1104 1667 1134 ut
1686 1095 1731 1134 fit
1750 1094 1894 1140 laetitia,

492 1168 736 1224 praesentium
757 1167 948 1205 bonorum
963 1183 976 1210 ;
1000 1164 1144 1215 libido,
1165 1162 1402 1202 futurorum.
1445 1163 1507 1201 Ex
1527 1162 1639 1201 malis
1659 1170 1826 1206 metum,
1857 1169 1896 1199 et

493 1234 764 1288 aegritudinem
784 1231 884 1270 nasci
904 1230 1058 1268 censent
1070 1248 1082 1275 ς
1105 1238 1270 1273 metum,
1291 1228 1432 1267 futuris
1449 1247 1460 1273 ;
1491 1227 1776 1280 aegritudinem,
1798 1240 1896 1280 prae-

494 1300 678 1339 sentibus.
711 1299 810 1349 Qae
830 1296 935 1335 enim
955 1295 1146 1334 venientia
1165 1302 1407 1339 metuuntur,
1437 1293 1571 1332 eadem
1590 1293 1766 1332 efficiunt
1784 1293 1896 1346 aegri-

493 1366 674 1405 tudinem
689 1362 880 1403 instantia.

551 1430 705 1470 Laetitia
722 1437 852 1468 autem
872 1436 910 1466 et
928 1426 1052 1466 libido
1070 1426 1111 1465 in
1131 1426 1324 1466 bonorum
1349 1424 1532 1478 opinione
1550 1423 1745 1463 versantur
1759 1442 1771 1469 ;
1804 1436 1899 1463 cum

492 1496 619 1535 libido
637 1495 685 1533 ad
703 1495 756 1539 id,
777 1493 883 1546 quod
902 1492 1052 1531 videtur
1071 1492 1235 1537 bonum,
1253 1491 1380 1530 illecta
1397 1500 1435 1529 et
1450 1491 1687 1529 inflammata
1705 1489 1873 1543 rapiatur
1884 1507 1897 1535 ς

495 1562 641 1606 laetitia,
674 1570 717 1599 ut
737 1560 871 1612 adepta
895 1560 979 1610 jam
999 1558 1145 1610 aliquid
1172 1558 1443 1610 concupitum,
1473 1557 1649 1596 efferatur
1678 1565 1716 1594 et
1750 1555 1897 1608 gestiat.

496 1627 649 1668 Natura
666 1627 771 1665 enim
791 1638 923 1664 omnes
943 1637 999 1669 ea,
1028 1637 1115 1676 quae
1135 1624 1235 1662 bona
1255 1623 1447 1667 videntur,
1472 1622 1697 1674 sequuntur,
1718 1620 1899 1674 fugiunt-

498 1709 574 1748 que
591 1693 791 1732 contraria.
839 1690 1122 1742 Qamobrem,
1144 1689 1256 1728 fimul
1276 1689 1422 1741 objecta
1443 1689 1581 1741 species
1599 1687 1811 1740 cujuspiam
1831 1687 1898 1732 est,

497 1759 604 1814 quod
623 1759 773 1798 bonum
792 1756 977 1800 videatur,
1009 1756 1055 1793 ad
1083 1755 1124 1793 id
1144 1754 1433 1807 adipiscendum
1451 1754 1621 1807 impellit
1647 1753 1727 1806 ipsa
1752 1763 1897 1792 natura.

497 1826 543 1865 Id
580 1838 674 1864 cum
721 1822 933 1863 constanter
970 1821 1255 1874 prudenterque
1293 1819 1351 1865 fit,
1397 1819 1586 1872 ejusmodi
1623 1819 1900 1872 appetitionem

499 1891 619 1930 Stoici
651 1885 783 1933 βέλησιν
817 1887 1023 1941 appellant,
1057 1900 1125 1926 nos
1159 1886 1395 1940 appellamus
1425 1886 1660 1924 voluntatem.
1708 1885 1807 1923 Eam
1843 1885 1902 1923 illi

500 1969 638 2014 putant
661 1960 701 1997 in
722 1958 801 1997 solo
831 1956 902 1995 effe
932 1956 1113 2009 sapiente,
1144 1969 1264 2009 quam
1296 1956 1346 1993 fic
1377 1955 1591 2000 definiunt;
1624 1954 1814 1993 Voluntas
1834 1953 1901 1999 est,

500 2040 587 2079 quae
607 2025 703 2077 quid
722 2037 815 2062 cum
836 2023 978 2061 ratione
997 2021 1190 2059 desiderat.
1234 2022 1332 2073 Qiae
1352 2030 1480 2059 autem
1500 2020 1637 2058 rationi
1671 2020 1819 2057 adversa
1839 2020 1901 2057 in-

497 2093 616 2131 citata
634 2091 686 2129 est
705 2089 984 2133 vehementius,
1004 2101 1047 2126 ea
1065 2087 1189 2126 libido
1207 2087 1273 2132 est,
1295 2087 1353 2125 vel
1373 2086 1563 2139 cupiditas
1583 2084 1786 2131 effrenata;
1817 2098 1903 2138 quae

501 2159 543 2197 in
563 2157 747 2197 omnibus
768 2155 892 2194 stultis
913 2154 1120 2193 invenitur.

558 2225 750 2276 Itemque,
780 2236 871 2260 curn
908 2222 958 2260 ita
989 2235 1205 2266 movemur,
1236 2229 1279 2259 ut
1311 2221 1350 2259 in
1381 2220 1484 2258 bono
1510 2219 1625 2257 fimus
1651 2218 1796 2270 aliquo,
1827 2217 1901 2256 du-

502 2290 654 2344 pliciter
682 2289 720 2327 id
746 2288 953 2341 contingit.
999 2288 1105 2325 Nam
1127 2286 1218 2325 ciim
1239 2287 1383 2325 ratione
1413 2286 1564 2324 animus
1585 2293 1761 2324 movetur
1781 2283 1903 2337 placi-

502 2357 548 2395 de
578 2365 692 2408 atquc
722 2354 948 2398 constanter,
979 2363 1064 2391 tum
1098 2353 1193 2390 illud
1224 2353 1396 2405 gaudium
1427 2352 1581 2390 dicitur.
1642 2352 1747 2389 Cum
1774 2358 1904 2388 autem

504 2423 666 2460 inaniter
686 2431 723 2459 et
742 2420 858 2458 effuse
878 2420 1028 2458 animus
1049 2419 1209 2462 exultat,
1233 2429 1317 2457 tum
1340 2419 1405 2456 illa
1425 2418 1555 2456 laetitia
1575 2416 1735 2469 gestiens
1761 2415 1820 2454 vel
1843 2415 1905 2453 ni-

504 2489 582 2527 mia
602 2489 677 2526 dici
701 2487 847 2540 potest,
880 2500 997 2539 quam
1030 2487 1080 2524 ita
1100 2485 1306 2529 definiunt,
1339 2485 1426 2523 Sine
1458 2486 1600 2522 ratione
1620 2483 1741 2523 animi
1769 2482 1904 2520 elatio-

503 2568 609 2596 nem.
643 2555 918 2607 Qoniamquc
938 2563 981 2592 ut
1003 2553 1102 2592 bona
1123 2553 1254 2591 natura
1273 2552 1505 2606 appetimus,
1537 2551 1585 2590 lic
1605 2564 1626 2590 a
1643 2549 1754 2589 malis
1774 2547 1906 2588 naturi
