2330 2983
630 269 903 308 LIBER
961 270 1381 308 TERTIUS.
1624 272 1702 323 489

315 370 380 407 ille
396 369 407 405 ?
431 369 534 420 Qia
549 367 648 406 mihi
664 367 813 405 videtur
826 368 1016 419 Epicurus
1032 367 1149 405 vester
1164 367 1210 405 de
1224 367 1311 405 Diis
1327 366 1610 406 immortalibus
1628 381 1705 405 non

316 447 545 488 magnopere
565 446 757 486 pugnare:
790 433 1061 471 tantummodo
1094 446 1227 484 negare
1249 434 1351 471 Deos
1381 433 1451 470 effe
1481 446 1559 471 non
1578 433 1703 477 audet,

317 516 364 539 ne
383 501 477 553 quid
497 500 648 538 invidiae
668 500 809 543 subeat,
840 508 905 536 aut
925 499 1113 537 criminis.
1146 500 1250 536 Cum
1271 512 1359 536 vero
1375 500 1478 537 Deos
1499 499 1596 537 nihil
1617 513 1705 552 age-

317 580 370 611 re,
400 564 498 603 nihil
531 578 660 602 curare
689 564 905 608 confirmat,
937 563 1195 615 membrisque
1226 561 1406 600 humanis
1426 563 1496 600 effe
1515 565 1706 616 praeditos,

317 631 378 669 sed
398 643 531 668 eorum
562 630 830 668 membrorum
861 628 972 667 usum
1003 629 1158 666 nullum
1187 627 1352 673 habere;
1382 628 1513 666 ludere
1544 629 1706 673 videtur,

317 695 477 747 satisque
497 704 642 748 putare,
659 695 684 733 fi
706 694 845 733 dixerit
862 693 932 733 effe
953 693 1146 746 quandam
1166 693 1316 731 beatam
1336 702 1524 738 naturam,
1542 702 1579 731 et
1600 703 1708 731 aeter-

319 774 423 799 nam.
465 763 503 798 A
524 761 644 798 Balbo
664 769 791 798 autem
822 759 1131 805 animadvertisti,
1153 759 1279 804 credo,
1312 773 1430 811 quam
1462 758 1585 797 multa
1613 759 1711 796 dieta

320 827 404 871 fint,
427 839 636 878 quamque,
667 827 783 864 etiam
803 826 829 864 fi
849 826 978 864 minus
999 839 1098 871 vera,
1131 835 1258 864 tamen
1277 834 1363 878 apta
1388 826 1486 863 inter
1506 825 1554 870 se,
1587 834 1624 863 et
1644 838 1711 863 co-

320 892 513 930 haerentia.
533 893 667 944 Itaque
686 893 829 944 cogito,
843 901 887 930 ut
901 892 996 937 dixi,
1015 905 1091 930 non
1109 901 1187 930 tam
1202 890 1373 930 refellere
1387 892 1418 943 ej
1426 905 1468 929 us
1484 891 1711 935 orationem,

321 972 438 1010 quam
470 972 523 1003 ea,
558 972 643 1010 quae
676 958 805 996 minus
836 958 1025 1003 intellexi,
1058 958 1260 1010 requirere.
1305 958 1447 1009 Qare,
1481 956 1610 1002 Balbe,
1642 956 1713 994 tibi

322 1025 521 1077 permitto,
542 1024 812 1077 responderene
833 1023 933 1062 mihi
953 1024 1078 1070 malis,
1101 1025 1146 1062 de
1164 1024 1321 1076 singulis
1342 1024 1453 1061 rebus
1469 1023 1654 1075 quaerenti
1668 1035 1715 1060 ex

322 1099 359 1127 te
379 1103 434 1134 ea,
455 1103 539 1142 quae
559 1103 696 1142 parum
716 1091 860 1143 accepi,
881 1103 927 1128 an
947 1089 1160 1128 universam
1180 1089 1310 1127 audire
1329 1090 1542 1127 orationem
1562 1100 1704 1126 meam.
1718 1092 1720 1095 ’

377 1157 488 1194 Tum
509 1156 675 1200 Balbus,
708 1156 795 1207 Ego
814 1168 915 1199 vero,
947 1155 974 1192 fi
995 1155 1090 1207 quid
1107 1154 1300 1208 explanari
1320 1154 1394 1192 tibi
1412 1154 1530 1199 voles,
1562 1152 1718 1205 respon-

324 1221 411 1260 dere
430 1222 556 1260 malo:
579 1221 632 1259 fin
654 1234 717 1259 me
735 1221 980 1273 interrogare,
1001 1233 1079 1259 non
1100 1229 1180 1259 tam
1198 1220 1440 1273 intelligendi
1458 1219 1580 1264 causa,
1601 1232 1720 1271 quam

325 1285 537 1331 refellendi,
574 1295 707 1324 utrum
737 1286 855 1330 voles,
888 1284 1052 1330 faciam,
1082 1285 1143 1323 vel
1175 1284 1222 1323 ad
1241 1284 1400 1337 singula,
1433 1298 1518 1337 quae
1537 1283 1717 1336 requires,

324 1352 453 1391 statim
473 1352 705 1405 respondebo
720 1370 732 1397 ;
764 1351 838 1398 vel,
858 1365 950 1390 cum
970 1352 1166 1405 peroraris,
1197 1351 1243 1389 ad
1262 1352 1406 1390 omnia.

383 1418 436 1456 ΙΙ.
459 1419 569 1456 Tum
590 1418 720 1462 Cotta,
744 1417 922 1470 Optime,
943 1417 1098 1470 inquit:
1132 1418 1386 1469 quamobrem
1406 1417 1456 1455 fic
1476 1429 1648 1469 agamus,
1679 1423 1722 1453 ut

328 1497 397 1522 nos
417 1483 494 1536 ipsa
523 1483 632 1522 ducit
651 1483 785 1521 oratio.
836 1485 907 1522 Sed
926 1493 1131 1536 antequam
1151 1483 1197 1521 de
1215 1496 1267 1529 re,
1299 1496 1419 1536 pauca
1448 1482 1495 1520 de
1525 1496 1612 1520 me:
1643 1494 1723 1520 non

327 1549 435 1587 enim
459 1549 705 1588 mediocriter
720 1562 878 1587 moveor
897 1549 1117 1587 auctoritate
1144 1558 1222 1593 tua,
1247 1548 1378 1593 Balbe,
1399 1548 1647 1598 orationeque
1666 1559 1722 1591 ea,

329 1628 416 1667 quae
436 1627 500 1652 me
519 1615 560 1651 in
579 1613 790 1665 perorando
810 1611 1095 1656 cohortabatur,
1122 1622 1165 1650 ut
1185 1612 1454 1657 meminiffem,
1483 1625 1546 1650 me
1565 1621 1604 1651 et
1624 1613 1723 1650 Cot-

329 1690 410 1718 tam
436 1678 507 1717 effe
524 1687 562 1716 et
589 1677 850 1716 Pontificem:
883 1677 986 1729 quod
1006 1677 1065 1721 eo,
1087 1677 1215 1722 credo,
1246 1678 1406 1721 valebat,
1440 1687 1483 1714 ut
1508 1677 1724 1729 opiniones,

328 1757 423 1798 quas
457 1757 478 1782 a
496 1743 704 1796 majoribus
723 1743 943 1795 accepimus
964 1742 1009 1779 de
1031 1743 1117 1780 Diis
1138 1742 1438 1787 immortalibus,
1471 1742 1581 1787 sacra,
1609 1755 1724 1780 caere-

331 1810 495 1854 monias,
516 1807 791 1861 religionesque
809 1807 1064 1846 defenderem.
1110 1808 1196 1860 Ego
1215 1821 1303 1846 vero
1322 1820 1380 1845 eas
1401 1805 1604 1846 defendam
1624 1806 1725 1846 sem-

333 1889 413 1928 per,
446 1875 669 1927 semperque
694 1873 871 1912 defendi:
905 1886 973 1911 nec
995 1886 1057 1911 me
1076 1886 1123 1912 ex
1142 1886 1184 1910 ea
1201 1873 1397 1926 opinione,
1424 1887 1542 1925 quam
1561 1886 1582 1911 a
1601 1874 1726 1926 majo-

335 1942 440 1980 ribus
460 1940 589 1994 accepi
609 1940 655 1978 de
674 1941 783 1978 cultu
802 1941 976 1979 Deorum
996 1940 1292 1985 immortalium,
1314 1940 1430 1978 ullius
1450 1953 1622 1993 unquam
1641 1953 1725 1979 ora-

334 2007 391 2046 tio
421 2015 486 2044 aut
515 2005 618 2044 doffi
647 2015 712 2043 aut
741 2005 885 2043 indocti
912 2006 1099 2044 movebit.
1148 2005 1233 2051 Sed,
1264 2019 1356 2044 cum
1376 2005 1423 2043 de
1443 2005 1626 2059 religione
1645 2006 1727 2058 agi-

335 2081 413 2118 tur,
443 2073 496 2111 T.
520 2071 825 2117 Coruncanium,
856 2073 901 2110 P.
932 2072 1166 2125 Scipionem,
1196 2073 1240 2110 P.
1269 2072 1489 2118 Scaevolam,
1523 2072 1728 2111 Pontifices

337 2138 542 2183 maximos,
573 2151 651 2176 non
672 2138 886 2183 Zenonem,
922 2147 985 2177 aut
1007 2137 1251 2182 Cleanthem,
1283 2147 1348 2176 aut
1379 2137 1638 2190 Chrysippum
1672 2137 1729 2176 se·

338 2217 437 2256 quor
452 2221 465 2248 ς
496 2202 695 2255 habeoque
725 2204 773 2241 C.
803 2204 970 2242 Laelium
1004 2217 1201 2257 augurem,
1234 2203 1475 2257 eundemque
1506 2204 1728 2256 sapientem,

341 2283 459 2322 quem
489 2269 616 2322 potius
647 2269 798 2308 audiam
819 2269 865 2306 de
884 2270 1067 2322 religione
1086 2271 1279 2308 dicentem
1309 2271 1349 2308 in
1380 2271 1446 2308 illa
1470 2270 1638 2308 oratione
1657 2283 1728 2307 no-

342 2336 429 2381 bili,
459 2349 576 2388 quam
596 2349 833 2389 quemquam
863 2337 1078 2391 principem
1110 2338 1341 2376 Stoicorum.
1392 2338 1572 2388 Cumque
1603 2335 1730 2373 omnis

342 2401 479 2455 populi
499 2402 666 2440 Romani
686 2403 818 2456 religio
837 2402 878 2440 in
897 2402 1009 2449 sacra,
1030 2413 1068 2442 et
1087 2403 1126 2442 in
1146 2403 1310 2456 auspicia
1330 2402 1446 2441 divisa
1465 2402 1508 2440 s1t
1523 2419 1535 2446 ς
1572 2401 1732 2439 tertium

343 2468 567 2520 adjunctum
587 2467 646 2513 fit,
678 2468 703 2506 s1
734 2469 829 2521 quid
848 2469 1101 2522 praedic‘tionis
1122 2470 1244 2514 causi,
1275 2483 1321 2507 ex
1346 2467 1532 2521 portentis
1553 2475 1591 2505 et
1616 2479 1732 2505 mon-

344 2533 441 2579 stris,
473 2533 625 2585 Sibyllae
654 2534 890 2588 interpretes,
921 2533 1178 2588 haruspicesve
1209 2542 1467 2572 monuerunt:
1504 2531 1641 2570 harum
1661 2545 1734 2584 ego

344 2599 576 2653 religionum
596 2600 743 2640 nullam
764 2614 935 2655 unquam
953 2601 1274 2641 contemnendam
1294 2599 1450 2653 putavi,
1486 2597 1662 2652 mihique
1681 2599 1733 2636 ita

448 2666 592 2706 ΤοΜ.
623 2667 677 2706 11.
1300 2666 1435 2719 Qqq
