2330 2983
1115 165 1133 179 0

472 302 593 351 '504
774 292 869 332 DE
928 289 1255 329 NATURA
1311 287 1651 327 DEORUM

510 407 548 436 et
578 396 629 434 ob
661 406 746 432 eam
774 391 939 436 causam,
971 391 1061 443 quia
1095 389 1261 443 speciem
1295 387 1432 428 habeat
1457 386 1739 434 admirabilem,
1772 387 1911 427 Thau-

510 471 640 501 mante
661 459 804 497 dicitur
822 457 893 496 effe
913 466 1037 495 natus.
1077 457 1198 508 Cujus
1220 455 1246 494 fi
1267 455 1395 494 divina
1424 465 1555 493 natura
1581 454 1647 499 est,
1679 454 1774 508 quid
1794 453 1910 492 facies

510 525 709 566 nubibus?
741 526 866 562 Arcus
896 523 1002 561 enim
1022 522 1101 576 ipse
1131 536 1178 560 ex
1210 521 1380 560 nubibus
1407 521 1574 559 efficitur
1604 521 1773 574 quodam
1793 520 1912 558 modo

509 593 700 631 coloratus
719 605 727 629 :
761 603 923 642 quarum
942 602 1017 626 una
1035 588 1152 626 etiarn
1175 588 1386 625 Centauros
1408 587 1585 640 peperiffe
1605 587 1760 625 dicitur.
1794 585 1912 637 Qod

508 659 535 697 fi
569 658 691 696 nubes
719 656 888 695 retuleris
923 656 963 693 in
995 655 1113 699 Deos,
1140 653 1348 692 referendae
1378 663 1478 692 certe
1511 662 1623 692 erunt
1653 652 1909 705 tempestateS,

508 739 594 777 quae
615 723 748 777 populi
768 722 938 760 Romani
958 721 1097 759 ritibus
1117 719 1340 757 consecratae
1360 719 1460 757 sunt.
1493 720 1598 771 Ergo
1623 719 1779 762 imbres,
1804 719 1910 756 nim-

509 791 564 835 bi,
594 789 785 843 procellat,
807 787 994 831 turbines,
1017 786 1085 823 Dii
1104 785 1279 837 putandi.
1323 784 1455 822 Nostri
1476 784 1637 836 quidem
1656 785 1786 828 duces,
1808 796 1912 821 mare

508 856 779 908 ingredienteS‚
801 853 1003 891 immolare
1023 850 1186 889 hostiam
1207 849 1388 888 fluetibus
1409 849 1698 888 consueverunt.

564 923 673 959 Tum
696 921 721 957 fi
741 919 793 957 est
817 921 930 958 Ceres
949 931 968 954 a
987 917 1169 970 gerendo,
1193 917 1270 968 (ita
1288 917 1394 954 enim
1414 916 1590 967 dicebas)
1615 925 1712 954 terra
1730 914 1809 968 ipsa
1829 915 1912 953 Dea

507 986 574 1030 est,
606 995 643 1023 et
663 985 715 1022 ita
735 983 924 1021 habetur:
957 996 1042 1036 quae
1072 981 1125 1020 est
1137 983 1249 1020 -enim
1270 981 1342 1019 alia
1361 981 1526 1019 Tellus?
1559 981 1624 1019 Sin
1652 990 1774 1025 terra;
1807 993 1911 1019 mare

507 1051 621 1089 etiam
639 1067 651 1094 3
683 1062 802 1101 quem
823 1048 1058 1100 Neptunum
1076 1046 1148 1085 effe
1167 1046 1319 1085 dicebas
1338 1061 1347 1084 ε
1380 1047 1487 1098 Ergo
1506 1055 1543 1084 et
1564 1045 1739 1090 flumina,
1761 1054 1799 1083 et
1818 1043 1909 1084 fon-

507 1126 578 1154 tes,
610 1117 744 1167 Itaque
763 1122 801 1151 et
822 1114 958 1152 Fontis
978 1113 1186 1151 delubrum
1206 1111 1318 1151 Maso
1333 1126 1380 1150 ex
1396 1111 1549 1150 Corfica
1564 1111 1753 1150 dedicavit
1768 1129 1780 1156 3
1812 1119 1848 1149 et
1869 1111 1909 1149 in

507 1194 697 1234 augurum
719 1179 938 1232 precatione
965 1179 1216 1222 Tiberinum,
1239 1178 1463 1230 Spinonem,
1494 1178 1755 1221 Anemonem,
1777 1176 1908 1215 Nodi-

506 1261 619 1291 num,
650 1245 722 1283 alia
742 1245 1051 1297 propinquorum
1071 1243 1282 1281 fluminum
1302 1243 1461 1281 nomina
1480 1242 1671 1281 videmus.
1709 1243 1814 1295 Ergo
1833 1242 1909 1281 hoc

507 1321 572 1350 aut
593 1312 633 1349 in
653 1309 890 1348 immensum
910 1309 1044 1361 serpet,
1076 1317 1142 1346 aut
1173 1307 1272 1346 nihil
1293 1307 1435 1346 horum
1466 1307 1712 1360 recipiemus,
1743 1321 1814 1346 nec
1844 1308 1911 1346 illa

507 1377 659 1416 infinita
678 1375 773 1414 ratio
794 1375 1066 1428 superstitionis
1087 1374 1328 1427 probabitur.

572 1443 686 1482 XXI.
718 1439 836 1480 Nihil
865 1453 957 1493 ergo
991 1438 1132 1478 horum
1166 1439 1410 1492 probandum
1443 1439 1509 1477 est.
1555 1439 1746 1477 Dicamus
1771 1439 1909 1492 ¹igitur,

507 1509 638 1553 Balbe,
661 1516 811 1560 oportet
826 1516 960 1544 contra
980 1506 1068 1544 illos
1088 1506 1219 1551 etiam,
1242 1507 1310 1558 qui
1330 1505 1400 1544 hos
1417 1506 1523 1544 Deos
1543 1519 1589 1544 ex
1610 1505 1818 1544 hominum
1839 1519 1909 1559 ge-

507 1588 595 1613 nere
616 1575 655 1612 in
676 1573 815 1611 caelum
837 1571 1044 1617 transsatos,
1066 1585 1144 1610 non
1166 1586 1221 1617 re,
1250 1572 1310 1610 sed
1331 1572 1529 1624 opinione,
1551 1571 1622 1610 effe
1639 1572 1791 1617 dicunt,
1813 1585 1910 1624 quos

506 1639 662 1693 auguste
682 1651 817 1677 omnes
838 1636 1038 1688 sancteque
1057 1649 1296 1673 veneramur.
1327 1637 1526 1688 Principio
1546 1638 1658 1686 Joves
1673 1646 1746 1674 tres
1767 1651 1909 1676 nume-

507 1714 592 1745 rant
611 1706 654 1750 ii,
686 1704 753 1756 qui
775 1702 945 1753 theologi
972 1701 1250 1739 nominantur:
1278 1714 1325 1739 ex
1352 1701 1494 1753 quibus
1520 1701 1694 1754 primum
1715 1712 1753 1740 et
1772 1703 1908 1742 secun-

505 1772 603 1810 dum
639 1779 746 1807 natos
781 1768 821 1805 in
853 1765 1014 1805 Arcadia
1027 1784 1040 1810 ς
1073 1766 1237 1804 alterum
1266 1775 1371 1819 patre
1401 1766 1576 1812 AEthere,
1611 1781 1657 1805 ex
1679 1781 1757 1820 quo
1791 1769 1908 1808 etiam

507 1835 771 1888 Proserpinam
791 1841 921 1871 natam
939 1831 1084 1876 ferunt,
1106 1840 1143 1869 et
1160 1831 1346 1870 Liberum
1360 1850 1372 1876 3
1394 1832 1558 1871 alterum
1575 1842 1681 1885 patre
1699 1833 1819 1878 Caelo,
1840 1836 1909 1887 qui

507 1902 673 1956 genuisse
691 1901 913 1940 Minervam
934 1899 1090 1943 dicitur,
1113 1912 1229 1951 quam
1246 1899 1465 1952 principem
1485 1908 1522 1937 et
1542 1899 1796 1938 inventricem
1819 1901 1912 1938 belli

506 1969 665 2012 ferunt;
697 1966 856 2004 tertium
879 1964 1116 2009 Cretensem,
1150 1965 1300 2002 Saturni
1321 1964 1465 2011 filium,
1494 1966 1604 2018 cujus
1635 1965 1674 2003 in
1705 1965 1771 2004 illa
1790 1965 1912 2004 insula

507 2034 726 2088 sepulcrum
746 2030 970 2070 ostenditur.
1014 2027 1178 2082 Διόσκεξοι
1198 2031 1315 2068 etiam
1336 2031 1436 2083 apud
1457 2032 1594 2069 Graios
1615 2031 1750 2068 multis
1784 2031 1909 2070 modis

506 2101 773 2141 nominantur.
818 2097 941 2136 Primi
974 2106 1061 2141 tres,
1093 2096 1161 2149 qui
1196 2096 1437 2150 appellantur
1469 2098 1633 2141 Anaces,
1666 2095 1831 2135 Athenis
1861 2111 1909 2136 cx

507 2169 618 2219 jove,
641 2179 727 2218 rege
747 2162 1023 2216 antiquissimo,
1044 2171 1082 2200 et
1104 2162 1325 2216 Proserpina
1345 2163 1438 2208 nati,
1461 2163 1745 2215 Tritopatreus,
1767 2163 1909 2201 Eubu-

508 2234 604 2277 leus,
641 2230 862 2282 Dionyfius.
911 2229 1088 2274 Secundi,
1116 2229 1211 2280 Jove
1233 2229 1345 2267 tertio
1377 2230 1455 2267 nati
1487 2243 1534 2267 ex
1555 2229 1673 2274 Leda,
1710 2229 1842 2268 Castor
1870 2240 1909 2268 ct

507 2298 664 2337 Pollux.
696 2296 824 2335 Tertii
843 2295 1024 2334 dicuntur
1044 2309 1064 2332 a
1093 2295 1290 2334 nonnullis
1311 2295 1426 2340 Alco,
1453 2305 1491 2334 et
1512 2295 1750 2349 Melampus,
1782 2296 1907 2334 Emo-

507 2365 582 2409 lus,
614 2363 722 2402 Atrei
744 2361 829 2407 filii,
851 2361 919 2414 qui
940 2361 1081 2414 Pelope
1100 2370 1210 2399 natus
1228 2359 1316 2399 fuit.

572 2431 658 2481 Jam
691 2427 814 2467 Musae
848 2427 996 2481 primax,
1038 2436 1214 2479 quatuor,
1260 2436 1355 2465 natae
1382 2428 1476 2478 Jove
1507 2427 1639 2472 altero,
1668 2426 1904 2480 Thelxiopc,

510 2495 648 2539 Aci-de,
670 2492 814 2539 Arche,
837 2493 1010 2538 Melete;
1034 2492 1218 2537 secundae,
1236 2493 1331 2544 Jove
1354 2492 1465 2531 tertio
1479 2502 1515 2530 ct
1537 2492 1793 2545 Mnemosyne
1814 2507 1905 2546 pro-

508 2570 656 2605 creatae,
676 2574 838 2604 novcm;
863 2559 993 2605 tertiat,
1011 2561 1123 2611 (Jove
1144 2560 1274 2611 tertio)
1295 2559 1404 2597 Piero
1424 2569 1532 2604 natm,
1553 2569 1590 2597 et
1607 2560 1791 2612 Antiopa,
1811 2571 1904 2611 quas

509 2626 691 2672 Pieridas,
723 2636 760 2665 ct
792 2626 931 2665 Pierias
968 2626 1088 2666 solent
1122 2635 1242 2680 pocta:
1273 2625 1474 2680 appellare,
1509 2625 1642 2665 iisdem
1664 2624 1902 2670 nominibus,
