2330 2983
621 243 694 270 100
1039 229 1142 267 DE
1200 227 1585 267 FINIBUS

615 336 760 380 quanto
792 326 833 366 id
873 326 915 365 in
946 325 1155 365 hominurn
1187 325 1462 365 consuetudine
1496 325 1647 365 facilius
1678 323 1761 365 fieri
1795 325 1941 378 poterit
1970 333 2022 365 eti

610 393 762 445 justius.

672 460 769 496 Sunt
787 466 916 496 autem
937 457 1006 509 qui
1025 457 1161 496 dicunt
1180 455 1306 496 foedus
1326 457 1521 510 quoddam
1541 456 1611 495 esse
1630 456 1860 510 sapientum,
1890 465 1935 495 ut
1963 469 2019 494 nea

616 522 746 561 minus
759 522 915 575 quidem
931 522 1090 566 amieos,
1107 535 1226 574 quam
1240 522 1276 560 se
1291 522 1405 575 ipsos,
1425 522 1615 574 diligant..
1633 521 1752 574 Qod
1766 530 1807 559 et
1824 520 1906 559 fieri
1922 520 2014 573 pos-

617 587 654 625 se
673 587 943 640 intelligimus,
972 596 1011 625 et
1029 587 1123 640 saepe
1142 587 1182 625 id
1202 587 1374 626 videmus
1393 602 1402 626 :
1433 596 1471 625 et
1494 586 1739 640 perspicuum
1759 586 1825 630 est,
1847 584 1946 624 nihil
1966 585 2015 624 ad

611 652 784 705 jucunde
813 652 1021 690 vivendum
1042 652 1196 705 reperiri
1230 651 1347 704 poss‘e,
1370 651 1475 705 quod
1493 652 1764 703 conjunftione
1792 650 1860 689 tali
1878 650 1925 689 fit
1943 664 2012 704 ap·-

618 717 709 755 tius.
732 716 887 768 Qibus
907 729 953 754 ex
973 717 1155 755 omnibus
1169 717 1336 768 judicari
1351 716 1487 769 potest,
1509 729 1586 754 non
1607 716 1724 755 modo
1740 729 1817 754 non
1834 715 2022 768 impediri.

618 783 804 820 rationem
823 782 1018 826 amicitiae,
1036 782 1062 819 fi
1083 781 1283 820 summum
1302 782 1451 820 bonurn
1471 782 1511 819 in
1531 781 1728 834 voluptate
1746 790 1924 833 ponatur,
1951 779 2022 818 sed,

617 848 694 886 fine
712 847 788 886 hoc
808 847 1089 886 institutionem
1107 849 1272 886 omnino
1290 848 1469 886 amicitiae
1484 860 1563 885 non
1581 845 1682 900 pofi‘e
1701 846 1871 899 reperiri.

671 913 784 951 XXI.
816 913 1060 965 Qapropter
1079 912 1106 950 fi
1123 926 1180 958 ea,
1201 926 1288 965 quae
1306 912 1402 957 dixi,
1423 912 1498 951 sole
1519 911 1600 964 ipso
1619 911 1824 949 illustriora
1842 919 1881 949 et
1899 911 2023 949 clari--

617 991 682 1017 ora
701 978 787 1016 sunt
799 996 811 1023 ;
834 978 860 1016 fi
880 978 1011 1016 omnia
1025 978 1106 1016 dixi
1126 977 1256 1016 hausta
1275 991 1296 1015 e
1310 977 1418 1016 fonte
1431 986 1572 1016 naturae
1584 995 1596 1023 ς
1619 976 1645 1015 fi
1662 985 1740 1016 tota
1754 976 1875 1015 oratio
1893 976 2025 1016 nostra

617 1057 776 1082 omnem
807 1044 875 1082 fibi
909 1043 1027 1082 fidem
1047 1043 1212 1082 sensibus
1241 1043 1462 1088 confirmat,
1480 1043 1522 1082 id
1550 1043 1616 1088 est,
1648 1042 1880 1095 incorruptis
1900 1051 2015 1095 atque

618 1109 776 1161 integris
807 1109 990 1153 testibus;
1022 1109 1048 1147 fi
1069 1109 1233 1149 infantes
1266 1110 1389 1162 pueri,
1424 1109 1450 1147 s1
1472 1118 1588 1147 mutae
1619 1109 1737 1147 etiam
1767 1108 1892 1147 bestiae
1917 1121 2026 1161 penev

619 1174 844 1226 loquuntur,
867 1173 1042 1226 magistra
1060 1187 1102 1212 ac
1122 1174 1219 1213 duce
1240 1183 1388 1220 natura,
1406 1173 1506 1212 nihil
1524 1173 1593 1211 effe
1612 1173 1835 1226 prosperum
1854 1173 1923 1212 nifi
1943 1186 2024 1211 νο·-

619 1240 822 1291 luptatem,
856 1237 957 1277 nihil
977 1239 1149 1291 asperum
1170 1239 1237 1278 nifi
1268 1240 1442 1278 dolorem
1458 1257 1470 1284 ς
1506 1239 1551 1277 de
1571 1239 1713 1290 quibus
1734 1252 1858 1290 neque
1877 1239 2022 1292 depra-

618 1314 701 1342 vate
715 1304 905 1356 judicant,
937 1318 1061 1357 neque
1079 1315 1257 1358 corrupte
1271 1323 1284 1350 5
1316 1318 1442 1343 nonne
1473 1305 1508 1343 ei
1528 1305 1741 1343 maximam
1760 1305 1922 1358 gratiam
1942 1304 2025 1342 ha·-

620 1372 707 1409 bere
727 1371 926 1416 debemus,
957 1372 1026 1422 qui
1042 1370 1115 1409 hac
1134 1371 1310 1410 exaudita
1325 1371 1428 1424 quasi
1445 1384 1537 1410 voce
1554 1380 1710 1415 naturae,
1738 1371 1790 1409 fic
1804 1384 1889 1410 eam
1903 1369 2016 1410 firme

618 1437 856 1490 graviterque
886 1436 1233 1489 comprehenderit,
1271 1447 1314 1476 ut
1347 1450 1480 1476 omnes
1501 1437 1596 1476 bene
1617 1437 1721 1476 sanos
1753 1437 1792 1475 in
1823 1437 1925 1475 viam
1944 1450 2015 1490 pa-

619 1512 724 1547 catae‚
758 1503 986 1554 tranquillae,
1015 1503 1165 1554 quietae,
1201 1504 1318 1542 beatae
1347 1504 1434 1541 vitae
1459 1503 1692 1541 deduceret?
1723 1504 1792 1556 qui
1818 1503 1923 1556 quod
1943 1503 2027 1541 tibi:

620 1581 757 1621 parum
777 1567 927 1606 videtur
946 1569 1133 1618 eruditus,
1168 1583 1209 1606 ea
1228 1569 1338 1608 causa
1356 1569 1427 1613 est,
1457 1569 1561 1621 quod
1581 1568 1731 1608 nullam
1757 1569 2027 1608 eruditionem*

619 1633 690 1672 effe
710 1633 835 1678 duxit,
858 1634 925 1672 nisi
946 1647 1030 1686 quae
1051 1635 1166 1673 beatae
1184 1635 1271 1673 vitae
1291 1634 1531 1687 disciplinam
1546 1635 1709 1686 juvaret.

675 1700 739 1736 An
770 1698 835 1736 ille
866 1707 1020 1750 tempus
1051 1709 1115 1737 aut
1146 1700 1184 1737 in
1204 1700 1327 1753 poetis
1347 1699 1580 1744 evolvendis,
1614 1708 1657 1737 ut
1676 1713 1748 1752 ego
1767 1708 1805 1737 et
1825 1699 2014 1743 Triarius,

621 1773 658 1802 te
678 1763 882 1808 hortatore,
917 1763 1096 1809 facimus,
1129 1764 1396 1803 consumeret?
1427 1767 1467 1804 in
1488 1765 1629 1818 quibus
1650 1765 1757 1803 nulla
1785 1764 1902 1803 solida
1934 1765 2015 1802 uti-

620 1831 719 1874 litas,
741 1829 942 1882 omnisque
962 1831 1118 1882 puerilis
1138 1830 1189 1870 est
1210 1831 1410 1870 delectatio
1428 1846 1436 1868 :
1469 1841 1533 1869 aut
1554 1831 1602 1875 se,
1625 1840 1669 1869 ut
1690 1831 1813 1875 Plato,
1836 1831 1874 1869 in
1895 1831 2016 1869 muli-

620 1898 689 1939 cis,
711 1897 930 1948 geometria,
963 1897 1146 1940 numeris,
1178 1897 1280 1935 astris
1301 1907 1512 1936 contereret
1533 1898 1543 1934 ?
1576 1910 1660 1950 quae
1679 1907 1717 1935 et
1734 1910 1754 1935 a
1773 1895 1873 1935 fallis
1894 1897 2016 1934 initiis

622 1961 802 2013 profesta,
823 1975 908 1999 vera
927 1961 996 1999 effe
1017 1975 1092 1999 non
1115 1961 1292 2014 poffunt3
1324 1972 1375 2007 et,
1404 1963 1428 2001 s1
1449 1962 1564 2000 ciscnt
1584 1976 1682 2006 vera,
1705 1961 1802 2000 nihil
1824 1961 2017 2006 afferrent,

621 2041 698 2078 quo
713 2027 936 2078 jucundius,
959 2027 996 2065 id
1017 2027 1082 2071 est,
1104 2041 1181 2079 quo
1202 2028 1338 2066 melius
1361 2029 1584 2066 viveremus.
1617 2029 1690 2066 Eas
1706 2041 1798 2080 ergo
1812 2038 1906 2065 artes
1928 2041 2017 2080 pcr-

621 2092 866 2145 sequeretur;
899 2094 1049 2131 vivendi
1070 2104 1187 2132 artem
1210 2103 1369 2137 tantam,
1398 2104 1553 2146 tamque
1573 2093 1782 2146 operosam,
1802 2104 1839 2132 et
1861 2094 2018 2146 perinde

622 2157 853 2196 fructuosam
886 2159 1114 2212 relinqueret
1132 2160 1143 2196 ?
1176 2160 1268 2198 Non
1290 2173 1380 2212 crgo
1402 2161 1590 2212 Epicurus
1623 2160 1834 2198 incruditus
1854 2178 1862 2202 ;
1895 2159 1955 2197 sed
1987 2160 2014 2197 ii

624 2223 781 2268 indocti,
814 2225 895 2276 qui,
928 2239 1011 2276 quxu
1033 2240 1166 2278 pucros
1186 2239 1259 2263 non
1282 2225 1451 2263 didit-iill-
1474 2236 1581 2277 turpc
1598 2225 1664 2270 cst,
1682 2239 1724 2263 ea
1744 2235 1878 2278 putent
1900 2225 2016 2277 ui'que

622 2288 666 2326 ad
687 2288 914 2328 senestutcm
943 2291 1013 2328 effe
1043 2290 1231 2328 discenda.
1278 2293 1374 2342 Qu„-
1395 2305 1485 2329 eum
1507 2290 1668 2335 dixill'et,
1706 2291 1920 2343 Explicavi,
1953 2291 2014 2328 in-

622 2354 720 2405 quit,
743 2353 965 2393 sententiam
987 2370 1125 2400 meam,
1144 2365 1181 2393 ct
1202 2370 1246 2393 eo
1266 2356 1423 2407 qui-lem
1445 2356 1616 2399 consilio,
1636 2366 1744 2393 tuum
1757 2356 1951 2407 judicium
1974 2365 2014 2392 ut

623 2419 903 2471 cognoscerem.
955 2423 1051 2473 Qae
1072 2420 1171 2460 mihi
1194 2420 1366 2465 facultas,
1405 2433 1446 2460 ut
1469 2422 1503 2460 id
1527 2435 1613 2459 mco
1635 2422 1814 2461 arbitratu
1837 2420 2015 2466 facerem,

623 2497 706 2523 autc
727 2484 800 2524 hoc
823 2495 974 2540 tempus
992 2501 1189 2541 nunquam
1210 2487 1260 2526 cst
1281 2487 1378 2526 data.
