2330 2983
598 236 673 287 278
895 227 1684 270 TUSCULANARUM.

593 332 805 374 neceffitate
825 329 1030 374 constricti,
1066 337 1122 372 ut,
1155 328 1272 366 etiam
1291 341 1377 380 quae
1396 340 1473 366 non
1494 327 1653 380 probare
1673 324 1828 371 soleant,
1857 339 1900 365 ea
1918 341 1987 367 co-

592 407 730 452 gantur
750 395 966 435 constantiae
981 394 1088 432 causa
1104 391 1317 432 defendere.
1342 393 1440 437 Nos,
1462 392 1530 444 qui
1547 392 1742 444 sequimur
1759 392 1985 444 probabilia,

593 477 662 502 nec
683 463 794 507 ultra,
834 475 950 513 quam
973 460 1011 498 id
1043 459 1147 512 quod
1181 458 1381 497 verisimile
1400 459 1619 503 occurrerit,
1650 458 1826 511 progredi
1858 458 1986 511 poss‘u-

591 543 694 574 mus,
723 539 762 567 et
780 527 949 568 refellere
976 526 1055 566 fine
1076 526 1294 578 pertinacia,
1325 535 1364 563 et
1383 524 1504 563 refelli
1526 525 1601 563 fine
1626 524 1832 569 iracundia,
1868 525 1986 578 parati

590 597 735 635 sumus.

645 662 764 714 de
786 662 810 700 si
827 660 911 699 haec
932 660 1051 698 studia
1072 659 1240 698 traducta
1258 667 1370 696 erunt
1400 658 1445 696 ad
1472 657 1630 702 nostros,
1661 671 1708 696 ne
1737 655 1984 701 bibliothecis

590 729 749 782 quidem
771 727 916 766 Graecis
936 726 1151 778 egebimus,
1173 725 1213 763 in
1234 725 1375 776 quibus
1396 723 1609 762 multitudo
1628 723 1779 761 infinita
1796 722 1984 761 librorum

588 795 640 833 est
660 803 813 846 propter
832 805 966 829 eorum
1000 790 1312 833 multitudinem,
1341 789 1410 840 qui
1430 788 1682 840 scripserunt:
1713 787 1845 825 eadem
1879 788 1985 825 enim

588 860 770 897 dicuntur
789 871 809 894 a
829 856 989 900 multis,
1019 868 1067 893 ex
1087 868 1166 906 quo
1186 854 1294 892 libris
1314 853 1446 892 omnia
1464 851 1705 890 referserunt.
1742 851 1862 903 Qod
1881 852 1984 890 acci-

588 925 653 963 det
672 924 787 961 etiam
809 921 958 965 nostris,
991 919 1016 958 si
1036 920 1083 958 ad
1102 918 1185 958 haec
1203 919 1326 958 studia
1345 919 1470 972 plures
1491 917 1763 956 confluxerint.
1815 916 1886 955 Sed
1905 930 1984 962 eos,

587 991 613 1028 s1
647 988 858 1042 possumus,
888 987 1116 1030 excitemus,
1147 985 1216 1037 qui
1247 984 1454 1023 liberaliter
1479 983 1632 1029 eruditi,
1664 982 1836 1022 adhibita
1866 983 1983 1021 etiam

586 1054 786 1093 differendi
805 1053 1004 1105 elegantia,
1035 1051 1179 1089 ratione
1198 1061 1236 1088 et
1256 1051 1315 1088 via
1332 1048 1668 1103 philosophantur.

642 1120 717 1158 111.
750 1117 816 1156 Est
835 1119 941 1155 enim
961 1116 1156 1168 quoddam
1175 1129 1295 1168 genus
1313 1128 1462 1160 eorum,
1493 1115 1562 1167 qui
1589 1115 1625 1153 se
1644 1112 1894 1168 philosophos
1914 1126 1983 1166 ap-

585 1184 719 1238 pellari
752 1183 902 1227 volunt,
933 1195 1100 1234 quorum
1131 1181 1313 1219 dicuntur
1338 1179 1408 1218 effe
1433 1180 1564 1219 Latini
1597 1179 1682 1218 sane
1712 1179 1830 1218 multi
1863 1178 1952 1217 libri
1968 1196 1981 1224 ;

585 1263 683 1302 quos
703 1262 782 1287 non
815 1256 1025 1285 contemno
1044 1246 1239 1298 equidem,
1270 1246 1414 1298 quippe
1443 1258 1539 1297 quos
1569 1257 1770 1297 nunquam
1790 1244 1951 1297 legerim
1971 1259 1981 1282 :

585 1315 661 1360 sed,
696 1314 787 1366 quia
816 1312 1045 1366 profitentur
1074 1311 1143 1364 ipsi
1177 1311 1249 1355 illi,
1285 1311 1353 1363 qui
1386 1323 1450 1349 eos
1481 1309 1667 1353 scribunt,
1695 1309 1731 1347 se
1760 1322 1886 1361 neque
1904 1309 1983 1347 dis-

585 1381 717 1424 tincte,
739 1391 862 1431 neque
881 1377 1095 1422 distribute,
1117 1388 1243 1428 neque
1262 1376 1468 1429 eleganter,
1501 1388 1625 1427 neque
1643 1383 1775 1413 ornate
1807 1373 1983 1421 scribere,

583 1446 789 1484 lectionem
809 1444 886 1482 fine
907 1442 985 1481 ulla
1017 1441 1267 1481 delectatione
1295 1441 1466 1494 negligo.
1516 1440 1626 1492 Qid
1656 1439 1762 1479 enim
1782 1439 1913 1478 dicant
1944 1449 1984 1479 et

584 1511 680 1564 quid
713 1510 875 1549 sentiant
909 1509 952 1553 ii,
982 1508 1050 1560 qui
1083 1507 1170 1546 sunt
1196 1508 1243 1545 ab
1276 1520 1319 1545 ea
1347 1507 1562 1560 disciplina,
1592 1520 1708 1545 nemo
1738 1505 1984 1545 mediocriter

583 1576 745 1630 quidem
764 1577 898 1614 doctus
917 1574 1080 1627 ignorat.
1125 1572 1409 1625 Qamobrem‚
1429 1573 1630 1625 quoniam,
1650 1572 1983 1625 quemadmodum

583 1644 727 1688 dicant,
755 1642 823 1695 ipsi
843 1655 920 1679 non
940 1641 1113 1679 laborant
1128 1658 1140 1685 ς
1170 1652 1240 1678 cur
1259 1639 1413 1692 legendi
1432 1639 1519 1684 sint,
1547 1639 1616 1677 nisi
1636 1638 1704 1691 ipsi
1725 1638 1824 1677 inter
1842 1637 1892 1683 se,
1914 1639 1982 1691 qui

582 1710 685 1748 idem
707 1709 888 1753 sentiunt,
923 1720 1000 1746 non
1028 1706 1221 1758 intelligo.
1280 1707 1401 1751 Nam,
1431 1715 1475 1745 ut
1502 1705 1704 1744 Platonem
1738 1703 1982 1757 reliquosque

583 1775 809 1818 Socraticos,
830 1782 868 1811 et
888 1772 1067 1825 deinceps
1087 1784 1166 1816 eOS,
1197 1771 1265 1824 qui
1284 1771 1331 1810 ab
1352 1769 1414 1809 his
1432 1769 1594 1824 profecti
1613 1770 1714 1815 sunt,
1735 1771 1871 1822 legunt
1889 1783 1981 1808 om-

584 1855 663 1886 nes,
693 1841 811 1878 etiam
845 1838 913 1891 qui
948 1837 1014 1876 illa
1047 1846 1112 1876 aut
1144 1850 1222 1876 non
1253 1837 1479 1890 approbant,
1515 1845 1581 1875 aut
1610 1850 1689 1874 non
1720 1835 1981 1874 studiofiffime

582 1906 858 1949 consectantur,
891 1903 1126 1956 (Epicurum
1146 1913 1276 1941 autem
1295 1911 1333 1940 et
1354 1902 1626 1941 Metrodorum
1653 1915 1729 1940 non
1751 1900 1828 1939 fere
1848 1910 1982 1953 praeter

583 1973 667 2011 suos
698 1971 900 2023 quisquam
933 1970 973 2007 in
1004 1982 1139 2007 manus
1172 1969 1306 2019 sumit)
1336 1967 1384 2006 slc
1404 1967 1474 2006 hos
1495 1968 1654 2006 Latinos
1674 1968 1702 2005 ii
1734 1967 1801 2006 soli
1832 1966 1979 2019 legunt,

582 2038 651 2089 qui
672 2036 737 2074 illa
758 2037 855 2074 recte
875 2034 952 2073 dici
973 2042 1121 2086 putant.
1154 2033 1281 2071 Nobis
1308 2041 1438 2071 autem
1458 2032 1620 2076 videtur,
1648 2030 1838 2083 quidquid
1860 2030 1979 2069 literis

584 2102 799 2146 mandetur,
830 2100 870 2138 id
889 2099 1153 2138 commendari
1183 2099 1362 2136 omnium
1390 2097 1628 2136 eruditorum
1660 2096 1814 2134 lectioni
1833 2096 1978 2136 decere.

583 2169 685 2213 Nec,
718 2167 743 2206 si
764 2167 829 2220 ipsi
852 2167 981 2205 minus
1011 2165 1191 2218 consequi
1223 2163 1432 2218 possumus,
1463 2163 1609 2203 idcirco
1639 2163 1768 2202 minus
1789 2161 1828 2200 id
1847 2162 1901 2201 ita
1918 2160 1978 2200 fa-

582 2233 765 2272 ciendum
791 2232 859 2271 esse
881 2232 1078 2270 sentimus.

640 2301 773 2352 ltaque
806 2298 905 2338 mihi
937 2297 1081 2351 semper
1103 2297 1458 2350 Peripateticorum,
1491 2296 1787 2348 Academiaeque
1815 2293 1979 2333 consue-

583 2367 691 2412 tudo,
726 2366 773 2404 de
792 2365 974 2404 omnibus
995 2365 1106 2403 rebus
1138 2365 1176 2402 in
1197 2364 1401 2402 contrarias
1433 2373 1554 2417 partes
1581 2362 1794 2407 disserendi,
1831 2374 1907 2400 non
1927 2360 1980 2399 ob

583 2446 667 2470 eam
689 2431 837 2470 causam
859 2430 981 2469 solum
1002 2429 1159 2483 placuit,
1191 2430 1295 2482 quod
1317 2429 1423 2467 aliter
1445 2442 1520 2467 non
1544 2428 1673 2481 posset,
1695 2427 1791 2481 quid
1812 2427 1851 2465 in
1882 2439 1977 2464 una-

581 2512 735 2550 quaque
766 2512 804 2536 re
837 2496 1036 2537 verisimile
1068 2495 1169 2540 ess'et,
1211 2496 1400 2539 inveniri;
1439 2494 1498 2533 sed
1532 2495 1647 2534 etiam
1681 2493 1788 2547 quod
1819 2491 1908 2531 esset
1935 2503 1978 2529 ea

580 2564 754 2604 maxima
783 2563 934 2603 dicendi
954 2562 1203 2609 exercitatio,
1239 2575 1314 2616 qua
1334 2561 1509 2615 princeps
1541 2560 1628 2601 usus
1659 2560 1712 2600 est
1741 2556 1974 2601 Aristoteles.
