2330 2983
1118 280 1343 334 [300]

660 483 1816 546 TUSCULANARUM

757 709 1707 792 QUAESTIONUM

732 935 1092 978 LIBER
1194 935 1723 976 TERTIUS.

831 1193 895 1218 DE
939 1192 1299 1218 AEGRITUDINE
1345 1191 1637 1218 LENIENDA.

541 1306 572 1343 1,
737 1299 1001 1338 UIDNAM
1025 1298 1110 1343 effe,
1143 1299 1272 1344 Brute,
1305 1299 1422 1337 causae
1441 1308 1590 1351 putem,
1610 1310 1695 1342 cur,
1720 1309 1811 1336 cum
1831 1311 1928 1336 con-

597 1303 735 1458 Q
762 1365 902 1403 stemus
922 1377 969 1402 ex
988 1365 1118 1402 animo
1137 1373 1175 1402 et
1202 1377 1372 1416 corpore,
1396 1363 1565 1416 corporis
1596 1362 1753 1401 curandi
1772 1363 1928 1400 tuendi-

767 1443 843 1482 que
875 1428 984 1468 cauffi
1017 1429 1171 1482 quaesita
1200 1429 1246 1467 fit
1277 1441 1349 1473 ars,
1384 1428 1540 1481 ejusque
1573 1427 1718 1465 utilitas
1752 1429 1931 1466 Deorum

540 1496 821 1535 immortalium
841 1494 1052 1533 inventioni
1083 1494 1322 1539 consecrata;
1354 1494 1472 1532 animi
1492 1502 1620 1531 autem
1642 1493 1831 1531 medicina
1858 1505 1928 1531 nec

540 1571 619 1600 tam
639 1561 839 1599 defiderata
858 1559 916 1605 sit,
936 1569 1141 1611 antequam
1162 1561 1326 1604 inventa,
1360 1572 1428 1597 nec
1450 1569 1527 1597 tam
1547 1558 1664 1602 culta,
1685 1558 1933 1610 posteaquam

539 1627 693 1680 cognita
711 1626 777 1670 est,
806 1637 876 1663 nec
896 1634 975 1663 tam
996 1625 1130 1663 multis
1149 1634 1251 1678 grata
1270 1634 1308 1662 et
1327 1625 1499 1677 probata,
1520 1624 1694 1676 pluribus
1713 1624 1828 1661 etiam
1850 1623 1928 1661 sus-

538 1695 648 1745 pesta
666 1702 703 1730 et
723 1691 867 1729 invisa?
898 1692 976 1735 An,
998 1691 1102 1742 quod
1122 1691 1288 1742 corporis
1307 1691 1530 1742 gravitatem
1551 1699 1589 1727 et
1606 1688 1778 1727 dolorem
1799 1689 1931 1726 animo

534 1758 769 1809 judicamus,
803 1755 922 1794 animi
956 1756 1138 1794 morbum
1169 1768 1326 1807 corpore
1356 1769 1431 1793 non
1463 1755 1679 1792 sentimus?
1716 1755 1773 1793 Ita
1797 1753 1855 1798 fit,
1886 1763 1931 1791 ut

541 1825 690 1862 animus
725 1823 771 1862 de
802 1822 838 1860 se
869 1821 946 1874 ipse
980 1830 1066 1860 tum
1080 1821 1243 1874 judicet,
1271 1835 1362 1859 cum
1395 1820 1433 1859 id
1455 1821 1592 1873 ipsum,
1620 1834 1698 1872 quo
1718 1820 1928 1872 judicatur,

542 1898 711 1942 aegrotet.

579 1955 697 2005 Qod
719 1953 743 1992 si
765 1953 855 1990 tales
876 1965 943 1990 nos
962 1961 1091 1989 natura
1110 1951 1307 2003 genuisset,
1324 1961 1366 1989 ut
1387 1965 1470 1989 eam
1492 1951 1610 2004 ipsam
1630 1950 1768 1989 intueri
1789 1960 1827 1988 et
1842 1964 1929 2002 per-

544 2018 696 2071 spicere,
718 2017 925 2068 eademque
945 2017 1090 2068 optima
1109 2015 1206 2053 duce
1226 2016 1378 2053 cursum
1400 2017 1484 2053 vita:
1503 2015 1689 2052 conficere
1710 2015 1898 2067 possemus
1916 2032 1926 2058 ;

542 2083 644 2121 haud
664 2092 740 2120 erat
761 2082 856 2125 sane,
879 2082 981 2133 quod
1002 2081 1204 2133 quisquam
1222 2081 1406 2118 rationem
1428 2094 1468 2118 ac
1485 2081 1695 2118 dostrinam
1710 2080 1926 2131 requireret.

544 2149 663 2186 Nunc
684 2147 858 2201 parvulos
883 2147 993 2185 nobis
1013 2147 1117 2184 dedit
1139 2146 1342 2199 igniculos,
1364 2159 1460 2198 quos
1480 2146 1651 2184 celeriter
1677 2146 1787 2183 malis
1808 2146 1929 2183 mori-

544 2215 614 2252 bus
635 2213 954 2267 opinionibusque
971 2212 1178 2264 depravatis
1201 2211 1249 2250 fic
1279 2211 1561 2264 restinguimus,
1591 2221 1632 2249 ut
1654 2211 1839 2262 nusquam
1862 2224 1929 2248 na-

546 2289 637 2317 turae
657 2279 789 2317 lumen
811 2288 996 2331 appareat.
1040 2280 1133 2315 Sunt
1164 2278 1267 2315 enim
1301 2278 1464 2330 ingeniis
1490 2277 1623 2315 nostris
1645 2277 1783 2315 semina
1804 2277 1931 2314 innata

545 2344 761 2389 virtutum5
794 2357 877 2395 qua·
913 2343 936 2381 si
958 2342 1166 2380 adolescere
1201 2342 1343 2386 liceret,
1377 2342 1451 2395 ipsa
1481 2356 1548 2379 nos
1577 2343 1621 2380 ad
1643 2343 1789 2380 beatam
1811 2343 1929 2379 vitam

546 2418 676 2445 natura
698 2408 928 2459 perduceret.
982 2407 1098 2444 Nunc
1120 2415 1261 2449 autem,
1299 2406 1407 2443 simul
1430 2415 1541 2457 atquc
1562 2406 1653 2444 editi
1676 2407 1713 2443 in
1736 2405 1862 2443 lucem
1893 2414 1930 2443 et

546 2473 702 2525 suscepti
726 2473 868 2517 sumus,
901 2472 938 2510 in
958 2472 1065 2511 omni
1087 2472 1271 2510 continuo
1293 2472 1471 2523 pravitate
1492 2481 1528 2508 ct
1551 2472 1587 2508 in
1612 2472 1759 2509 sumnia
1777 2471 1929 2524 opinio-

547 2552 639 2575 num
663 2538 894 2589 pcrvcrsitatc
929 2538 1116 2575 versamur
1135 2555 1144 2581 ;
1177 2546 1217 2574 ut
1239 2550 1332 2588 pene
1352 2551 1441 2574 cum
1474 2537 1566 2574 lacte
1588 2538 1746 2575 nutricis
1766 2549 1928 2574 errorem

547 2602 678 2641 suxiss‘c
697 2603 903 2640 videamur.
937 2605 1039 2641 Cum
1058 2615 1144 2640 vcro
1165 2602 1382 2654 parentibus
1401 2602 1548 2647 redditi,
1569 2602 1726 2640 demum
1745 2600 1929 2653 magistris
