2330 2983
515 260 589 312 156
936 256 1038 294 DE
1097 252 1479 293 FINIBUS

565 361 659 399 XII.
690 359 764 397 Nae
784 366 841 402 tu,
859 357 1034 409 inquam,
1056 357 1167 402 Cato,
1189 355 1314 395 verbis
1334 354 1559 399 illustribus,
1579 362 1618 393 et
1635 354 1690 400 id,
1712 354 1906 407 quodvis,

509 424 803 464 declarantibus.
854 423 987 475 Itaque
1007 421 1108 460 mihi
1127 421 1266 460 videris
1286 421 1425 460 Latine
1445 420 1580 458 docere
1605 418 1906 473 philosophiam,

510 499 548 528 et
567 490 601 527 ei
621 489 724 542 quasi
754 488 950 526 civitatem
971 487 1057 525 dare
1071 506 1084 532 ς
1119 500 1206 539 quae
1235 486 1394 539 quidem
1415 485 1540 524 adhuc
1570 485 1906 539 peregrinarivRo-

510 569 583 593 mae
602 554 814 598 videbatur,
834 566 904 591 nec
924 551 1058 591 offerre
1070 551 1141 590 sese
1162 552 1295 590 nostris
1315 551 1578 590 sermonibus:
1601 560 1640 589 et
1655 551 1721 589 ista
1736 551 1907 590 maxime

509 630 666 674 propter
699 620 874 658 limatam
905 618 1099 671 quandam
1125 626 1163 656 et
1197 631 1324 656 rerum
1358 626 1396 655 et
1424 617 1630 655 verborum
1663 617 1905 656 tenuitatem.

509 687 597 725 Scio
627 687 732 724 enim
752 683 822 722 effe
848 684 1046 736 quosdam,
1081 683 1150 736 qui
1169 683 1300 735 quavis
1320 682 1453 734 lingua
1471 680 1733 734 philosophari
1752 681 1907 735 poffint,

508 751 626 790 nullis
647 759 775 788 tamen
794 748 1080 802 partitionibus,
1104 747 1220 785 nullis
1241 746 1531 785 definitionibus
1551 754 1714 784 utuntur
1728 764 1746 791 ς
1762 747 1909 800 ipfique

508 818 658 861 dicunt,
681 829 723 854 ea
743 815 779 853 se
797 814 916 852 modo
934 814 1107 866 probare,
1122 813 1264 865 quibus
1284 821 1418 850 natura
1436 812 1550 850 tacita
1566 811 1796 850 assentiatur.
1827 812 1908 851 Ita-

508 895 583 934 que
603 882 644 919 in
663 880 776 919 rebus
796 879 958 917 minime
978 877 1148 916 obscur-is
1169 890 1246 915 non
1266 877 1414 915 multus
1434 876 1487 914 est
1506 876 1608 930 apud
1626 889 1689 915 eos
1709 872 1909 916 differendi

508 947 628 985 labor.
671 947 800 999 Qare
819 943 974 983 attendo
1004 953 1042 982 te
1071 943 1246 988 studiose,
1274 952 1326 988 et,
1358 955 1598 996 quaecunque
1631 942 1742 981 rebus
1770 943 1831 989 iis,
1861 942 1908 982 de

508 1013 651 1065 quibus
671 1011 736 1050 hic
756 1010 879 1049 sermo
898 1009 964 1055 est,
986 1009 1144 1048 nomina
1163 1008 1348 1062 imponiS,
1377 1009 1572 1047 memoriae
1592 1008 1747 1047 mando.
1798 1007 1908 1047 Mihi

507 1078 613 1116 enim
633 1078 704 1116 erit
730 1076 864 1115 iisdem
894 1076 972 1114 istis
1002 1074 1152 1114 fortaffe
1169 1075 1252 1127 jam
1284 1074 1487 1112 utendum.
1547 1074 1767 1112 Virtutibus
1788 1074 1907 1126 igitur

508 1144 709 1183 redtissime
739 1141 840 1181 mihi
873 1141 1027 1187 videris,
1057 1151 1097 1180 et
1125 1141 1173 1179 ad
1202 1140 1519 1179 consuetudinem
1546 1139 1677 1179 nostrae
1708 1140 1906 1185 orationis,

507 1211 600 1248 vitia
619 1208 777 1263 posuisse
796 1209 996 1247 contraria.
1020 1208 1138 1259 Qod
1159 1207 1264 1245 enim
1284 1205 1536 1259 vituperabile
1555 1206 1606 1244 est
1625 1219 1691 1259 per
1707 1206 1742 1244 se
1762 1206 1905 1259 ipsum,

507 1276 546 1314 id
566 1289 612 1314 eo
630 1275 712 1328 ipso
732 1274 871 1312 vitium
892 1273 1138 1312 nominatum
1160 1282 1268 1325 puto,
1302 1272 1363 1310 vel
1384 1273 1500 1310 etiam
1523 1285 1544 1309 a
1562 1272 1658 1310 vitio
1676 1272 1825 1310 dietum
1845 1272 1904 1310 vi-

506 1341 686 1393 tuperari.
719 1339 784 1378 Sin
800 1336 926 1375 κακῐοιυ
945 1337 1135 1376 malitiam
1156 1337 1321 1384 dixisses,
1342 1337 1388 1375 ad
1408 1337 1511 1375 aliud
1524 1350 1593 1375 nos
1612 1350 1734 1375 unum
1755 1346 1906 1376 certum

506 1406 646 1444 vitium
667 1404 903 1444 consuetudo
923 1403 1062 1442 Latina
1081 1403 1308 1442 traduceret.
1341 1403 1382 1442 N
1387 1415 1461 1441 unc
1481 1402 1591 1441 omni
1611 1402 1748 1442 virtuti
1764 1403 1907 1442 vitium

505 1472 694 1511 contrario
713 1471 871 1509 nomine
890 1470 1112 1523 opponitur.

560 1539 670 1576 Tum
690 1537 781 1581 ille,
811 1536 888 1574 His
909 1535 1028 1588 igitur
1046 1536 1099 1573 ita
1117 1535 1263 1588 positis,
1291 1535 1432 1588 inquit,
1461 1535 1630 1588 sequitur
1650 1549 1790 1589 magna
1808 1549 1906 1575 con-

504 1604 650 1648 tentio;
682 1617 767 1656 quae
786 1603 1009 1655 pertractata
1026 1601 1079 1639 est
1098 1615 1119 1639 a
1140 1602 1400 1654 Peripateticis
1420 1602 1592 1640 mollius.
1624 1602 1690 1640 Est
1711 1603 1816 1640 enim
1836 1616 1906 1641 eo-

504 1683 591 1708 rum
612 1668 848 1707 consuetudo
878 1667 1032 1705 dicendi
1055 1681 1133 1705 non
1164 1666 1249 1706 satis
1279 1677 1403 1712 acuta,
1432 1677 1588 1721 propter
1620 1668 1903 1720 ignorationem

503 1735 721 1774 dialecticae.
782 1733 993 1771 Carneades
1029 1742 1132 1778 tuus,
1179 1733 1329 1786 egregia
1357 1733 1523 1786 quadam
1554 1733 1826 1772 exercitatione
1861 1734 1902 1772 in

502 1801 724 1844 dialceticis,
739 1799 966 1850 summaque
981 1798 1213 1851 eloquentia,
1231 1812 1310 1836 rem
1332 1799 1371 1836 in
1392 1798 1590 1837 summum
1608 1798 1811 1837 discrimen
1833 1799 1907 1837 ad-

501 1867 636 1912 duxit;
668 1874 867 1919 propterca
886 1863 991 1916 quod
1010 1877 1179 1916 pugnare
1199 1878 1276 1902 non
1301 1863 1457 1909 destitit,
1488 1865 1527 1902 in
1551 1865 1659 1902 omni
1687 1863 1759 1902 hac
1779 1864 1907 1917 quaes-

503 1933 620 1976 tione,
656 1945 741 1983 qua:
761 1930 806 1968 de
827 1930 938 1967 bonis
969 1938 1006 1967 et
1027 1930 1137 1968 malis
1159 1929 1382 1982 appelletur,
1415 1944 1491 1968 non
1517 1929 1588 1968 effe
1615 1944 1742 1969 rerum
1764 1931 1906 1970 Stoicis.

501 2011 593 2036 cum
621 1995 880 2050 Peripateticis
914 1995 1220 2039 controversiam,
1251 1995 1312 2033 sed
1344 1997 1573 2034 nominum„
1632 1995 1740 2034 Mihi
1773 2005 1901 2034 autem

502 2063 600 2101 nihil
622 2073 699 2101 tam
722 2061 965 2115 perspicuum
986 2061 1154 2105 videtur,
1167 2074 1284 2113 quam
1305 2060 1371 2099 has
1394 2061 1593 2099 sententias
1614 2075 1747 2099 eorum
1768 2061 1900 2114 philo-

505 2127 713 2182 sophorum
736 2141 773 2165 re
804 2127 902 2164 inter
923 2126 957 2164 se
981 2127 1118 2179 magis,
1149 2140 1267 2179 quam
1287 2127 1425 2171 verbis,
1457 2126 1641 2165 diffidere.
1706 2127 1906 2179 Majorem,

502 2195 629 2234 multo
649 2194 748 2232 inter
768 2193 913 2231 Stoicos
934 2201 970 2230 et
993 2193 1263 2245 Peripateticos
1285 2207 1411 2231 rerum
1441 2192 1511 2230 effe
1531 2193 1589 2230 aio
1609 2192 1899 2245 discrepantiam

500 2274 618 2312 quam
641 2259 843 2297 verborum
862 2273 871 2296 :
903 2258 1062 2310 qnippe,
1089 2272 1180 2296 cum
1203 2259 1445 2311 Peripatetici
1466 2259 1611 2303 omnia,
1634 2273 1718 2311 quae
1740 2259 1805 2312 ipsi
1826 2260 1897 2297 bo-

503 2339 548 2362 na
580 2325 784 2378 appellant,
817 2323 1004 2376 pertinere
1031 2323 1160 2362 dicant
1181 2323 1225 2361 ad
1258 2324 1365 2362 beate
1391 2324 1626 2361 vivendum:
1662 2324 1775 2362 nostri
1796 2338 1897 2370 vcro,

502 2391 604 2441 quod
626 2390 870 2429 :estimatione
890 2389 1052 2427 omnino
1072 2389 1198 2441 aliqua
1228 2389 1391 2442 dignum
1425 2390 1481 2435 lit,
1513 2390 1717 2443 complecti
1751 2390 1904 2430 beatam

503 2458 619 2495 vitam
644 2466 790 2509 putent.

550 2523 662 2561 XIII.
697 2525 756 2560 An
782 2536 867 2560 vcro
886 2522 1025 2560 certius
1047 2521 1259 2574 quidquam
1282 2522 1399 2575 potest
1420 2521 1503 2566 cll'c,
1525 2537 1642 2575 quam
1665 2523 1819 2561 illorum
1838 2535 1896 2560 ra-

504 2590 621 2633 tione,
644 2590 711 2641 qni
732 2589 904 2628 dolorem
927 2590 963 2627 in
987 2588 1095 2628 malis
1117 2598 1281 2642 ponunt,
1300 2603 1374 2628 non
1398 2589 1495 2643 poll‘c
1515 2589 1720 2642 sapientem
1742 2589 1897 2628 beatum
