2330 2983
513 243 583 293 148
932 247 1034 285 DE
1092 247 1474 286 FINIBUS

507 346 676 383 salutaria
706 357 884 399 appetant
915 349 1033 400 parvi,
1069 349 1389 403 aspernenturque
1422 349 1624 388 contraria.
1647 338 1650 340 ¹
1674 348 1806 404 Qod·
1824 352 1903 390 noir

507 411 625 456 fieret,
648 413 713 450 nisi
736 413 873 451 statum
894 414 1006 453 suum
1026 415 1242 468 diligerent,
1263 416 1464 455 interitum
1485 416 1678 455 timerent.
1710 417 1814 456 Fieri
1833 430 1904 456 au-

508 485 586 514 tem
609 491 685 515 non
706 478 838 531 poffet,
875 491 917 518 ut
935 490 1155 534 appeterent
1175 482 1336 534 aliquid,
1373 482 1440 520 nisi
1462 482 1611 521 sensum
1628 481 1812 521 haberent
1831 482 1904 527 sui,

506 542 628 594 eoque
660 543 694 581 se
725 554 762 582 et
783 544 845 582 sua
871 546 1089 599 diligerent.
1126 548 1188 586 Ex
1211 561 1289 600 quo
1317 548 1482 600 intelligi
1508 548 1635 594 debet,
1666 548 1906 602 principium

506 607 668 647 dunum
688 609 758 648 effe
777 624 798 648 a
816 611 852 648 se
871 611 1070 664 diligendi.

562 675 607 713 In
629 675 828 729 principiis
847 687 975 716 autem
998 679 1233 718 naturalibus
1268 679 1454 733 diligendi
1486 680 1556 725 sui,
1583 679 1756 733 plerique
1785 679 1905 719 Stoici

508 753 584 778 non
605 752 742 793 putant
771 743 1009 796 voluptatem
1034 745 1104 783 esse
1132 745 1365 797 ponendam.
1413 747 1569 797 Qibus
1598 758 1670 798 ego
1695 744 1906 784 vehemen0‘

507 816 565 844 ter
583 807 756 845 assentior
770 826 782 853 ς
804 821 865 854 ne,
886 809 913 846 fi
932 810 1172 862 voluptatem
1192 819 1325 849 natura
1343 810 1503 864 posuiffe
1518 811 1559 848 in
1579 811 1625 848 iis
1642 811 1755 849 rebus
1775 810 1908 849 videa-

508 881 583 916 tur,
616 886 700 924 quae
721 873 856 925 prima:
885 884 1130 927 appetuntur,
1161 875 1286 914 multa
1313 875 1440 929 turpia
1470 875 1687 928 sequantur.
1719 875 1815 914 Satis
1835 874 1908 914 effe

507 947 636 976 autem
668 941 886 992 argumenti
919 941 1082 986 videtur,
1113 942 1368 994 quamobrem
1398 942 1478 987 illa,
1508 955 1594 994 quae
1628 941 1763 980 natura
1780 942 1908 995 prima

507 1003 593 1041 sunt
612 1003 737 1050 ascita,
760 1006 892 1043 natur-:⁴1
912 1006 1116 1060 diligamus
1130 1026 1146 1052 ‚—
1174 1007 1280 1060 quod
1296 1008 1348 1046 est
1364 1022 1492 1052 nemo,
1506 1008 1616 1060 quin,
1638 1022 1731 1046 cum
1751 1017 1907 1046 utrum·

507 1069 563 1107 vis
594 1070 720 1115 liceat,
750 1081 852 1124 aptas
884 1073 994 1111 malit
1023 1084 1062 1111 et
1081 1074 1245 1126 integras
1265 1088 1398 1113 omnes
1419 1083 1540 1128 partes
1570 1075 1755 1127 corporis,
1787 1087 1906 1127 quam

508 1136 642 1174 eodem
665 1137 731 1174 usu
753 1138 979 1177 imminutas
1001 1149 1065 1177 aut
1085 1140 1263 1184 detortas,
1285 1139 1437 1179 habere.

563 1202 709 1240 Rerum
731 1212 860 1241 autem
894 1206 1134 1257 cognitiones
1169 1206 1266 1257 (vel,
1300 1207 1324 1244 si
1345 1206 1426 1244 haec
1448 1207 1559 1244 verba
1578 1215 1643 1244 aut
1664 1206 1794 1244 minus
1820 1205 1906 1259 pla-

507 1278 609 1313 cent,
651 1278 715 1306 aut
760 1269 890 1308 minus
926 1270 1210 1323 intelliguntur,
1249 1264 1463 1320 καταλήψεις
1496 1273 1734 1326 appellemus
1763 1272 1854 1310 licet
1870 1273 1904 1324 ς)

506 1347 566 1370 eas
597 1334 715 1386 igitur
749 1335 844 1387 ipsas
864 1345 1021 1388 propter
1046 1336 1082 1374 se
1117 1337 1343 1374 asciscendas
1370 1337 1621 1382 arbitramur„
1642 1337 1748 1389 quod
1785 1336 1906 1376 habe·

506 1408 571 1436 ant
592 1399 775 1451 quiddam
796 1401 836 1438 in
858 1400 892 1438 se
913 1401 1015 1454 quasi
1036 1401 1288 1455 complexum
1309 1410 1347 1439 et
1367 1403 1569 1441 continens
1588 1403 1801 1441 veritatem.
1862 1402 1908 1441 Id

506 1474 634 1503 antem
654 1465 693 1503 in
714 1467 836 1519 parvis
871 1467 1037 1520 intelligi
1058 1467 1192 1520 potest,
1223 1481 1320 1520 quos
1351 1467 1527 1506 delectari
1548 1467 1759 1512 videamus,
1790 1467 1908 1506 etiam

508 1532 533 1568 ii
565 1544 698 1569 eorum
735 1530 833 1570 nihil
855 1533 1013 1578 interfit,
1044 1534 1068 1571 fi
1097 1533 1192 1586 quid
1223 1533 1368 1571 ratione
1398 1546 1464 1586 per
1498 1533 1533 1571 se
1563 1534 1632 1587 ipfi
1662 1534 1904 1572 invenerunt.

507 1599 620 1636 Artes
652 1598 768 1635 etiam
799 1598 893 1651 ipsas
915 1609 1069 1652 propter
1090 1599 1124 1637 se
1152 1599 1386 1637 assumendas
1407 1609 1587 1652 putamus
1603 1618 1629 1654 ;ι
1648 1609 1733 1638 turn
1756 1600 1846 1652 quia
1863 1600 1907 1638 sit

506 1664 546 1701 in
581 1662 641 1701 his
662 1664 806 1716 aliquid
826 1665 991 1717 dignum
1011 1664 1276 1718 assumptione,
1308 1675 1392 1704 tum
1428 1665 1532 1717 quod
1553 1665 1726 1704 constent
1744 1678 1791 1704 ex
1810 1678 1905 1718 cog-—

506 1729 733 1774 nitionibus,
763 1739 801 1766 et
835 1731 1058 1768 contineant
1078 1731 1263 1783 quiddam
1295 1731 1334 1769 in
1365 1730 1400 1769 se
1421 1732 1564 1770 ratione
1584 1731 1838 1770 constitutum
1868 1742 1906 1770 et

506 1795 578 1832 via.
626 1798 661 1834 A
693 1794 782 1833 falsa
802 1805 930 1834 autem
951 1795 1151 1835 affensione
1180 1797 1300 1849 magis
1322 1810 1390 1835 nos
1411 1798 1591 1836 alienatos
1612 1797 1697 1841 effe,
1729 1811 1847 1850 quam
1887 1811 1906 1835 a

505 1862 648 1899 caeteris
671 1862 796 1906 rebus,
817 1876 902 1913 quae
922 1862 1008 1900 sunt
1028 1873 1159 1901 contra
1179 1872 1368 1907 naturam,
1390 1863 1633 1901 arbitramur.
1664 1864 1753 1914 Jam
1776 1876 1906 1901 mem-

508 1927 680 1971 brorum,
714 1927 753 1965 id
784 1927 849 1971 est,
882 1929 1048 1979 partium
1080 1927 1263 1980 corporis,
1295 1928 1367 1966 alia
1385 1928 1562 1966 videntur
1590 1938 1744 1982 propter
1773 1941 1908 1966 eorum

507 1995 618 2033 usum
639 2007 659 2031 a
681 2003 811 2031 natura
830 1992 899 2030 esse
931 1993 1080 2037 donata,
1114 2003 1154 2030 ut
1177 2007 1327 2037 manus,
1359 2006 1480 2037 crura,
1509 1993 1636 2045 pedes,
1673 2003 1715 2031 ut
1735 2006 1790 2038 ea,
1822 2007 1906 2046 quae

508 2062 592 2100 sunt
615 2061 715 2098 intus
737 2060 774 2096 in
796 2073 966 2111 corpore,
989 2073 1156 2111 quorum
1180 2060 1322 2097 utilitas
1343 2069 1485 2111 quanta
1505 2059 1547 2097 fit
1568 2073 1588 2097 a
1608 2059 1770 2098 medicis
1789 2060 1907 2098 etiam

507 2128 719 2180 disputatur
738 2140 746 2163 :
779 2125 850 2162 alia
881 2134 1010 2163 autem
1032 2125 1177 2163 nullam
1199 2125 1250 2163 ob
1268 2125 1491 2169 utilitatem,
1525 2125 1627 2177 quasi
1649 2125 1693 2163 ad
1711 2125 1906 2177 quendam

507 2203 699 2235 ornatum,
737 2201 778 2229 ut
809 2191 924 2228 cauda
956 2191 1107 2243 pavoni,
1142 2191 1282 2244 pluma·
1303 2190 1539 2230 versicolores
1573 2190 1780 2235 columbis,
1816 2191 1907 2230 viris

508 2273 702 2301 mammre,
724 2267 836 2310 atque
858 2257 984 2295 barba.
1850 2294 1854 2298 ¹

564 2326 659 2362 llaec
681 2323 862 2361 dicuntur
883 2322 1028 2361 fortass‘e
1055 2323 1253 2374 jejunius;
1288 2323 1372 2361 sunt
1392 2323 1497 2360 enim
1532 2322 1633 2374 quasi
1670 2322 1794 2375 prima
1827 2322 1905 2359 ele-

509 2401 637 2428 menta
659 2399 812 2433 naturae,
844 2389 985 2441 quibus
1017 2389 1165 2426 ubertas
1187 2389 1366 2427 orationis
1393 2387 1565 2426 adhiberi
1587 2389 1650 2426 vix
1673 2387 1805 2441 potest,
1838 2401 1906 2426 nee

507 2456 685 2506 equidem
705 2468 788 2492 eam
810 2455 940 2507 cogito
960 2453 1177 2492 consectari.
1203 2455 1462 2491 Veruntamen
1479 2468 1570 2492 eum
1592 2454 1637 2491 dc
1660 2454 1770 2492 rebus
1790 2466 1906 2506 gran-

508 2522 679 2558 dioribus
701 2521 817 2563 dieas,
849 2520 932 2573 ipsa:
954 2534 1010 2558 res
1041 2521 1153 2557 verba
1172 2520 1335 2572 rapiunt.
1383 2520 1439 2557 lta
1460 2519 1502 2558 fit
1524 2533 1614 2558 cum
1636 2520 1796 2572 gravior,
1820 2528 1905 2556 tum

507 2588 622 2626 etiam
647 2586 890 2640 splendidior,
912 2587 1046 2627 oratio.
1068 2586 1132 2626 13st
1151 2596 1191 2625 ut
1208 2586 1317 2632 dicis,
1337 2586 1510 2639 inquam.
1534 2586 1605 2625 Sed
1626 2596 1755 2624 tamen
1773 2596 1904 2629 omne,
