2330 2983
559 260 836 301 LIBER
893 258 1389 300 SECUNDUS.
1602 277 1673 303 111

280 353 508 408 sequamini,
535 353 606 393 'sed
635 355 752 393 etiam
782 362 827 391 ut
856 352 965 405 loqui
995 353 1124 393 deceat
1156 353 1368 406 frugaliter.
1430 354 1676 394 Poffumusne

278 422 399 474 igitur
426 422 467 459 in
493 421 571 459 vita
596 420 796 458 summum
821 419 972 456 bonum
991 419 1129 465 dicere,
1159 434 1252 458 cum
1270 420 1310 458 id
1330 434 1378 458 ne
1398 422 1437 458 in
1457 435 1565 460 coena
1585 423 1675 474 qui-

279 486 368 524 dem
393 485 496 538 poss‘e
524 484 751 523 videamur?
794 484 886 535 Qo
915 483 1035 521 modo
1063 494 1192 522 autem
1222 483 1475 537 philosophus
1503 486 1678 539 loquitur

278 552 351 588 tria
367 563 505 602 genera
523 550 781 603 cupiditatum
799 548 812 584 ?
844 547 1030 586 naturales
1049 558 1088 586 et
1107 548 1323 587 necessarias
1335 567 1348 594 3
1376 551 1575 596 naturales,
1598 565 1675 590 non

278 616 517 661 neceffarias5
549 629 621 653 nec
642 614 844 658 naturales,
875 626 945 651 nec
966 613 1209 652 neceffarias?
1240 613 1417 652 Primum
1443 615 1568 654 divifit
1594 617 1678 654 ine-

277 681 469 734 legantem
500 681 578 720 duo
595 682 702 719 enim
720 692 858 732 genera
882 692 968 731 quae
994 689 1120 725 erant,
1144 678 1239 718 fecit
1265 681 1352 717 tria-
1397 681 1490 718 Hoc
1519 681 1571 719 est
1597 696 1681 720 non«

277 747 457 793 dividere,
488 748 551 785 sed
570 746 742 799 frangere
758 759 859 784 rem⁷
898 746 981 796 Ql
1000 745 1026 783 fi
1046 746 1207 791 diceret,
1233 746 1492 799 cupiditatum
1511 747 1581 785 esse
1599 747 1678 785 duo

277 827 426 865 genera,
455 814 645 853 naturales
662 822 700 850 et
723 813 879 856 inanes;
907 812 1146 850 naturalium
1168 826 1323 865 quoque
1356 813 1452 850 item
1483 813 1572 858 duo,
1604 827 1673 851 ne-

277 878 445 917 cessarias
479 888 517 917 et
551 891 628 917 non
664 876 878 915 necefl‘arias
894 894 906 921 ;
949 876 1122 915 confecta
1151 891 1208 915 res
1242 877 1352 916 estet.-
1400 878 1593 916 Vitiosum
1623 879 1676 917 est

277 944 384 983 enim
414 945 455 982 in
485 943 691 982 dividendo
720 952 866 995 partem
893 942 932 979 in
957 955 1094 994 genere
1123 956 1337 981 numerare⁷
1384 943 1454 980 Sed
1484 942 1560 981 hoc
1591 944 1675 981 sane

277 1011 547 1048 concedamus.
598 1008 828 1047 Contemnit
861 1008 966 1045 enim
998 1007 1197 1046 differendi
1226 1007 1482 1060 elegantiam:
1517 1002 1674 1046 confuse

277 1075 464 1128 Loquitur.
513 1075 718 1114 Gerendus
744 1074 798 1112 est
825 1087 924 1118 mos,
955 1074 1074 1112 modo
1104 1075 1203 1112 reete
1233 1074 1381 1111 sentiat.
1430 1075 1484 1111 Et
1513 1075 1678 1126 quidem

276 1141 374 1179 illud
397 1141 523 1194 ipsum
543 1155 620 1179 non
641 1140 810 1178 nimium
830 1139 966 1192 probO,
1000 1140 1055 1189 (et
1076 1148 1205 1177 tamen
1226 1139 1365 1192 patior)
1397 1138 1675 1192 philosophum

277 1207 385 1259 loqui
419 1208 466 1246 de
499 1207 778 1260 cupiditatibus
809 1205 1003 1244 finiendis.
1062 1208 1127 1244 An
1159 1205 1280 1259 potest
1312 1205 1503 1257 cupiditas
1541 1206 1671 1244 finiri?

278 1274 448 1312 tollenda
463 1274 516 1312 est
537 1283 650 1326 atque
671 1271 902 1311 extrahenda
932 1271 1126 1309 radicitus.
1178 1272 1278 1323 Qis
1297 1272 1349 1308 est
1375 1272 1493 1316 enim,
1525 1273 1565 1310 in
1594 1286 1672 1324 quo

276 1339 321 1377 fit
340 1340 543 1392 cupiditas,
573 1338 669 1391 quin
689 1340 787 1375 reete
804 1337 966 1389 cupidus
988 1337 1064 1374 dici
1084 1337 1194 1388 pofiit
1211 1338 1223 1373 ?
1255 1338 1360 1388 Ergo
1378 1346 1415 1373 et
1435 1351 1564 1375 avarus
1585 1339 1670 1382 erit,

278 1403 339 1442 sed
372 1404 503 1443 finite:
542 1414 580 1442 et
608 1404 775 1447 adultere
804 1400 937 1440 verum
967 1401 1126 1440 habebit
1156 1403 1341 1440 modum:
1385 1412 1422 1440 et
1457 1402 1673 1443 luxuriosus

276 1469 412 1508 eodem
442 1470 578 1508 modo.⁴
623 1469 760 1520 Qalis
789 1468 856 1506 ista
885 1467 1129 1520 philospphia
1157 1468 1222 1511 est,
1254 1481 1338 1519 quae
1369 1481 1445 1505 non
1472 1468 1672 1507 interitum

277 1534 406 1574 afferat
425 1536 599 1589 pravitati
615 1552 634 1579 3·
658 1534 720 1571 sed
739 1534 784 1571 fit
804 1542 985 1571 contenta
1003 1533 1267 1570 mediocritate
1286 1533 1470 1571 vitiorum
1487 1535 1500 1570 ?
1533 1534 1671 1585 Qan-

276 1615 394 1653 quam
415 1603 460 1640 in
474 1601 549 1639 hae
565 1600 746 1639 divisione
765 1613 846 1637 rem
866 1599 986 1652 ipsam
1006 1599 1155 1651 prorsus
1175 1600 1296 1652 probo
1311 1618 1324 1644 ς
1355 1600 1583 1652 elegantiam
1603 1601 1671 1639 d-e-

277 1667 418 1706 fidero..
450 1667 635 1720 Appellet
652 1664 735 1704 haec
754 1665 933 1704 defideria
953 1675 1118 1703 naturae:
1151 1666 1372 1718 cupiditatis
1393 1679 1536 1704 nomen
1555 1667 1674 1705 servet

275 1733 367 1778 alio,
393 1743 437 1772 ut
455 1747 550 1772 cum
567 1734 613 1771 de
632 1733 806 1777 avaritia,.
829 1745 921 1770 cum
947 1731 994 1770 de
1019 1732 1327 1783 intemperantia,
1357 1745 1449 1770 cum
1475 1733 1521 1770 de
1544 1733 1679 1772 maxi--

273 1800 346 1838 mis
365 1800 469 1838 vitiis
489 1799 689 1852 loquetur,
711 1811 795 1836 eam
816 1808 998 1850 tanquam
1018 1797 1152 1850 capitis
1173 1798 1334 1835 accuset.

319 1866 391 1904 Sed
415 1865 496 1903 haec
516 1866 674 1918 quidem
691 1864 846 1902 liberius
867 1864 913 1901 ab
934 1877 979 1901 eo
999 1863 1181 1900 dicuntur
1199 1872 1237 1901 et
1256 1863 1408 1916 saepius:
1432 1864 1537 1915 quod
1555 1865 1677 1916 equi-

273 1933 362 1969 dem
383 1945 461 1969 non
480 1931 729 1985 reprehendo.
767 1930 832 1967 Est
851 1930 956 1967 enim
978 1929 1073 1966 tanti
1095 1927 1321 1982 philosophi.
1337 1939 1492 1981 tamque
1512 1929 1668 1975 nobilis,

273 1998 446 2035 audaster
463 1997 527 2034 fixa
545 1997 692 2035 decreta
719 1995 932 2033 defendere.
979 1994 1048 2032 Sed
1069 2004 1196 2032 tamen
1216 2008 1266 2032 ex
1281 2008 1340 2039 eo,
1371 1995 1477 2047 quod
1495 2009 1579 2033 eam
1598 2008 1668 2033 vo-

272 2065 459 2117 luptatem
490 2064 625 2115 (quam
655 2075 790 2101 omnes
817 2071 948 2114 gentes
979 2060 1054 2098 hoc
1085 2062 1242 2099 nomine
1276 2062 1487 2114 appellant)
1519 2062 1669 2099 videtur

271 2130 478 2183 amplexari
494 2129 588 2182 saepe
606 2128 887 2172 vehementius,
919 2129 957 2165 in
980 2129 1127 2179 magnis
1147 2127 1340 2165 interdum
1361 2127 1524 2165 versatur
1543 2141 1666 2180 angu-

271 2197 363 2241 stiis,
386 2206 450 2241 ut,.
465 2195 672 2234 hominum
693 2195 924 2232 conscicntia
943 2203 1101 2238 remota,
1132 2192 1230 2230 nihil
1253 2203 1331 2231 tam
1353 2203 1464 2245 turpe
1483 2194 1539 2238 fit,
1563 2193 1674 2245 quod*

271 2263 476 2315 voluptatis
497 2262 604 2299 causa
624 2275 700 2299 non
720 2261 888 2298 videatur
907 2260 977 2297 effe
996 2259 1178 2297 neturus.
1221 2260 1385 2304 Deinde,
1409 2261 1474 2297 ubi
1495 2260 1673 2303 erubuit„

274 2329 346 2377 (vis
377 2328 483 2366 enim
514 2327 566 2365 est
592 2340 797 2379 permagna
822 2327 981 2377 naturae)
1013 2325 1189 2377 confugit
1217 2325 1325 2369 illuc,
1356 2336 1397 2362 ut
1424 2335 1534 2377 neget
1554 2338 1666 2362 acce-

271 2394 358 2431 dere
377 2393 590 2445 quidquam
610 2391 709 2444 poffe
729 2392 774 2429 ad
794 2392 1031 2444 voluptatem
1058 2390 1156 2428 nihil
1184 2391 1362 2429 dolentis.
1413 2393 1466 2428 At
1496 2391 1561 2427 iste
1586 2403 1664 2428 non

271 2458 425 2495 dolendi
459 2458 574 2495 ssatus
606 2471 681 2495 non
714 2467 869 2494 vocatur
900 2457 1086 2509 voluptas.
1143 2457 1236 2494 Non
1266 2456 1410 2499 laboro,
1446 2455 1586 2506 inquit,
1617 2455 1665 2492 de

271 2524 446 2562 nomine.
492 2523 612 2575 Qui,
643 2523 750 2575 quod
778 2536 835 2560 res
866 2523 936 2559 alia
967 2532 1045 2560 tota
1067 2521 1146 2558 est?
1182 2522 1387 2573 Reperiam
1414 2521 1575 2566 multos,
1604 2520 1665 2558 vel
