2330 2983
761 275 1035 315 LIBER
1098 275 1460 314 PRIMUS.
1728 291 1805 330 413

418 388 579 427 quaeque
598 375 644 414 ab
664 375 710 414 iis
730 375 887 428 degatur
905 383 1005 413 aetas.
1027 376 1084 413 Ea
1103 375 1295 421 videlicet,
1312 389 1388 428 qua
1407 374 1505 414 nihil
1526 375 1686 421 beatius,
1708 377 1808 415 nihil

417 441 599 479 omnibus
619 441 730 478 bonis
745 439 961 478 affluentius
980 440 1139 492 cogitari
1154 441 1289 492 potest.
1311 440 1427 479 Nihil
1442 441 1546 479 enim
1565 442 1667 494 agit;
1690 442 1807 480 nullis

416 505 731 557 occupationibus
761 504 815 542 est
843 504 1064 556 implicatus
1079 522 1091 549 ;
1123 504 1229 542 nulla
1257 518 1370 557 opera
1399 505 1560 543 molitur
1575 524 1588 551 5
1619 506 1682 544 sua
1707 507 1806 559 sapi-

416 571 530 614 entia,
561 578 599 607 et
617 570 758 607 virtute
777 569 916 621 gaudet
927 587 939 613 5
971 567 1086 606 habet
1105 568 1367 621 exploratum„
1392 568 1474 607 fore
1493 570 1529 607 se
1549 570 1696 623 semper
1722 582 1808 609 tum

416 635 456 672 in
478 635 672 679 maximis,
694 643 780 672 tum
799 634 839 671 in
860 633 1007 671 aeternis
1027 633 1304 686 voluptatibuS.

469 700 565 738 XX.
595 700 716 737 Hunc
734 700 866 737 Deum
886 700 957 737 rite
977 699 1131 737 beatum
1151 699 1361 737 dixerimus
1373 717 1386 744 3
1408 699 1572 738 vestrum
1592 714 1680 739 vero
1699 701 1808 739 labo-

416 764 672 803 riofiflimum.
706 765 789 803 Sive
808 765 913 802 enim
943 765 1021 817 ipse
1040 764 1210 803 mundus
1241 766 1348 803 Deus
1376 765 1442 810 est,
1463 766 1559 817 quid
1589 766 1709 818 potest
1737 767 1809 805 effe

417 830 546 868 minus
566 830 757 881 quietum,
778 843 912 881 quam,
934 829 1043 867 nullo
1063 831 1206 882 pund'to
1226 830 1410 882 temporis
1430 831 1654 876 intermisso,
1676 831 1812 870 versari»

418 895 567 932 circum
600 907 711 932 axem
740 894 821 932 caeli
850 893 1066 932 admirabili
1096 894 1319 932 celeritate?
1350 894 1434 933 Nifi
1467 896 1644 947 quietum
1664 905 1806 940 autem,

417 958 516 996 nihil
538 959 693 997 beatum
713 959 788 997 est:
820 959 892 996 slve
912 959 953 997 in
971 959 1052 1011 ipso
1072 959 1219 998 mundo
1235 961 1342 998 Deus
1361 959 1456 998 inest
1475 961 1627 1013 aliquis,
1649 963 1717 1013 qui
1745 975 1807 999 re-

417 1032 494 1075 gat,
515 1024 583 1075 qui
602 1023 803 1075 gubernet,
839 1024 906 1075 qui
926 1023 1054 1061 cursus
1077 1024 1276 1069 astrorum,
1307 1025 1539 1063 mutationes
1570 1034 1804 1077 temporum,

417 1101 545 1125 rerum
565 1087 853 1133 viciffitudines,
875 1088 1100 1140 ordinesque
1131 1089 1338 1133 conservet,
1371 1098 1484 1127 terras
1510 1098 1548 1126 et
1571 1091 1688 1127 maria
1710 1104 1811 1127 con-⁷

416 1153 620 1205 templans,
642 1152 850 1191 hominum
869 1153 1088 1197 commoda,
1110 1153 1277 1205 vitasque
1297 1162 1448 1191 tueatur
1458 1171 1470 1198 3
1497 1167 1553 1191 nae
1573 1153 1638 1191 ille
1658 1154 1709 1192 est
1729 1155 1807 1192 im-

415 1217 578 1269 plicatus
598 1217 765 1256 molestis
786 1218 948 1269 negotiis
966 1227 1003 1254 et
1015 1217 1191 1269 operofis.
1214 1218 1298 1255 Nos
1319 1227 1447 1255 autem
1464 1218 1614 1256 beatam
1633 1219 1750 1257 vitam
1767 1220 1808 1257 in

416 1283 534 1320 animi
548 1283 757 1326 securitate,
771 1291 808 1319 et
824 1283 863 1319 in
880 1282 1057 1319 omnium
1073 1282 1266 1319 vacatione
1281 1295 1487 1320 munerum
1504 1284 1700 1335 ponimuS.
1720 1285 1806 1322 Do-

418 1348 498 1385 cuit
518 1348 623 1386 enim
644 1360 710 1385 nos
732 1347 849 1391 idem,
881 1347 950 1399 qui
969 1356 1115 1392 caetera,
1146 1348 1278 1385 natur-21
1297 1346 1477 1385 effectum
1498 1347 1568 1385 effe
1588 1349 1804 1394 mundum,

419 1413 516 1451 nihil
537 1427 633 1466 opus
654 1412 761 1451 fuiffe
782 1412 947 1458 fabrica,
970 1423 1125 1465 tamque
1140 1427 1222 1452 eam
1241 1427 1320 1451 rem
1336 1412 1406 1451 effe
1425 1413 1592 1459 facilem,
1609 1428 1727 1467 quam
1741 1429 1816 1454 vos-

419 1480 517 1516 effici
549 1479 690 1531 negatis
722 1478 797 1516 fine
817 1479 942 1516 divina
961 1478 1062 1531 poffe
1082 1478 1242 1523 solertia,
1275 1488 1318 1516 ut
1347 1480 1646 1518 innumerabiles
1675 1491 1815 1518 natura:

419 1545 582 1582 mundos
604 1543 782 1582 effectura
801 1544 858 1588 fit,
889 1545 1043 1588 efficiat,
1064 1543 1251 1581 effecerit..
1296 1544 1414 1595 Qod
1442 1545 1532 1596 quia
1551 1545 1806 1596 quemadmo-

418 1611 511 1647 dum
532 1619 663 1647 natura
682 1609 828 1646 efficere
849 1608 924 1646 fine
943 1608 1069 1660 aliqua
1089 1616 1219 1646 mente
1237 1607 1363 1660 poffit,
1384 1622 1461 1647 non
1481 1609 1617 1647 videtis
1633 1628 1645 1655 ς
1669 1619 1710 1648 ut
1730 1619 1806 1648 tra-

415 1676 491 1727 gici
511 1684 644 1727 poetae,
665 1688 758 1712 cum
785 1674 976 1727 explicare
996 1674 1210 1727 argumenti
1241 1674 1391 1712 exitum
1411 1688 1488 1713 non
1510 1676 1679 1727 potestis,
1709 1690 1805 1714 con-

415 1740 549 1794 fugitis
579 1741 625 1778 ad
646 1742 791 1778 Deum.
839 1740 961 1792 Cujus
987 1753 1141 1791 operam
1173 1739 1343 1791 profesto
1373 1753 1451 1778 non
1480 1741 1747 1786 desideraretis,
1779 1743 1805 1779 fi

416 1806 656 1850 immensam,
687 1815 725 1843 et
743 1805 1027 1843 interminatam
1059 1805 1099 1841 in
1119 1817 1253 1842 omnes
1272 1813 1396 1856 partes
1417 1806 1723 1857 magnitudinem
1743 1820 1805 1844 re-

416 1872 577 1922 gionum
597 1870 773 1907 videretis
790 1888 801 1913 ;
835 1870 873 1907 in
895 1883 1013 1922 quam
1034 1870 1069 1907 se
1089 1870 1263 1922 injiciens
1294 1870 1445 1908 animus
1465 1880 1503 1908 et
1523 1871 1723 1909 intendens
1753 1873 1805 1909 ita

416 1936 490 1972 late
521 1935 711 1987 longeque
741 1935 1012 1987 peregrinatur,
1044 1944 1088 1972 ut
1113 1935 1260 1973 nullam
1293 1943 1420 1973 tamen
1451 1949 1556 1974 oram
1588 1937 1717 1974 ultimi
1744 1938 1803 1974 vi-

415 2001 512 2045 deat,
531 2001 570 2037 in
582 2014 656 2052 qua
670 2000 781 2052 poffit
799 2000 973 2038 infistere.
992 2001 1036 2038 In
1050 1999 1120 2037 hac
1136 2000 1255 2052 igitur
1269 2000 1524 2039 immensitate
1540 2001 1803 2046 latitudinum,

415 2065 719 2118 longitudinum,
750 2064 1013 2110 altitudinum,
1044 2065 1195 2102 infinita
1223 2065 1278 2102 vis
1309 2066 1651 2104 innumerabilium
1672 2067 1804 2104 volitat

416 2140 662 2175 atomorum,
695 2144 793 2181 quae,
825 2130 1019 2181 interjecto
1046 2130 1165 2174 inani,
1196 2129 1452 2169 cohaerescunt
1472 2140 1599 2169 tamen
1630 2132 1729 2169 inter
1754 2132 1802 2176 se,

416 2204 453 2231 et
483 2195 562 2232 aliae
591 2195 678 2232 alias
715 2193 1036 2246 apprehendentes
1070 2195 1364 2233 continuantur:
1396 2209 1443 2234 ex
1474 2209 1552 2248 quo
1583 2197 1803 2233 efficiuntur

416 2257 475 2296 hae
496 2272 621 2296 rerum
642 2258 774 2296 formae
794 2268 906 2310 atque
926 2259 1080 2311 figurae3
1103 2273 1195 2311 quas
1216 2273 1280 2298 vos
1296 2261 1397 2297 effici
1416 2261 1516 2313 posse
1536 2262 1611 2298 fine
1626 2261 1801 2304 follibus,

417 2335 455 2362 et
475 2325 678 2361 incudibus
699 2338 773 2361 non
796 2325 948 2375 putatis.
974 2325 1107 2376 Itaque
1128 2321 1355 2377 imposuistis
1377 2327 1416 2364 in
1436 2327 1646 2364 cervicibus
1668 2326 1801 2363 nostris

419 2389 690 2441 sempiternum
711 2389 928 2433 dominum,
960 2403 1078 2441 quem
1099 2390 1176 2427 dies
1197 2399 1234 2428 et
1254 2392 1381 2429 noctes
1403 2392 1639 2429 timeremus.
1701 2391 1799 2440 Qis

418 2454 522 2491 enim
544 2467 619 2491 non
640 2454 770 2491 timeat
788 2455 916 2491 omnia
935 2456 1212 2507 providentem,
1233 2465 1271 2492 et
1290 2456 1538 2507 cogitantem,
1568 2464 1605 2491 ct
1626 2455 1800 2492 animad-

419 2528 643 2563 vertentem,
664 2528 701 2556 et
720 2520 847 2557 omnia
867 2520 912 2557 ad
933 2520 967 2558 se
986 2521 1173 2573 pertinere
1190 2530 1405 2572 putantem,
1433 2520 1638 2565 curiosum,
1659 2529 1697 2557 et
1716 2520 1809 2571 ple·

418 2597 513 2622 num
534 2585 676 2637 negotii
696 2585 826 2623 Deum
846 2585 858 2620 ?
