2330 2983
597 253 888 292 VARIAE
975 249 1535 292 LECTIONES.

344 357 405 424 ζμ
429 348 463 424 ²17
486 387 669 423 (securitatem
689 402 697 416 ι
711 389 738 415 d.

425 443 466 448 —
485 437 578 456 autem
595 429 622 457 D
637 429 658 456 E
674 428 726 462 id.
743 441 750 456 ι
765 439 841 466 quant

429 477 466 504 29
487 468 545 504 Qi
560 467 586 501 ψ
603 478 618 496 2
634 467 702 504 Qu]

429 516 466 544 30
487 508 575 535 reRus
590 509 614 541 ξ,
631 520 658 541 σ,
673 506 699 541 ψ
716 516 732 535 2
747 511 841 536 eredas

425 561 466 567 —-
486 546 595 574 homini
611 560 634 584 χ
646 548 771 574 hminum

430 595 461 622 3¹
488 585 584 613 omnia
597 595 686 623 parva
701 586 728 614 D
739 589 826 623 parvi
839 585 868 613 U
882 591 1006 621 zparva

429 634 465 661 32
488 625 538 652 fibi
552 625 580 652 D
595 629 617 652 iz
632 625 661 653 U
675 638 696 660 χ
710 624 834 662 boaastbi

427 679 467 686 —
488 665 534 692 An
550 678 569 697 ι,
581 676 599 692 α’
612 666 651 692 At

430 713 467 741 34
488 713 555 731 num
571 703 597 732 se
613 704 641 732 D
659 715 716 733 num
730 704 752 732 E
768 703 894 738 gundese

427 758 469 764 —
488 751 574 771 etiam
589 757 612 780 χ
625 753 649 771 tt

431 792 465 820 35
490 791 546 810 non
560 796 567 810 ι
580 792 639 811 num

429 837 470 844 —
491 822 541 850 tali
557 823 652 850 animo
666 822 695 850 D
709 822 771 850 talis
784 825 885 850 animus

429 877 471 884 —
490 863 644 899 reperietur
670 862 699 890 U
725 864 852 900 reperitur
876 863 900 897 ψ
917 871 932 890 2
960 864 1057 899 reperi-

529 910 600 930 retur

352 951 408 979 373
457 950 466 968 ι
494 941 638 978 loquimur
652 942 676 976 ψ
693 951 708 970 2
722 942 834 980 loquitur

454 990 468 1017 3
493 980 573 1008 beate
588 981 610 1009 E
626 982 640 1015 ξ
655 982 715 1009 bene

431 1035 472 1042 --
492 1021 518 1048 ei
533 1019 560 1054 ψ
578 1031 593 1049 2
609 1023 636 1049 d.

453 1070 470 1094 4
493 1069 508 1088 a
524 1069 599 1088 metu
617 1061 640 1089 E
655 1061 669 1095 ξ
684 1069 751 1089 metu

456 1108 470 1137 ς
495 1107 553 1127 tum
569 1099 699 1129 insolenti
715 1102 736 1129 F.
750 1110 806 1128 cum
820 1099 952 1136 instlmeia

432 1154 472 1159 —
494 1138 564 1166 Haec
580 1140 603 1167 E
618 1140 633 1173 ξ
648 1142 701 1168 Hor

453 1178 472 1206 6
493 1178 662 1206 ostendsem
679 1179 703 1213 ᾧ
721 1188 736 1206 2
751 1177 872 1216 ‹stendert

431 1233 472 1239 —
493 1217 593 1246 diebus
607 1217 631 1245 E
647 1219 663 1252 ξ
675 1217 823 1246 virentibue

432 1273 472 1278 —
493 1257 578 1285 effent
591 1271 613 1295 χ
626 1259 682 1294 effee

433 1299 449 1324 8
474 1297 563 1334 Atqui
577 1298 605 1325 D
620 1299 703 1335 Atque
716 1309 734 1324 σ
748 1297 786 1324 At
800 1298 949 1334 quicumque
971 1313 977 1319 -

433 1350 474 1358 —-
496 1345 559 1363 cum
575 1349 592 1364 σ
605 1338 632 1364 d.

433 1390 474 1397 —
495 1376 622 1404 miseram
637 1390 656 1409 ι,
672 1389 690 1404 e
702 1375 828 1406 milira'am

453 1426 471 1454 9
491 1416 578 1443 vitam
595 1416 717 1444 efficiant
732 1416 759 1444 D
774 1429 796 1451 χ
808 1416 918 1452 efficiunt

439 1465 448 1483 1
461 1465 470 1483 1
496 1455 638 1531 veJentur
656 1455 684 1483 D
700 1456 723 1484 E
742 1455 766 1483 U
793 1456 817 1489 ξ,
833 1467 860 1488 a,
873 1467 904 1490 χ,
918 1452 944 1489 ψ
962 1463 976 1481 2
999 1463 1064 1481 ver-

545 1504 602 1523 etur

435 1550 475 1556 —
495 1533 784 1569 haecEZ,o-x‡azd.

438 1583 471 1604 12
494 1575 536 1602 his
554 1582 582 1602 tu
599 1583 654 1603 tam
681 1575 710 1603 D
724 1577 843 1612 instituta
867 1587 874 1601 ι
892 1574 931 1602 his
944 1581 996 1601 tum
1011 1581 1065 1600 ram

535 1626 553 1642 σ
569 1618 592 1642 is
606 1625 689 1642 tamen
701 1623 755 1642 tam

434 1669 474 1676 —
494 1654 731 1682 concitationibus
747 1654 776 1682 D
789 1653 1013 1682 concertationibus

439 1704 472 1732 13
495 1702 610 1732 tamque
625 1694 690 1732 ipfis
718 1693 746 1722 D
771 1702 871 1731 lamque
894 1692 918 1720 E
942 1702 1065 1730 tanquam

540 1746 549 1760 1
577 1746 598 1762 ΙΙ

435 1788 474 1795 -
494 1736 719 1802 ἀὶίίἔζῐῐεηιίὶωε
731 1773 753 1801 Ε
768 1771 939 1810 diffidentibus

439 1822 475 1849 14
494 1813 588 1841 dicere
602 1827 620 1841 o·
633 1815 717 1842 docere

440 1863 449 1880 ι
460 1863 473 1890 5
499 1855 590 1890 Atqui
605 1853 621 1886 ξ
635 1855 718 1890 Atque

435 1907 476 1914 —
497 1892 595 1920 beatus
609 1893 646 1920 est
660 1892 683 1919 E
697 1892 785 1920 beatus

441 1932 475 1960 16
497 1933 586 1970 Atqui
611 1935 635 1966 ξ,
651 1930 719 1966 σ,ψ
739 1941 747 1959 ι
767 1934 850 1968 Atque

440 1981 475 2039 ιζ
498 1981 551 2038 ἓζε
568 1971 593 1999 se
609 1971 754 2039 ἷεῖεηρἳ
769 1970 987 2045 ψξιόῃῖινιπόηηι

440 2021 451 2039 ι
517 2021 526 2039 ι
543 2021 607 2039 vero
652 2021 712 2039 ono
727 2020 773 2039 um
840 2030 847 2038 .

442 2061 477 2088 ¹9
498 2058 593 2079 autem
610 2022 639 2079 ὅ
652 2052 680 2078 d.

435 2106 475 2112 —
495 2090 580 2119 etiam
600 2104 617 2119 σ
630 2092 748 2119 fidetium

438 2146 478 2152 —
499 2130 666 2167 quod—
677 2131 707 2158 id
722 2129 866 2158 honestum
881 2129 902 2157 E
918 2128 973 2163 gd.

440 2180 477 2198 20
498 2169 528 2197 id
543 2169 571 2197 D
587 2170 612 2204 ψ
628 2179 643 2197 2
659 2171 686 2197 d.

437 2223 478 2232 —
501 2210 540 2237 At
555 2219 617 2246 quae
631 2223 638 2236 ι
655 2210 690 2236 Ae
705 2213 750 2246 qui
763 2210 778 2242 ξ
790 2209 874 2246 Aeque
885 2218 943 2245 quae

438 2249 856 2286 —ipfiDslaezfii1,z.sta

442 2299 479 2325 24
500 2288 684 2316 miserrimum
700 2288 722 2316 E
738 2289 752 2322 ξ
766 2289 882 2325 mifirum

443 2329 480 2356 26
502 2327 572 2356 libet
586 2341 604 2356 σ
616 2328 673 2356 litet

443 2377 477 2401 27
501 2377 529 2396 et
548 2369 573 2395 D
588 2369 614 2395 d.

441 2422 483 2429 —
503 2407 540 2434 da
553 2420 584 2442 χ,
598 2407 622 2442 ψ
641 2417 650 2436 l
670 2409 698 2437 d·

446 2448 483 2477 28
503 2447 589 2477 habet
604 2450 618 2483 ξ
631 2449 655 2477 d.
671 2462 690 2483 ι,
704 2461 721 2477 ι·
733 2446 839 2477 babebit

1105 358 1164 425 ἔῃ
1190 396 1226 424 29
1247 386 1425 415 dubitabisne
1440 385 1469 414 D
1481 385 1642 423 dubitabili-te
1655 394 1683 415 tu
1698 385 1723 420 ψ
1739 394 1754 414 2
1770 385 1817 413 du-

1283 428 1368 454 bitom
1381 437 1410 454 ne

1187 481 1228 487 —
1248 466 1378 493 miserum
1395 480 1412 499 a,
1428 479 1445 493 e.—
1459 466 1624 501 miserrimum

1193 514 1230 541 30
1254 505 1316 533 sunt
1331 505 1354 532 E
1369 507 1397 533 d.

1190 559 1231 565 —
1252 544 1353 572 habeat
1370 545 1391 571 E
1406 545 1484 572 hain

1193 592 1226 620 31
1253 593 1287 611 ne
1304 584 1325 611 E
1342 585 1355 617 ξ
1370 594 1434 611 nunc

1192 637 1232 644 -
1254 630 1284 651 ut
1298 622 1327 650 D
1343 636 1370 650 Λα
1385 636 1405 658 χ
1420 623 1446 650 d.

1191 678 1233 684 —
1253 662 1347 701 granis
1364 662 1392 689 D
1407 663 1542 700 Ugrazris
1556 661 1583 698 ψ
1600 672 1614 691 2
1631 663 1657 690 d.

1196 711 1233 738 32
1257 703 1332 734 suia,
1345 715 1372 734 e,
1388 703 1473 738 xsuis

1195 751 1230 779 33
1253 742 1290 769 est
1304 741 1332 769 D
1347 743 1391 779 ‘ffi

1197 791 1233 819 34
1253 789 1334 809 erunt
1348 783 1479 816 xfuerint

1117 830 1175 859 374
1220 831 1228 849 ι
1258 822 1362 849 bonum
1378 820 1401 848 E
1417 821 1432 854 ξ
1446 821 1546 848 beatum

1215 871 1231 888 2
1253 860 1442 898 expetendum
1456 861 1481 895 ψ
1496 870 1510 888 2
1521 861 1653 898 petendum

1194 916 1234 921 -—
1254 909 1321 928 vero
1334 901 1357 928 E
1374 901 1403 928 U
1419 901 1444 934 ξ,
1455 914 1478 938 χ
1491 910 1575 928 auum

1193 955 1233 961 —
1253 939 1418 978 approbaris
1444 955 1452 968 ι
1474 939 1664 978 approbandum
1689 941 1714 974 ψ
1739 950 1754 968 2
1775 940 1823 968 ad·

1291 979 1404 1015 probans

1218 1029 1237 1055 4
1258 1019 1408 1047 tribuenda
1422 1032 1441 1052 a,
1457 1031 1475 1046 ο·
1489 1018 1656 1047 attribuenda

1218 1069 1232 1096 ς
1258 1067 1288 1086 ut
1302 1058 1331 1086 D
1347 1059 1377 1086 id

1196 1114 1236 1121 -
1258 1098 1290 1126 sit
1304 1098 1332 1126 D
1345 1099 1372 1126 d.

1217 1147 1235 1174 7
1258 1137 1310 1165 sint
1327 1138 1352 1164 D
1365 1145 1437 1165 erunt
1453 1137 1476 1164 E
1490 1137 1576 1173 rfimt

1220 1178 1236 1204 8
1257 1176 1349 1214 quivis
1364 1175 1393 1203 D
1404 1179 1461 1214 quis
1473 1177 1499 1210 ψ
1515 1187 1531 1205 2
1544 1177 1657 1214 quisquis

1197 1232 1237 1238 —
1258 1215 1387 1253 quamvis
1400 1216 1426 1250 ψ
1441 1225 1456 1244 2
1469 1226 1544 1254 quam
1552 1218 1648 1255 gravis

1255 1255 1330 1283 enim
1345 1256 1373 1283 D
1388 1265 1443 1283 eum

1197 1311 1236 1317 —
1258 1294 1294 1322 est
1310 1294 1333 1322 Ε
1348 1295 1364 1328 ξ
1376 1295 1402 1321 d.

1203 1344 1232 1364 11
1259 1333 1511 1371 improborumque
1527 1334 1721 1373 {improborum

1197 1390 1237 1397 —
1257 1373 1410 1402 excitatam
1425 1373 1454 1401 D
1468 1377 1638 1403 exercitatam

1202 1423 1236 1443 12
1259 1423 1322 1450 quae
1337 1412 1365 1441 D
1380 1415 1476 1451 quidem

1198 1469 1239 1476 ·-
1260 1452 1334 1480 bona
1348 1454 1370 1481 E
1386 1453 1442 1487 ξω
1457 1457 1522 1482 bona

1203 1503 1236 1531 ¹3
1259 1501 1292 1522 ea
1305 1507 1385 1515 —
1400 1493 1489 1530 Ulyffi
1519 1493 1546 1522 D
1569 1503 1628 1531 eque
1642 1494 1761 1522 Anticlea
1782 1492 1833 1521 vel

1297 1533 1398 1561 Anticle
1407 1533 1506 1560 auxilii
1519 1543 1635 1570 aequorea
1646 1540 1675 1561 ut
1688 1533 1740 1560 dea
1753 1531 1830 1560 Ulixi

1299 1573 1749 1679 ‘titilazclzgaelgsztfssaeqttlcitffiinficz
1760 1582 1832 1639 aqua<

1300 1663 1309 1679 1
1322 1662 1342 1679 11

1201 1705 1240 1712 -
1261 1691 1358 1719 laudat
1376 1691 1403 1718 U
1419 1693 1446 1718 d.

1206 1740 1240 1767 ¹4
1263 1730 1351 1767 Ulyffi
1369 1731 1390 1758 E
1407 1729 1484 1757 Ulixi

1203 1779 1235 1808 ις
1259 1770 1393 1797 ducemus
1421 1769 1450 1798 D
1475 1771 1583 1798 dicimus
1604 1770 1627 1798 E
1650 1783 1667 1802 o,
1684 1769 1709 1803 ξ,
1725 1768 1791 1802 σ-,ψ
1812 1777 1833 1796 2

1300 1811 1408 1838 dicemus

1201 1863 1239 1869 —
1261 1859 1346 1886 quam
1368 1849 1396 1877 D
1411 1849 1476 1886 quid

1205 1897 1215 1916 1
1224 1890 1239 1916 8
1263 1890 1303 1916 At
1317 1902 1335 1921 1,
1346 1901 1365 1917 σ
1381 1891 1430 1916 Aut

1201 1943 1241 1949 —
1262 1929 1402 1966 praecipua
1416 1942 1423 1955 ι
1435 1931 1566 1966 principia

1199 1981 1240 1988 —
1260 1968 1360 1996 dicunt
1373 1982 1394 2004 χ
1407 1968 1439 1996 du
1455 1976 1500 1996 unt

1205 2016 1239 2044 ¹9
1261 2007 1303 2035 illi
1320 2007 1346 2035 D
1365 2017 1388 2036 et
1402 2007 1444 2035 illi

1204 2056 1240 2075 20
1263 2047 1291 2074 hi
1400 2054 1504 2085 negant
1519 2059 1537 2076 σ
1549 2049 1578 2075 d.

1205 2095 1236 2114 2¹
1262 2095 1366 2125 negant
1383 2087 1404 2115 E
1421 2096 1496 2126 negat

1207 2135 1242 2154 22
1263 2126 1313 2154 ilia
1328 2125 1354 2161 ψ
1372 2136 1385 2154 2
1402 2129 1428 2155 d.

1204 2175 1239 2203 23
1261 2166 1310 2211 inq
1325 2166 1347 2194 E
1363 2166 1378 2199 ξ
1392 2167 1416 2193 a'.

1202 2220 1243 2227 —-
1262 2207 1348 2233 ammi
1364 2219 1387 2242 χ
1402 2207 1502 2233 animus

1207 2255 1243 2281 ²4
1264 2245 1355 2281 qualis
1459 2244 1614 2272 orationem
1630 2243 1658 2272 D
1673 2245 1699 2270 d.

1204 2299 1245 2307 —
1265 2284 1329 2312 esset
1345 2285 1428 2313 talem
1444 2294 1458 2311 e
1473 2294 1502 2311 us
1526 2283 1577 2311 effe
1596 2283 1752 2311 orationem
1773 2284 1798 2317 ψ
1814 2292 1829 2312 2

1304 2327 1346 2358 est,
1365 2326 1428 2352 talis
1440 2326 1468 2351 in
1481 2327 1516 2351 eis
1530 2332 1664 2351 oraticnem

1204 2378 1244 2386 —
1264 2364 1418 2391 orationem
1435 2378 1452 2396 a,
1467 2376 1494 2397 o,
1508 2376 1528 2399 χ
1543 2366 1666 2391 rationem

1206 2413 1242 2443 25
1266 2404 1386 2432 orationi
1410 2403 1439 2431 D
1454 2416 1483 2442 .¹›
1499 2416 1526 2438 σ,
1541 2402 1566 2440 ψ
1583 2413 1599 2431 2
1622 2403 1727 2432 ratio-is
1749 2414 1772 2440 χ
1785 2413 1832 2430 m-

1302 2452 1365 2473 nom
