2330 2983
549 282 624 334 346
849 274 1620 317 TUSCULANARUM

545 377 809 416 vehementior
843 386 971 416 autem
1002 376 1237 429 intelligatur
1270 377 1316 422 is,
1350 377 1418 429 qui
1449 375 1583 429 procul
1612 374 1706 413 abfit
1731 387 1751 412 a
1786 382 1926 413 naturae

544 443 766 481 constantia.

574 507 682 558 Qid
712 507 758 545 ad
777 506 844 545 has
864 506 1105 545 definitiones
1135 507 1270 559 poffim
1301 507 1452 545 dicere?
1484 505 1606 558 Atqui
1639 504 1720 543 haec
1750 503 1928 557 pleraque

545 573 631 611 sunt
650 572 855 626 prudenter
874 581 1059 624 acuteque
1083 572 1340 610 differentium
1358 590 1369 617 ς
1400 572 1465 610 illa
1482 572 1640 624 quidem
1662 584 1710 609 ex
1729 569 1927 608 rhetorum

547 651 704 691 pompa,
719 637 864 676 ardores
880 638 1074 676 animorum
1090 655 1102 682 ;
1132 639 1284 691 cotesque
1298 638 1493 676 virtutum.
1537 639 1601 675 An
1621 649 1709 674 vero
1728 635 1785 673 vir
1803 633 1926 676 fortis,

547 703 614 740 nifi
636 699 859 740 stomachari
878 701 1049 753 coeperit,
1079 715 1157 739 non
1177 701 1296 754 potest
1315 701 1424 739 fortis
1449 701 1547 739 esse?
1578 699 1862 739 Gladiatorium
1888 697 1927 734 id

546 767 703 818 quidem
720 783 731 809 ;
753 778 974 817 quanquam
994 766 1034 802 in
1053 765 1106 803 eis
1126 765 1213 817 ipfis
1232 765 1405 803 videmus
1426 765 1516 817 saepe
1535 763 1799 802 constantiam.
1830 761 1927 799 Col-

543 831 770 882 loquuntur‚
787 829 1099 881 congrediuntur,
1115 838 1342 881 queruntur,
1361 828 1507 880 aliquid
1527 826 1728 880 postulant,
1746 835 1790 863 ut
1808 825 1928 876 magis

545 894 698 947 placati,
730 906 847 945 quam
877 893 977 937 irati,
1007 893 1079 930 effe
1098 892 1308 932 videantur.
1352 893 1424 931 Sed
1453 893 1494 930 in
1524 892 1594 930 illo
1622 902 1758 943 genere
1782 890 1828 928 fit
1846 888 1931 927 sane

547 959 771 998 Pacidianus
791 959 931 1010 aliquis
948 956 1024 996 hoe
1044 958 1187 1004 animo,
1218 967 1261 996 ut
1281 967 1403 996 narrat
1421 957 1612 1002 Lucilius,

683 1023 851 1063 Occidam
869 1024 967 1062 illum
985 1023 1137 1076 equidem
1155 1033 1191 1062 et
1210 1024 1366 1069 vincam,
1372 1024 1415 1075 fi
1429 1023 1469 1062 id
1482 1022 1658 1077 quaeritis,
1687 1021 1803 1074 inquit
1814 1035 1830 1059 .-

683 1092 813 1128 Verum
831 1088 921 1127 illud
934 1088 1034 1128 credo
1039 1089 1128 1141 sore
1141 1104 1155 1128 :
1185 1089 1222 1128 in
1240 1104 1276 1128 os
1287 1089 1394 1142 prius
1414 1089 1583 1142 accipiam
1601 1088 1683 1141 ipst,

681 1156 798 1206 Qum
812 1154 971 1206 gladium
989 1154 1026 1192 in
1031 1153 1224 1206 stomacho,
1231 1155 1342 1206 sura,
1361 1169 1408 1193 ac
1417 1152 1734 1207 pulmonibu'ststo‚

682 1220 757 1258 Odi
771 1220 937 1258 hominem
952 1235 966 1257 .·
995 1220 1114 1257 iratus
1125 1228 1272 1271 pugno:
1301 1234 1344 1258 ne
1361 1220 1489 1272 longiu’
1509 1219 1697 1272 quidquam

682 1283 807 1328 Nobis,
838 1297 942 1335 quam
961 1282 1100 1321 dextrae
1112 1283 1271 1335 gladium
1289 1283 1370 1321 dum
1387 1283 1613 1329 accommodet
1629 1284 1751 1321 alter.-

685 1350 796 1402 Usque
813 1348 908 1392 adeo,
916 1347 1034 1400 studio
1051 1358 1160 1401 atque
1177 1347 1249 1387 odio
1267 1348 1372 1394 illius,
1401 1349 1527 1402 effbror
1545 1349 1616 1386 ira.

601 1414 734 1452 XXII.
767 1415 822 1452 At
841 1413 917 1451 fine
946 1412 1017 1450 hac
1036 1413 1255 1466 gladiatoria
1284 1413 1476 1452 iracundia
1495 1413 1666 1452 videmus
1685 1411 1931 1467 progredien-

547 1489 627 1518 tem
646 1479 746 1531 apud
767 1479 988 1517 Homerum
1009 1479 1167 1530 Ajacem
1187 1479 1310 1517 multa
1327 1493 1418 1519 cum
1438 1478 1640 1524 hilaritate,
1671 1492 1763 1517 cum
1783 1478 1930 1530 depug-

549 1556 703 1582 naturus
733 1543 820 1581 effet
849 1556 942 1581 cum
973 1544 1162 1582 Hectore:
1193 1545 1318 1597 cujus,
1348 1554 1391 1583 ut
1420 1559 1523 1584 arma
1552 1545 1723 1598 sumpsit,
1757 1541 1931 1595 ingteffio

548 1609 721 1647 laetitiam
741 1608 871 1646 attulit
890 1607 1013 1653 sociis,
1026 1616 1216 1647 terrorem
1235 1618 1364 1649 autem
1384 1609 1555 1648 hostibus
1571 1627 1583 1655 3
1614 1618 1658 1647 ut
1676 1608 1802 1661 ipsum
1821 1607 1931 1646 Hec-

549 1682 686 1717 torem,
707 1673 1037 1725 quemadmodum
1056 1666 1109 1711 eff
1127 1673 1228 1726 apud
1247 1675 1483 1720 Homerum,
1497 1684 1580 1713 toto
1594 1675 1744 1727 pestere
1763 1681 1931 1710 tremen-

548 1746 644 1780 tem,
665 1735 878 1789 provocass‘e
897 1735 943 1773 ad
973 1749 1143 1788 pugnam
1162 1738 1377 1789 poeniteret.
1419 1739 1543 1791 Atqui
1562 1737 1604 1776 hi
1633 1736 1814 1776 collocuti
1835 1736 1933 1773 inter

550 1801 598 1845 se,
629 1799 850 1853 priusquam
869 1813 1029 1838 manum
1048 1800 1298 1847 consererent,
1327 1801 1462 1840 leniter
1488 1811 1526 1840 et
1545 1803 1686 1854 quiete,
1708 1800 1805 1839 nihil
1825 1812 1872 1838 ne
1892 1799 1932 1836 in

550 1864 628 1917 ipsa
646 1864 804 1916 quidem
824 1877 952 1917 pugna
969 1864 1146 1903 iracunde
1167 1865 1355 1904 rabioseve
1374 1865 1560 1905 fecerunt.
1582 1866 1668 1918 Ego
1687 1878 1734 1904 ne
1752 1865 1930 1916 Torqua-

549 1940 634 1967 tum
655 1929 815 1980 quidem
835 1929 965 1974 illum,
995 1930 1063 1981 qui
1083 1929 1158 1968 hoc
1177 1944 1395 1982 cognomen
1414 1932 1575 1976 invenit,
1596 1932 1735 1970 iratum
1758 1929 1934 1968 existimo

550 1993 668 2032 Gallo
688 2003 864 2045 torquem
884 1993 1079 2031 detraxisse
1095 2011 1108 2039 ς
1139 2008 1208 2032 nec
1229 1996 1461 2034 Marcellum
1481 1997 1580 2048 apud
1601 1995 1829 2034 Clastidium
1849 1994 1934 2031 ideo

550 2057 691 2096 fortem
712 2056 832 2102 fuiffe,
854 2059 943 2110 quia
962 2057 1076 2096 fuerit
1096 2059 1225 2097 iratus.
1259 2060 1319 2097 De
1338 2059 1522 2099 Africano
1546 2060 1719 2112 quidem,
1751 2060 1840 2111 quia
1860 2072 1931 2097 no·

551 2123 626 2160 tior
657 2122 709 2159 est
740 2122 848 2160 nobis
876 2131 1029 2175 propter
1059 2132 1249 2161 recentem
1270 2124 1510 2169 memoriam,
1540 2125 1598 2162 vel
1623 2125 1749 2177 jurare
1767 2123 1930 2177 poffum,

551 2199 626 2225 non
647 2186 760 2224 illum
782 2187 972 2224 iracundia
1002 2197 1087 2225 tum
1115 2187 1396 2227 inflammatum
1426 2187 1547 2233 fuifl‘e,
1576 2202 1667 2227 cum
1698 2189 1738 2227 in
1768 2189 1846 2226 acie
1868 2188 1929 2226 M.

552 2250 763 2289 Halienum
785 2251 987 2303 Pelignum
1018 2252 1124 2290 scuto
1149 2254 1330 2304 protexit,
1359 2253 1606 2306 gladiumque
1625 2252 1722 2292 hosti
1743 2254 1781 2292 in
1803 2255 1931 2306 pestus

552 2315 693 2354 infixit.
736 2316 797 2354 De
827 2317 875 2354 L.
897 2317 1017 2354 Bruto
1046 2316 1192 2355 fortaffe
1221 2318 1442 2363 dubitarim,
1472 2332 1518 2356 an
1552 2328 1704 2372 propter
1735 2318 1931 2357 infinitum

551 2381 685 2419 odium
718 2382 865 2432 tyranni
899 2381 1126 2419 effraenatius
1147 2383 1185 2419 in
1213 2385 1402 2421 Aruntem
1436 2384 1622 2423 invaserit.
1671 2384 1796 2423 Video
1826 2384 1931 2422 enim

553 2455 761 2498 utrumque
781 2447 957 2484 cominus
979 2447 1055 2485 isso
1075 2446 1247 2485 cecidill‘e
1266 2449 1467 2487 contrario.
1505 2450 1612 2501 Qid
1632 2450 1748 2503 igitur
1767 2447 1844 2487 huc
1863 2449 1931 2487 ad-

554 2510 693 2549 hibetis
716 2512 837 2549 iram?
867 2513 930 2550 An
960 2511 1159 2557 fortitudo,
1196 2513 1262 2551 nisi
1284 2513 1439 2552 insanire
1458 2516 1631 2567 coeperit,
1661 2516 1828 2568 impetus
1849 2513 1931 2552 suos

555 2589 628 2614 non
650 2575 789 2616 habet?
832 2577 966 2630 Qid?
999 2578 1224 2624 Herculem,
1252 2593 1369 2632 quem
1389 2581 1428 2618 in
1449 2581 1592 2620 coslum
1614 2580 1680 2619 ista
1699 2579 1788 2634 ipsa,
1814 2593 1931 2633 quam
