2330 2983
723 265 998 305 LIBER
1060 266 1419 305 PRIMUS.
1687 281 1764 322 415

378 361 708 413 quemadmodum
728 363 958 400 dicerentur.
989 363 1083 401 Non
1102 363 1222 415 igitur
1238 363 1318 409 ille,
1340 373 1383 401 ut
1398 363 1572 417 plerique
1584 383 1595 411 3
1617 365 1678 404 sed
1697 367 1769 406 isto

379 427 509 472 modo,
532 436 574 464 ut
595 436 649 471 tu,
671 427 857 472 distinete,
888 428 1064 479 graviter,
1099 437 1243 467 ornate.
1294 429 1365 467 Sed
1385 431 1489 481 quod
1510 431 1549 468 in
1570 431 1640 469 illo
1666 431 1766 470 mihi

378 491 446 529 usu
466 492 558 543 saepe
584 492 700 536 venit,
731 493 835 530 idem
856 492 986 536 modo,
1008 506 1100 530 cum
1122 502 1158 530 te
1178 494 1363 538 audirem,
1384 495 1582 541 acciderat,
1613 507 1657 535 ut
1676 511 1765 536 mo-

377 556 466 594 leste
485 555 638 600 ferrern,
666 565 817 594 tantum
848 557 1048 608 ingenium
1083 557 1202 608 (bona
1221 557 1330 594 venia
1349 571 1412 600 me
1438 560 1582 611 audies)
1615 562 1656 598 in
1687 572 1765 601 tarn

377 621 489 665 leves,
522 634 569 658 ne
589 621 715 659 dicam
745 622 786 659 in
808 630 887 659 tam
919 622 1080 674 ineptas,
1112 621 1314 659 sententias
1335 622 1518 662 incidiffe.
1577 625 1663 662 Nec
1696 640 1767 678 ego

375 699 479 723 nunc
499 686 576 738 ipse
595 686 740 738 aliquid
760 685 912 724 afferam
931 686 1084 725 melius.
1128 688 1185 725 Ut
1204 687 1308 725 enim
1328 688 1446 726 modo
1466 689 1561 733 dixi,
1582 691 1765 730 omnibus

375 748 452 786 fere
471 750 510 787 in
532 750 658 796 rebus,
690 760 728 787 et
748 751 916 788 maxime
936 751 977 788 in
996 749 1175 803 physicis,
1197 751 1292 802 quid
1312 765 1389 790 non
1409 752 1466 797 fit,
1487 753 1617 799 citius,
1647 769 1765 806 quam

375 815 470 865 quid
490 815 548 859 fit,
569 815 746 853 dixerim.

429 880 563 918 XXII.
595 881 723 932 Roges
743 894 818 925 me,
841 881 951 933 quid,
978 890 1042 919 aut
1061 880 1172 933 quale
1192 881 1236 919 fit
1266 882 1373 920 Deus
1385 901 1398 928 5
1429 885 1579 922 auctore
1599 893 1682 922 utar
1702 886 1761 923 Si·-

374 945 529 982 monide
544 964 557 990 3
589 945 635 983 de
652 959 730 997 quo
749 960 841 984 cum
861 946 1081 998 quaefiviffet
1099 946 1174 985 hoc
1190 947 1293 985 idem
1309 957 1490 999 tyrannus
1510 949 1647 995 Hiero,
1665 951 1761 988 deli-

374 1009 528 1048 berandi
547 1011 654 1048 causa
673 1011 742 1049 s1bi
762 1025 884 1049 unum
905 1012 1008 1049 diem
1027 1011 1244 1064 postulavit.
1264 1013 1369 1051 Cum
1384 1013 1489 1052 idem
1505 1027 1553 1053 ex
1567 1028 1611 1053 eo
1625 1016 1762 1067 postri-

373 1074 434 1111 die
453 1084 649 1126 quaereret‚
671 1075 835 1114 biduum
855 1076 1004 1128 petivit.
1044 1077 1149 1114 Cum
1172 1077 1304 1129 saepius
1322 1077 1534 1129 duplicaret
1553 1093 1762 1118 numerum

373 1139 534 1186 dierum,
568 1140 832 1193 admiransque
864 1141 988 1179 Hiero
1008 1141 1228 1192 requireret,
1261 1155 1329 1179 cur
1363 1143 1415 1180 ita
1445 1142 1584 1182 faceret
1599 1163 1611 1190 ς
1643 1145 1760 1196 Qia,

373 1214 530 1256 quanto,
551 1206 691 1258 inquit,
714 1206 858 1243 diutius
888 1205 1099 1250 confidero,
1128 1215 1236 1244 tanto
1255 1206 1356 1244 mihi
1376 1220 1432 1245 res
1453 1208 1603 1247 videtur
1623 1210 1761 1248 obscu-

372 1271 459 1308 rior.
491 1271 562 1310 Sed
583 1271 821 1309 Simonidem
841 1271 1001 1309 arbitror
1023 1272 1118 1322 (non
1139 1272 1244 1309 enim
1264 1281 1378 1323 poeta
1395 1272 1519 1311 solum
1539 1274 1672 1319 suavis,
1695 1289 1760 1313 ve-

372 1349 460 1373 rum
479 1336 595 1373 etiam
624 1336 828 1387 caeteroqui
859 1335 1005 1381 doctus,
1041 1335 1261 1388 sapiensque
1294 1337 1483 1389 traditur)
1519 1339 1609 1391 quia
1638 1341 1762 1378 multa

371 1400 544 1438 venirent
562 1399 602 1436 in
630 1408 800 1437 mentem
821 1409 945 1444 acuta,
965 1410 1078 1452 atque
1098 1400 1263 1445 subtilia,
1293 1400 1550 1448 dubitantem,
1578 1404 1672 1456 quid
1692 1418 1758 1443 eo-

371 1478 458 1503 rum
478 1463 564 1502 effet
583 1464 831 1509 veriffimum,
852 1464 1054 1516 desperaffe
1074 1479 1232 1503 omnem
1253 1466 1465 1505 veritatem.

424 1529 616 1582 Epicurus
648 1541 735 1567 vero
757 1538 845 1567 tuus
879 1530 987 1580 (nam
1007 1543 1099 1567 cum
1129 1530 1198 1567 illo
1217 1531 1320 1568 malo
1350 1531 1534 1576 differere,
1562 1546 1679 1584 quam
1700 1543 1758 1571 te-

369 1595 478 1645 cum)
500 1594 593 1646 quid
613 1593 721 1637 dicit,
752 1593 856 1645 quod
875 1606 954 1631 non
974 1594 1091 1631 modo
1120 1593 1361 1647 philosophia
1379 1596 1543 1647 dignum
1563 1597 1663 1642 esset,
1697 1599 1758 1637 sed

369 1659 553 1697 mediocri
586 1657 814 1710 prudentia?
859 1659 1054 1710 Qaeritur
1082 1659 1257 1710 primum
1283 1660 1324 1697 in
1353 1673 1396 1698 ea
1425 1662 1643 1713 quaestione,
1674 1678 1759 1716 quae

368 1725 420 1763 est
439 1725 485 1762 de
505 1733 636 1762 natura
656 1725 843 1768 Deorum,
865 1725 985 1762 fintne
1016 1724 1099 1768 Dii,
1119 1738 1238 1761 necne
1257 1725 1342 1763 fint.
1376 1727 1547 1765 Difficile
1568 1729 1619 1766 est
1640 1743 1756 1781 nega-

367 1803 418 1835 re,
449 1789 575 1834 credo,
606 1789 633 1827 s1
654 1789 695 1827 in
724 1789 910 1827 concione
936 1798 1127 1840 quaeratur
1145 1807 1157 1833 ;
1190 1789 1251 1826 sed
1277 1790 1317 1827 in
1338 1789 1559 1841 hujusmodi
1587 1792 1757 1833 sermone

366 1864 404 1892 et
423 1853 590 1893 conseffu
610 1852 858 1891 facillimum.
904 1854 1038 1904 Itaque
1061 1866 1132 1905 ego
1152 1853 1231 1906 ipse
1250 1854 1446 1900 Pontifex,
1474 1857 1541 1907 qui
1572 1870 1754 1897 caeremo-

366 1919 445 1957 nias
466 1917 742 1970 religionesque
761 1918 934 1970 publicas
964 1917 1186 1957 sanstiffime
1217 1920 1373 1958 tuendas
1399 1921 1573 1967 arbitror,
1604 1923 1635 1961 is
1665 1923 1754 1969 hoc,

367 1984 472 2036 quod
503 1983 677 2035 primum
710 1982 775 2027 est,
817 1983 887 2021 effe
923 1983 1040 2028 Deos,
1082 1984 1294 2036 persuaderi
1329 1984 1429 2023 mihi
1463 2000 1540 2025 non
1574 1988 1755 2040 opinione

367 2049 504 2093 solum,
535 2048 596 2086 sed
621 2049 737 2086 etiam
756 2049 802 2087 ad
830 2050 1029 2088 veritatem
1048 2049 1159 2102 plane
1177 2050 1310 2088 velim.
1340 2051 1474 2090 Multa
1492 2053 1596 2091 enirn
1616 2068 1754 2093 occur-

366 2124 467 2160 runt,
503 2127 589 2166 quae
623 2113 868 2159 conturbent,
897 2124 940 2152 ut
970 2115 1165 2153 interdum
1196 2115 1296 2154 nulli
1321 2116 1392 2154 effe
1411 2117 1623 2157 videantur.
1683 2122 1754 2159 Sed

364 2179 465 2224 vide,
495 2191 612 2230 quam
632 2187 763 2216 tecum
789 2191 899 2230 agam
920 2179 1137 2218 liberaliter.
1181 2181 1278 2231 Qae
1297 2183 1522 2219 communia
1539 2182 1625 2221 sunt
1645 2187 1752 2224 vobis

366 2257 458 2281 curn
478 2243 621 2281 caeteris
651 2241 889 2295 philosophis
923 2257 1000 2281 non
1029 2245 1231 2296 attingam,
1262 2255 1304 2283 ut
1337 2245 1412 2283 hoc
1443 2247 1568 2298 ipsum
1584 2266 1596 2292 3
1628 2249 1752 2300 placet

368 2308 472 2345 enim
492 2307 673 2345 omnibus
692 2305 785 2351 fere,
815 2306 990 2360 mihique
1020 2309 1088 2361 ipfi
1114 2309 1153 2346 in
1173 2310 1323 2362 primis,
1355 2312 1459 2349 Deos
1479 2312 1560 2350 effe.
1620 2314 1751 2365 Itaque

367 2387 442 2410 non
463 2385 607 2424 pugno.
652 2372 856 2410 Rationem
877 2382 1004 2412 tamen
1025 2387 1122 2419 eam,
1144 2388 1228 2427 quae
1258 2388 1278 2412 a
1298 2386 1334 2413 te
1354 2375 1521 2421 affertur,
1558 2390 1635 2414 non
1665 2379 1749 2417 satis

366 2438 518 2475 firmam
543 2446 652 2490 puto.

408 2503 562 2540 XXIII.
585 2501 702 2553 Qod
721 2503 825 2540 enim
844 2504 1023 2542 omnium
1037 2505 1227 2556 gentium,
1244 2518 1504 2557 generumque
1523 2504 1750 2546 hominibus

366 2567 417 2605 ita
434 2567 637 2613 videretur,
667 2567 707 2606 id
726 2567 810 2607 satis
831 2581 1018 2622 magnum
1037 2569 1107 2609 effe
1127 2579 1400 2622 argumentum
1419 2569 1561 2616 dixisti,
1590 2584 1658 2611 cur
1677 2572 1750 2611 effe
