2330 2983
655 241 928 280 LIBER
991 241 1420 292 QUARTUS.
1652 254 1728 292 349

347 340 481 384 studia,
502 339 704 378 libidinem
724 340 894 378 vocatis?
915 353 999 392 quae
1013 339 1072 378 vel
1090 340 1325 392 optimarum
1346 353 1486 384 rerum,
1505 348 1547 377 ut
1566 353 1607 377 ea
1626 339 1727 385 sunt,

347 420 432 458 quae
451 404 641 459 profertis,
663 405 785 444 sedata
803 415 929 443 tamen
948 415 986 443 et
1005 406 1209 457 tranquilla
1225 406 1295 444 effe
1315 405 1466 444 debent.
1509 407 1596 456 Jam
1617 407 1728 458 aegri-

348 471 521 508 tudinem
541 470 703 513 laudare,
726 483 842 507 unam
861 482 943 507 rem
977 470 1145 507 maxime
1173 469 1447 514 detestabilem,
1479 484 1646 522 quorum
1675 470 1729 508 est

348 534 501 572 tandem
521 533 839 585 philosophorum
857 533 870 569 ?
901 535 955 571 At
969 533 1174 571 commode
1193 533 1291 570 dixit
1310 533 1490 571 Afranius
1504 552 1518 578 ς

481 598 678 638 Dummodo
697 597 808 636 doleat
826 597 971 650 aliquid,
991 597 1103 636 doleat
1121 597 1214 650 quod
1226 598 1334 636 lubet.

347 663 459 701 Dixit
478 664 583 702 enim
613 663 659 701 de
688 663 921 701 adolescente
947 664 1095 716 perdito
1120 677 1162 701 ac
1191 663 1391 709 diffoluto3
1423 677 1491 701 nos
1522 673 1650 702 autem
1683 664 1729 702 de

346 728 532 767 constanti
549 730 630 767 viro
649 742 691 766 ac
708 729 866 781 sapienti
881 729 1102 781 quaerimus.
1124 730 1176 766 Et
1195 729 1353 781 quidem
1371 728 1489 781 ipsam
1511 729 1617 766 illam
1633 729 1729 767 iram

346 794 520 831 centurio
536 793 666 839 habet,
699 803 763 831 aut
783 793 949 846 fignifer,
980 794 1037 831 vel
1068 794 1206 839 caeteri,
1236 794 1283 832 de
1302 793 1443 846 quibus
1463 793 1541 831 dici
1561 807 1639 831 non
1658 807 1727 831 ne-

347 858 440 896 cesse
468 859 534 903 est,
565 872 612 896 ne
641 858 838 896 rhetorum
869 859 1080 911 aperiamus
1110 859 1298 910 mysteria.
1340 858 1448 897 Utile
1467 858 1520 896 est
1538 859 1643 896 enim
1670 860 1728 897 uti

348 933 459 962 motu
477 925 608 969 animi,
631 925 698 976 qui
720 926 776 962 uti
796 925 939 962 ratione
958 939 1034 963 non
1054 925 1174 977 potest
1188 943 1201 970 ς
1232 939 1299 963 nos
1319 934 1462 969 autem,
1490 933 1534 961 ut
1553 924 1730 963 testificor

348 988 463 1041 saepe„
475 989 521 1026 de
540 989 704 1040 sapiente
719 990 940 1040 quaerimus.

402 1053 553 1091 XXVI.
585 1055 640 1091 At
659 1054 774 1091 etiam
794 1053 962 1091 aemulari
983 1054 1076 1092 utile
1095 1054 1160 1099 est,
1181 1054 1403 1098 obtrectare,
1424 1053 1604 1091 misereri.
1648 1054 1730 1091 Cur

347 1107 542 1156 misereare
572 1119 700 1170 potius
720 1131 837 1170 quam
868 1117 962 1156 feras
982 1132 1111 1170 opem,
1141 1119 1168 1156 fi
1199 1118 1239 1155 id
1267 1117 1390 1156 facere
1417 1118 1558 1170 poflis?
1588 1132 1635 1156 an
1655 1119 1731 1156 fine

346 1181 603 1220 misericordia
633 1182 804 1220 liberales
835 1182 905 1220 effe
935 1197 1013 1222 non
1043 1183 1268 1236 poffumus?
1299 1183 1394 1221 Non
1418 1183 1523 1221 enim
1549 1182 1731 1235 suscipere

346 1247 415 1300 ipfi
435 1248 677 1300 aegritudines
707 1257 861 1300 propter
881 1248 974 1286 alios
1004 1248 1187 1286 debemus
1203 1266 1216 1292 ;
1247 1247 1310 1285 sed
1339 1248 1445 1292 alios,
1473 1248 1499 1285 s1
1518 1247 1730 1299 possumus,

347 1312 467 1351 levare
487 1313 723 1364 aegritudine.
756 1313 977 1350 Obtrectare
996 1326 1085 1351 vero
1102 1313 1224 1357 alteri,
1253 1321 1318 1350 aut
1336 1312 1404 1350 illa
1422 1311 1555 1351 vitiosa
1573 1313 1729 1351 aemula-

349 1378 467 1422 tione,
488 1391 572 1429 quae
600 1378 776 1415 rivalitati
796 1378 928 1415 similis
960 1378 1025 1422 est,
1050 1378 1233 1422 aemulari,
1263 1378 1358 1430 quid
1377 1377 1492 1416 habet
1521 1378 1728 1416 utilitatis?

348 1455 440 1480 cum
471 1442 516 1480 fit
545 1443 771 1487 aemulantis,
802 1442 890 1494 angi
922 1443 1045 1480 alieno
1074 1442 1189 1489 bono,
1219 1443 1323 1494 quod
1352 1443 1429 1495 ipse
1457 1456 1535 1481 non
1564 1442 1700 1481 habeat
1714 1461 1728 1488 ;

347 1507 593 1546 obtreEtantis
624 1517 765 1553 autem,
794 1508 883 1559 angi
911 1507 1033 1545 alieno
1060 1508 1177 1551 bono,
1212 1507 1316 1558 quod
1344 1508 1384 1544 id
1411 1509 1525 1545 etiam
1543 1508 1639 1545 alius
1659 1507 1730 1545 ha-

348 1573 446 1611 beat.
479 1573 579 1623 Qis
598 1572 639 1610 id
658 1573 862 1624 approbare
881 1571 1006 1624 poffit,
1036 1572 1302 1623 aegritudinem
1324 1571 1506 1624 suscipere
1525 1586 1594 1624 pro
1613 1585 1730 1625 expe-

348 1637 494 1682 rientia,
525 1637 551 1674 s1
571 1637 665 1688 quid
694 1636 833 1675 habere
863 1635 987 1674 velis?
1017 1649 1107 1674 nam
1128 1636 1253 1674 solum
1282 1635 1420 1674 habere
1439 1637 1549 1682 velle,
1581 1637 1731 1676 summa

348 1700 541 1739 dementia
558 1700 624 1738 est.

401 1765 690 1804 Mediocritates
709 1773 838 1804 autem
857 1765 1047 1803 malorum
1067 1765 1153 1816 quis
1171 1764 1322 1802 laudare
1340 1766 1437 1802 reite
1457 1765 1567 1816 poffit
1583 1765 1597 1802 ?
1630 1766 1730 1816 Qis

348 1832 454 1869 enim
486 1831 622 1883 potest,
651 1830 691 1867 in
715 1844 794 1882 quo
826 1831 947 1868 libido
975 1830 1207 1882 cupiditasve
1237 1830 1294 1875 fit,
1326 1844 1402 1868 non
1436 1830 1658 1868 libidinosus
1692 1840 1731 1869 et

352 1895 514 1947 cupidus
544 1893 644 1932 effe?
675 1894 714 1931 in
745 1908 823 1946 quo
856 1895 923 1939 ira,
953 1908 1031 1932 non
1051 1894 1284 1932 iracundus?
1316 1895 1357 1931 in
1386 1907 1464 1946 quo
1493 1908 1622 1947 angor,
1651 1908 1730 1933 non

350 1959 515 1998 anxius?
545 1959 585 1996 in
616 1972 694 2011 quo
727 1959 859 2003 timor,
887 1972 965 1997 non
998 1958 1190 1996 timidus?
1234 1958 1503 1996 Libidinosum
1533 1959 1664 2011 igitur,
1694 1969 1732 1998 et

351 2024 550 2076 cupidum,
570 2031 607 2060 et
627 2023 867 2068 iracundum,
897 2032 935 2061 et
964 2023 1136 2067 anxium,
1166 2031 1203 2060 et
1233 2023 1416 2061 timidum
1437 2023 1632 2062 censemus
1661 2023 1732 2062 effe

350 2088 582 2142 sapientem?
604 2088 650 2126 de
669 2089 778 2140 cujus
797 2088 1023 2127 excellentia
1041 2088 1164 2126 multa
1182 2089 1342 2141 quidem
1361 2089 1438 2126 dici
1458 2089 1632 2140 quamvis
1652 2088 1732 2127 fuse

348 2156 499 2207 lateque
519 2153 669 2206 poffint,
699 2153 760 2191 sed
780 2153 991 2192 breviffime
1018 2154 1086 2192 illo
1106 2154 1235 2198 modo,
1266 2154 1493 2206 Sapientiam
1515 2153 1584 2191 effe
1603 2168 1731 2193 rerum

352 2220 566 2257 divinarum
585 2228 622 2256 et
640 2217 896 2256 humanarum
916 2218 1125 2263 scientiam,
1159 2219 1510 2270 cognitionemque,
1546 2232 1630 2270 quae
1659 2233 1729 2257 cu-

347 2284 484 2337 jusque
504 2285 557 2322 rei
585 2283 691 2321 causa
707 2283 765 2321 fit.
796 2284 858 2322 Ex
877 2297 955 2336 quo
975 2283 1152 2328 efficitur,
1176 2294 1217 2322 ut
1237 2284 1364 2321 divina
1383 2284 1569 2327 imitetur,
1590 2282 1730 2321 huma-

355 2364 400 2388 na
419 2351 549 2388 omnia
578 2348 753 2387 inferiora
771 2350 911 2387 virtute
936 2349 1064 2388 ducat.
1109 2350 1155 2387 In
1184 2349 1282 2387 hanc
1316 2359 1359 2387 tu
1385 2350 1517 2401 igitur,
1548 2358 1729 2399 tanquam

353 2417 393 2453 in
415 2428 529 2459 mare,
550 2414 654 2466 quod
671 2414 723 2452 est
752 2415 872 2453 ventis
892 2414 1118 2467 subjectum,
1149 2415 1472 2467 perturbationem
1502 2413 1630 2450 cadere
1658 2412 1730 2450 tibi

353 2481 479 2518 dixisti
499 2480 645 2518 videri?
676 2480 783 2532 Qid
812 2479 877 2525 est,
903 2481 1006 2532 quod
1037 2489 1181 2518 tantam
1201 2480 1423 2531 gravitatem
1457 2478 1729 2515 constantiam-

355 2560 429 2599 que
453 2546 646 2599 perturbet
663 2546 676 2583 ?
706 2547 770 2584 An
790 2545 1039 2598 improvisum
1059 2545 1218 2597 aliquid,
1235 2553 1300 2582 aut
1318 2544 1559 2596 repentinum
1577 2543 1590 2580 ?
1622 2543 1729 2596 Qid
