<?xml version="1.0" encoding="UTF-8"?>
<!DOCTYPE html PUBLIC "-//W3C//DTD XHTML 1.0 Transitional//EN"
    "http://www.w3.org/TR/xhtml1/DTD/xhtml1-transitional.dtd">
<html xmlns="http://www.w3.org/1999/xhtml" xml:lang="en" lang="en">
 <head>
  <title>
</title>
<meta http-equiv="Content-Type" content="text/html;charset=utf-8" />
  <meta name='ocr-system' content='tesseract 3.04.00' />
  <meta name='ocr-capabilities' content='ocr_page ocr_carea ocr_par ocr_line ocrx_word'/>
</head>
<body>
  <div class='ocr_page' id='page_1' title='image "./operacumindicibu02ciceuoft_0597.png"; bbox 0 0 2330 2983; ppageno 0'>
   <div class='ocr_carea' id='block_1_1' title="bbox 318 385 374 438">
    <p class='ocr_par' dir='ltr' id='par_1_1' title="bbox 318 385 374 438">
     <span class='ocr_line' id='line_1_1' title="bbox 318 385 374 438; baseline 0 -7"><span class='ocrx_word' id='word_1_1' title='bbox 318 385 374 438; x_wconf 42' lang='lat'>2¹78</span> 
     </span>
    </p>
   </div>
   <div class='ocr_carea' id='block_1_2' title="bbox 316 1322 374 1351">
    <p class='ocr_par' dir='ltr' id='par_1_2' title="bbox 316 1322 374 1351">
     <span class='ocr_line' id='line_1_2' title="bbox 316 1322 374 1351; baseline 0.034 -2"><span class='ocrx_word' id='word_1_2' title='bbox 316 1322 374 1351; x_wconf 86' lang='lat'>279</span> 
     </span>
    </p>
   </div>
   <div class='ocr_carea' id='block_1_3' title="bbox 315 2349 373 2377">
    <p class='ocr_par' dir='ltr' id='par_1_3' title="bbox 315 2349 373 2377">
     <span class='ocr_line' id='line_1_3' title="bbox 315 2349 373 2377; baseline 0 0"><span class='ocrx_word' id='word_1_3' title='bbox 315 2349 373 2377; x_wconf 77' lang='lat'>280</span> 
     </span>
    </p>
   </div>
   <div class='ocr_carea' id='block_1_4' title="bbox 578 267 1525 310">
    <p class='ocr_par' dir='ltr' id='par_1_4' title="bbox 578 267 1525 310">
     <span class='ocr_line' id='line_1_4' title="bbox 578 267 1525 310; baseline 0.001 -1"><span class='ocrx_word' id='word_1_4' title='bbox 578 267 873 309; x_wconf 87' lang='lat' dir='ltr'>VARIAE</span> <span class='ocrx_word' id='word_1_5' title='bbox 964 269 1525 310; x_wconf 87' lang='lat' dir='ltr'><strong>LECTIONES.</strong></span> 
     </span>
    </p>
   </div>
   <div class='ocr_carea' id='block_1_5' title="bbox 390 401 1024 2536">
    <p class='ocr_par' dir='ltr' id='par_1_5' title="bbox 390 401 1024 2536">
     <span class='ocr_line' id='line_1_5' title="bbox 401 401 1024 443; baseline 0.003 -12"><span class='ocrx_word' id='word_1_6' title='bbox 401 401 436 431; x_wconf 84' lang='lat'>16</span> <span class='ocrx_word' id='word_1_7' title='bbox 456 411 548 441; x_wconf 86' lang='lat' dir='ltr'>neque</span> <span class='ocrx_word' id='word_1_8' title='bbox 567 403 704 437; x_wconf 61' lang='lat' dir='ltr'>distin-ste,</span> <span class='ocrx_word' id='word_1_9' title='bbox 733 413 825 443; x_wconf 79' lang='lat' dir='ltr'>neque</span> <span class='ocrx_word' id='word_1_10' title='bbox 847 403 994 433; x_wconf 78' lang='lat' dir='ltr'>distribute</span> <span class='ocrx_word' id='word_1_11' title='bbox 1015 418 1024 433; x_wconf 81' lang='grc' dir='ltr'><strong><em>ι</em></strong></span> 
     </span>
     <span class='ocr_line' id='line_1_6' title="bbox 498 444 775 482; baseline 0.007 -12"><span class='ocrx_word' id='word_1_12' title='bbox 498 455 571 480; x_wconf 72' lang='lat' dir='ltr'><em>neque</em></span> <span class='ocrx_word' id='word_1_13' title='bbox 584 445 697 482; x_wconf 54' lang='lat' dir='ltr'><em>hstium</em></span> <span class='ocrx_word' id='word_1_14' title='bbox 717 455 736 472; x_wconf 79' lang='grc' dir='ltr'><strong><em>σ</em></strong></span> <span class='ocrx_word' id='word_1_15' title='bbox 748 444 775 473; x_wconf 87' lang='lat' dir='ltr'>d.</span> 
     </span>
     <span class='ocr_line' id='line_1_7' title="bbox 400 483 613 517; baseline 0.005 -7"><span class='ocrx_word' id='word_1_16' title='bbox 400 483 434 510; x_wconf 89' lang='grc'>18</span> <span class='ocrx_word' id='word_1_17' title='bbox 456 491 484 511; x_wconf 87' lang='lat' dir='ltr'>et</span> <span class='ocrx_word' id='word_1_18' title='bbox 498 483 522 517; x_wconf 82' lang='lat'><em>4</em></span> <span class='ocrx_word' id='word_1_19' title='bbox 537 493 551 511; x_wconf 91' lang='lat'><strong>2</strong></span> <span class='ocrx_word' id='word_1_20' title='bbox 567 492 613 511; x_wconf 80' lang='lat' dir='ltr'>aut</span> 
     </span>
     <span class='ocr_line' id='line_1_8' title="bbox 402 523 690 558; baseline 0.003 -9"><span class='ocrx_word' id='word_1_21' title='bbox 402 531 436 558; x_wconf 85' lang='grc'>19</span> <span class='ocrx_word' id='word_1_22' title='bbox 457 523 518 550; x_wconf 75' lang='lat' dir='ltr'>sum</span> <span class='ocrx_word' id='word_1_23' title='bbox 532 523 555 550; x_wconf 87' lang='lat' dir='ltr'>E</span> <span class='ocrx_word' id='word_1_24' title='bbox 571 525 584 556; x_wconf 80' lang='grc' dir='ltr'>ξ</span> <span class='ocrx_word' id='word_1_25' title='bbox 599 523 690 554; x_wconf 62' lang='lat' dir='ltr'><em>absim:</em></span> 
     </span>
     <span class='ocr_line' id='line_1_9' title="bbox 395 561 897 600; baseline 0.004 -12"><span class='ocrx_word' id='word_1_26' title='bbox 395 575 434 582; x_wconf 95' lang='lat'><strong>—</strong></span> <span class='ocrx_word' id='word_1_27' title='bbox 456 561 604 597; x_wconf 83' lang='lat' dir='ltr'>disciplina</span> <span class='ocrx_word' id='word_1_28' title='bbox 619 562 646 589; x_wconf 95' lang='lat' dir='ltr'>D</span> <span class='ocrx_word' id='word_1_29' title='bbox 661 561 796 600; x_wconf 61' lang='lat' dir='ltr'>Afirplina</span> <span class='ocrx_word' id='word_1_30' title='bbox 809 565 897 590; x_wconf 74' lang='lat' dir='ltr'>remoti</span> 
     </span>
     <span class='ocr_line' id='line_1_10' title="bbox 399 601 706 638; baseline 0 -10"><span class='ocrx_word' id='word_1_31' title='bbox 399 609 436 628; x_wconf 89' lang='lat'>20</span> <span class='ocrx_word' id='word_1_32' title='bbox 456 601 588 638; x_wconf 79' lang='lat' dir='ltr'>quoniam</span> <span class='ocrx_word' id='word_1_33' title='bbox 610 602 635 634; x_wconf 82' lang='lat'><em>4</em></span> <span class='ocrx_word' id='word_1_34' title='bbox 652 611 667 629; x_wconf 82' lang='lat'>2</span> <span class='ocrx_word' id='word_1_35' title='bbox 682 602 706 628; x_wconf 84' lang='lat' dir='ltr'>d.</span> 
     </span>
     <span class='ocr_line' id='line_1_11' title="bbox 399 639 691 668; baseline 0.003 -1"><span class='ocrx_word' id='word_1_36' title='bbox 399 648 431 668; x_wconf 91' lang='grc'>21</span> <span class='ocrx_word' id='word_1_37' title='bbox 455 639 552 667; x_wconf 85' lang='lat' dir='ltr'>dicant</span> <span class='ocrx_word' id='word_1_38' title='bbox 567 641 588 668; x_wconf 85' lang='lat' dir='ltr'><strong>E</strong></span> <span class='ocrx_word' id='word_1_39' title='bbox 602 642 691 668; x_wconf 79' lang='lat' dir='ltr'>dicunt</span> 
     </span>
     <span class='ocr_line' id='line_1_12' title="bbox 394 678 666 716; baseline 0.007 -10"><span class='ocrx_word' id='word_1_40' title='bbox 394 693 436 700; x_wconf 89' lang='grc'>--</span> <span class='ocrx_word' id='word_1_41' title='bbox 456 678 509 708; x_wconf 83' lang='lat' dir='ltr'>fint</span> <span class='ocrx_word' id='word_1_42' title='bbox 524 680 550 707; x_wconf 94' lang='lat' dir='ltr'>D</span> <span class='ocrx_word' id='word_1_43' title='bbox 567 679 594 707; x_wconf 92' lang='lat' dir='ltr'>U</span> <span class='ocrx_word' id='word_1_44' title='bbox 599 681 666 716; x_wconf 60' lang='lat' dir='ltr'>sant</span> 
     </span>
     <span class='ocr_line' id='line_1_13' title="bbox 393 718 590 756; baseline 0 -10"><span class='ocrx_word' id='word_1_45' title='bbox 393 733 434 740; x_wconf 88' lang='lat'>—</span> <span class='ocrx_word' id='word_1_46' title='bbox 454 719 505 756; x_wconf 85' lang='lat' dir='ltr'>ipfi</span> <span class='ocrx_word' id='word_1_47' title='bbox 520 718 549 746; x_wconf 94' lang='lat' dir='ltr'>D</span> <span class='ocrx_word' id='word_1_48' title='bbox 563 721 590 747; x_wconf 89' lang='lat' dir='ltr'>d.</span> 
     </span>
     <span class='ocr_line' id='line_1_14' title="bbox 393 758 736 797; baseline 0.009 -12"><span class='ocrx_word' id='word_1_49' title='bbox 393 773 436 781; x_wconf 90' lang='lat'>--</span> <span class='ocrx_word' id='word_1_50' title='bbox 456 759 506 796; x_wconf 90' lang='lat' dir='ltr'>qui</span> <span class='ocrx_word' id='word_1_51' title='bbox 523 758 597 787; x_wconf 83' lang='lat' dir='ltr'>idem</span> <span class='ocrx_word' id='word_1_52' title='bbox 613 773 621 787; x_wconf 80' lang='grc' dir='ltr'><strong><em>ι</em></strong></span> <span class='ocrx_word' id='word_1_53' title='bbox 638 761 736 797; x_wconf 76' lang='lat' dir='ltr'><em>quidem</em></span> 
     </span>
     <span class='ocr_line' id='line_1_15' title="bbox 396 798 639 835; baseline -0.004 -8"><span class='ocrx_word' id='word_1_54' title='bbox 396 808 431 835; x_wconf 86' lang='lat'>23</span> <span class='ocrx_word' id='word_1_55' title='bbox 455 807 500 826; x_wconf 81' lang='lat' dir='ltr'>eos</span> <span class='ocrx_word' id='word_1_56' title='bbox 516 798 544 826; x_wconf 92' lang='lat' dir='ltr'>D</span> <span class='ocrx_word' id='word_1_57' title='bbox 557 809 639 826; x_wconf 76' lang='lat' dir='ltr'><em>eorum</em></span> 
     </span>
     <span class='ocr_line' id='line_1_16' title="bbox 397 838 958 878; baseline 0.004 -13"><span class='ocrx_word' id='word_1_58' title='bbox 397 847 434 873; x_wconf 78' lang='lat'>24</span> <span class='ocrx_word' id='word_1_59' title='bbox 454 847 509 865; x_wconf 89' lang='lat' dir='ltr'>non</span> <span class='ocrx_word' id='word_1_60' title='bbox 524 838 711 867; x_wconf 80' lang='lat' dir='ltr'>studiofiffime</span> <span class='ocrx_word' id='word_1_61' title='bbox 724 838 752 875; x_wconf 79' lang='grc' dir='ltr'>ψ</span> <span class='ocrx_word' id='word_1_62' title='bbox 767 839 958 878; x_wconf 71' lang='lat' dir='ltr'><em>zstudiqfiffime</em></span> 
     </span>
     <span class='ocr_line' id='line_1_17' title="bbox 398 878 686 913; baseline 0.003 -8"><span class='ocrx_word' id='word_1_63' title='bbox 398 887 433 913; x_wconf 75' lang='lat'>27</span> <span class='ocrx_word' id='word_1_64' title='bbox 456 878 528 905; x_wconf 60' lang='lat' dir='ltr'>reste</span> <span class='ocrx_word' id='word_1_65' title='bbox 543 878 569 911; x_wconf 85' lang='lat'><em>4</em></span> <span class='ocrx_word' id='word_1_66' title='bbox 586 888 601 906; x_wconf 89' lang='grc'>2</span> <span class='ocrx_word' id='word_1_67' title='bbox 617 882 686 906; x_wconf 66' lang='lat' dir='ltr'><em>rcAE&#39;a</em></span> 
     </span>
     <span class='ocr_line' id='line_1_18' title="bbox 395 917 693 954; baseline 0.007 -10"><span class='ocrx_word' id='word_1_68' title='bbox 395 932 435 938; x_wconf 95' lang='lat'>—</span> <span class='ocrx_word' id='word_1_69' title='bbox 457 925 558 954; x_wconf 80' lang='lat' dir='ltr'>putant</span> <span class='ocrx_word' id='word_1_70' title='bbox 571 917 594 945; x_wconf 88' lang='lat' dir='ltr'>E</span> <span class='ocrx_word' id='word_1_71' title='bbox 607 926 693 954; x_wconf 64' lang='lat' dir='ltr'>futen!</span> 
     </span>
     <span class='ocr_line' id='line_1_19' title="bbox 397 957 696 991; baseline 0.003 -6"><span class='ocrx_word' id='word_1_72' title='bbox 397 958 433 985; x_wconf 73' lang='lat'>23</span> <span class='ocrx_word' id='word_1_73' title='bbox 455 957 581 985; x_wconf 81' lang='lat' dir='ltr'>omnium</span> <span class='ocrx_word' id='word_1_74' title='bbox 600 959 696 991; x_wconf 60' lang='lat' dir='ltr'>gomi</span> 
     </span>
     <span class='ocr_line' id='line_1_20' title="bbox 395 996 877 1033; baseline 0.006 -10"><span class='ocrx_word' id='word_1_75' title='bbox 395 1010 435 1017; x_wconf 90' lang='lat'>-—</span> <span class='ocrx_word' id='word_1_76' title='bbox 455 996 569 1025; x_wconf 62' lang='lat' dir='ltr'>lestionj</span> <span class='ocrx_word' id='word_1_77' title='bbox 584 1011 601 1029; x_wconf 76' lang='grc' dir='ltr'>ι,</span> <span class='ocrx_word' id='word_1_78' title='bbox 618 997 643 1031; x_wconf 82' lang='grc' dir='ltr'>ξ,</span> <span class='ocrx_word' id='word_1_79' title='bbox 659 1010 686 1031; x_wconf 70' lang='lat' dir='ltr'>e,</span> <span class='ocrx_word' id='word_1_80' title='bbox 702 996 729 1033; x_wconf 80' lang='lat'><em>4</em></span> <span class='ocrx_word' id='word_1_81' title='bbox 746 1007 761 1026; x_wconf 89' lang='lat'><strong>2</strong></span> <span class='ocrx_word' id='word_1_82' title='bbox 777 997 877 1027; x_wconf 67' lang='lat' dir='ltr'>Ieeicne</span> 
     </span>
     <span class='ocr_line' id='line_1_21' title="bbox 397 1035 769 1074; baseline 0.005 -10"><span class='ocrx_word' id='word_1_83' title='bbox 397 1046 433 1073; x_wconf 88' lang='lat'>29</span> <span class='ocrx_word' id='word_1_84' title='bbox 454 1035 769 1074; x_wconf 73' lang='lat' dir='ltr'>fiDo·‚42fiid1d.</span> 
     </span>
     <span class='ocr_line' id='line_1_22' title="bbox 395 1075 770 1106; baseline 0.011 -4"><span class='ocrx_word' id='word_1_85' title='bbox 395 1090 434 1097; x_wconf 94' lang='lat'>—</span> <span class='ocrx_word' id='word_1_86' title='bbox 454 1075 562 1104; x_wconf 74' lang='lat' dir='ltr'>idcirco</span> <span class='ocrx_word' id='word_1_87' title='bbox 576 1076 605 1104; x_wconf 92' lang='lat' dir='ltr'>D</span> <span class='ocrx_word' id='word_1_88' title='bbox 622 1077 650 1106; x_wconf 92' lang='lat' dir='ltr'><strong>U</strong></span> <span class='ocrx_word' id='word_1_89' title='bbox 664 1079 696 1106; x_wconf 87' lang='lat' dir='ltr'>id</span> <span class='ocrx_word' id='word_1_90' title='bbox 705 1079 770 1106; x_wconf 79' lang='lat' dir='ltr'><em>circo</em></span> 
     </span>
     <span class='ocr_line' id='line_1_23' title="bbox 393 1114 600 1148; baseline -0.005 -6"><span class='ocrx_word' id='word_1_91' title='bbox 393 1130 434 1136; x_wconf 98' lang='lat'><strong>—</strong></span> <span class='ocrx_word' id='word_1_92' title='bbox 453 1115 484 1143; x_wconf 86' lang='lat' dir='ltr'>id</span> <span class='ocrx_word' id='word_1_93' title='bbox 499 1114 525 1148; x_wconf 66' lang='grc' dir='ltr'>ψ</span> <span class='ocrx_word' id='word_1_94' title='bbox 544 1125 552 1143; x_wconf 95' lang='grc'>1</span> <span class='ocrx_word' id='word_1_95' title='bbox 572 1118 600 1144; x_wconf 80' lang='lat' dir='ltr'>d.</span> 
     </span>
     <span class='ocr_line' id='line_1_24' title="bbox 395 1154 640 1191; baseline 0.008 -9"><span class='ocrx_word' id='word_1_96' title='bbox 395 1164 430 1191; x_wconf 90' lang='lat'>32</span> <span class='ocrx_word' id='word_1_97' title='bbox 453 1154 488 1183; x_wconf 88' lang='lat' dir='ltr'>de</span> <span class='ocrx_word' id='word_1_98' title='bbox 502 1155 528 1189; x_wconf 99' lang='lat'><em>4</em></span> <span class='ocrx_word' id='word_1_99' title='bbox 544 1164 559 1183; x_wconf 91' lang='lat'><em>2</em></span> <span class='ocrx_word' id='word_1_100' title='bbox 574 1165 597 1184; x_wconf 80' lang='lat' dir='ltr'>et</span> <span class='ocrx_word' id='word_1_101' title='bbox 610 1157 640 1184; x_wconf 86' lang='lat' dir='ltr'>de</span> 
     </span>
     <span class='ocr_line' id='line_1_25' title="bbox 395 1194 640 1233; baseline 0.008 -2"><span class='ocrx_word' id='word_1_102' title='bbox 395 1203 430 1231; x_wconf 85' lang='lat'>33</span> <span class='ocrx_word' id='word_1_103' title='bbox 453 1194 523 1232; x_wconf 74' lang='lat' dir='ltr'>quid</span> <span class='ocrx_word' id='word_1_104' title='bbox 545 1195 640 1233; x_wconf 60' lang='lat' dir='ltr'><em>equod</em></span> 
     </span>
     <span class='ocr_line' id='line_1_26' title="bbox 397 1234 575 1270; baseline 0.006 -9"><span class='ocrx_word' id='word_1_105' title='bbox 397 1243 435 1270; x_wconf 75' lang='lat'>34</span> <span class='ocrx_word' id='word_1_106' title='bbox 456 1243 489 1262; x_wconf 80' lang='lat' dir='ltr'>ea</span> <span class='ocrx_word' id='word_1_107' title='bbox 503 1234 532 1263; x_wconf 93' lang='lat' dir='ltr'>D</span> <span class='ocrx_word' id='word_1_108' title='bbox 547 1236 575 1262; x_wconf 88' lang='lat' dir='ltr'>d.</span> 
     </span>
     <span class='ocr_line' id='line_1_27' title="bbox 397 1274 776 1312; baseline 0.003 -10"><span class='ocrx_word' id='word_1_109' title='bbox 397 1283 432 1312; x_wconf 78' lang='lat'>35</span> <span class='ocrx_word' id='word_1_110' title='bbox 455 1274 583 1303; x_wconf 80' lang='lat' dir='ltr'>maxima</span> <span class='ocrx_word' id='word_1_111' title='bbox 598 1274 621 1302; x_wconf 94' lang='lat' dir='ltr'>E</span> <span class='ocrx_word' id='word_1_112' title='bbox 636 1276 651 1309; x_wconf 78' lang='grc' dir='ltr'>ξ</span> <span class='ocrx_word' id='word_1_113' title='bbox 665 1277 776 1303; x_wconf 75' lang='lat' dir='ltr'>maxine</span> 
     </span>
     <span class='ocr_line' id='line_1_28' title="bbox 419 1313 1003 1354; baseline 0.003 -13"><span class='ocrx_word' id='word_1_114' title='bbox 419 1322 428 1341; x_wconf 92' lang='grc'>1</span> <span class='ocrx_word' id='word_1_115' title='bbox 455 1313 547 1347; x_wconf 78' lang='lat' dir='ltr'><strong>Philo,</strong></span> <span class='ocrx_word' id='word_1_116' title='bbox 569 1323 654 1352; x_wconf 85' lang='lat' dir='ltr'><strong>quem</strong></span> <span class='ocrx_word' id='word_1_117' title='bbox 668 1315 694 1349; x_wconf 90' lang='lat'><em>4</em></span> <span class='ocrx_word' id='word_1_118' title='bbox 709 1324 725 1343; x_wconf 84' lang='lat'><em>2</em></span> <span class='ocrx_word' id='word_1_119' title='bbox 741 1313 913 1352; x_wconf 69' lang='lat' dir='ltr'><em>Pbilcfiphiae</em></span> <span class='ocrx_word' id='word_1_120' title='bbox 927 1325 1003 1354; x_wconf 78' lang='lat' dir='ltr'><em>quam</em></span> 
     </span>
     <span class='ocr_line' id='line_1_29' title="bbox 414 1353 656 1390; baseline 0.004 -9"><span class='ocrx_word' id='word_1_121' title='bbox 414 1363 429 1390; x_wconf 83' lang='lat'>3</span> <span class='ocrx_word' id='word_1_122' title='bbox 452 1353 510 1381; x_wconf 82' lang='lat' dir='ltr'>alio</span> <span class='ocrx_word' id='word_1_123' title='bbox 524 1353 552 1382; x_wconf 93' lang='lat' dir='ltr'>D</span> <span class='ocrx_word' id='word_1_124' title='bbox 565 1362 588 1382; x_wconf 82' lang='lat' dir='ltr'>et</span> <span class='ocrx_word' id='word_1_125' title='bbox 602 1353 656 1382; x_wconf 79' lang='lat' dir='ltr'><em>alio</em></span> 
     </span>
     <span class='ocr_line' id='line_1_30' title="bbox 414 1394 617 1428; baseline 0 -8"><span class='ocrx_word' id='word_1_126' title='bbox 414 1402 433 1428; x_wconf 89' lang='lat'>4</span> <span class='ocrx_word' id='word_1_127' title='bbox 453 1401 503 1420; x_wconf 85' lang='lat' dir='ltr'>nos</span> <span class='ocrx_word' id='word_1_128' title='bbox 518 1394 543 1427; x_wconf 88' lang='lat'><em>4</em></span> <span class='ocrx_word' id='word_1_129' title='bbox 559 1402 574 1421; x_wconf 94' lang='lat'>2</span> <span class='ocrx_word' id='word_1_130' title='bbox 590 1395 617 1420; x_wconf 84' lang='lat' dir='ltr'>d.</span> 
     </span>
     <span class='ocr_line' id='line_1_31' title="bbox 416 1432 732 1470; baseline 0.009 -11"><span class='ocrx_word' id='word_1_131' title='bbox 416 1443 430 1470; x_wconf 82' lang='lat'>5</span> <span class='ocrx_word' id='word_1_132' title='bbox 453 1432 549 1460; x_wconf 78' lang='lat' dir='ltr'>datum</span> <span class='ocrx_word' id='word_1_133' title='bbox 565 1433 588 1461; x_wconf 90' lang='lat' dir='ltr'>E</span> <span class='ocrx_word' id='word_1_134' title='bbox 603 1433 620 1467; x_wconf 76' lang='grc' dir='ltr'>ξ</span> <span class='ocrx_word' id='word_1_135' title='bbox 631 1441 732 1462; x_wconf 75' lang='lat' dir='ltr'>tantam</span> 
     </span>
     <span class='ocr_line' id='line_1_32' title="bbox 414 1470 643 1510; baseline 0.004 -10"><span class='ocrx_word' id='word_1_136' title='bbox 414 1472 433 1500; x_wconf 93' lang='lat'><strong>6</strong></span> <span class='ocrx_word' id='word_1_137' title='bbox 455 1471 523 1501; x_wconf 84' lang='lat' dir='ltr'>ficut</span> <span class='ocrx_word' id='word_1_138' title='bbox 535 1470 563 1507; x_wconf 76' lang='grc' dir='ltr'>ψ</span> <span class='ocrx_word' id='word_1_139' title='bbox 579 1473 643 1510; x_wconf 77' lang='lat' dir='ltr'>zfic</span> 
     </span>
     <span class='ocr_line' id='line_1_33' title="bbox 398 1510 1023 1542; baseline 0.003 -2"><span class='ocrx_word' id='word_1_140' title='bbox 398 1520 433 1540; x_wconf 85' lang='lat'>10</span> <span class='ocrx_word' id='word_1_141' title='bbox 453 1512 663 1541; x_wconf 73' lang='lat' dir='ltr'>ambulantibus</span> <span class='ocrx_word' id='word_1_142' title='bbox 691 1512 721 1541; x_wconf 94' lang='lat' dir='ltr'>D</span> <span class='ocrx_word' id='word_1_143' title='bbox 743 1510 934 1542; x_wconf 71' lang='lat' dir='ltr'>ambulantibus</span> <span class='ocrx_word' id='word_1_144' title='bbox 952 1513 1023 1542; x_wconf 76' lang='lat' dir='ltr'><em>nobis</em></span> 
     </span>
     <span class='ocr_line' id='line_1_34' title="bbox 501 1552 729 1586; baseline 0.004 -5"><span class='ocrx_word' id='word_1_145' title='bbox 501 1553 524 1581; x_wconf 94' lang='lat' dir='ltr'><strong>E</strong></span> <span class='ocrx_word' id='word_1_146' title='bbox 539 1553 556 1586; x_wconf 77' lang='grc' dir='ltr'><em>ξ</em></span> <span class='ocrx_word' id='word_1_147' title='bbox 568 1552 729 1582; x_wconf 62' lang='lat' dir='ltr'>ambulanti!</span> 
     </span>
     <span class='ocr_line' id='line_1_35' title="bbox 392 1591 570 1620; baseline 0.006 -1"><span class='ocrx_word' id='word_1_148' title='bbox 392 1607 432 1612; x_wconf 92' lang='lat'>—</span> <span class='ocrx_word' id='word_1_149' title='bbox 452 1591 487 1620; x_wconf 79' lang='lat' dir='ltr'>ad</span> <span class='ocrx_word' id='word_1_150' title='bbox 503 1592 526 1620; x_wconf 91' lang='lat' dir='ltr'>E</span> <span class='ocrx_word' id='word_1_151' title='bbox 540 1596 570 1620; x_wconf 83' lang='lat' dir='ltr'>in</span> 
     </span>
     <span class='ocr_line' id='line_1_36' title="bbox 391 1631 822 1672; baseline 0 -13"><span class='ocrx_word' id='word_1_152' title='bbox 391 1647 428 1654; x_wconf 89' lang='lat'>-—</span> <span class='ocrx_word' id='word_1_153' title='bbox 453 1631 594 1660; x_wconf 79' lang='lat' dir='ltr'>institutus</span> <span class='ocrx_word' id='word_1_154' title='bbox 609 1632 633 1661; x_wconf 80' lang='grc' dir='ltr'><strong>Ε</strong></span> <span class='ocrx_word' id='word_1_155' title='bbox 647 1632 663 1666; x_wconf 81' lang='grc' dir='ltr'><strong>ξ</strong></span> <span class='ocrx_word' id='word_1_156' title='bbox 675 1635 822 1672; x_wconf 59' lang='lat' dir='ltr'>constitutus</span> 
     </span>
     <span class='ocr_line' id='line_1_37' title="bbox 398 1671 592 1709; baseline 0 -10"><span class='ocrx_word' id='word_1_157' title='bbox 398 1681 406 1699; x_wconf 91' lang='grc'>1</span> <span class='ocrx_word' id='word_1_158' title='bbox 416 1681 430 1709; x_wconf 81' lang='lat'>3</span> <span class='ocrx_word' id='word_1_159' title='bbox 454 1671 510 1700; x_wconf 81' lang='lat' dir='ltr'>Etfi</span> <span class='ocrx_word' id='word_1_160' title='bbox 525 1685 543 1699; x_wconf 76' lang='grc' dir='ltr'>ι,-</span> <span class='ocrx_word' id='word_1_161' title='bbox 555 1672 592 1699; x_wconf 83' lang='lat' dir='ltr'>Et</span> 
     </span>
     <span class='ocr_line' id='line_1_38' title="bbox 396 1711 723 1747; baseline 0 -8"><span class='ocrx_word' id='word_1_162' title='bbox 396 1719 432 1747; x_wconf 78' lang='grc'>14</span> <span class='ocrx_word' id='word_1_163' title='bbox 452 1720 497 1738; x_wconf 87' lang='lat' dir='ltr'>me</span> <span class='ocrx_word' id='word_1_164' title='bbox 513 1711 540 1740; x_wconf 92' lang='lat' dir='ltr'>D</span> <span class='ocrx_word' id='word_1_165' title='bbox 552 1711 575 1739; x_wconf 93' lang='lat' dir='ltr'>E</span> <span class='ocrx_word' id='word_1_166' title='bbox 589 1711 614 1745; x_wconf 92' lang='lat'><em>4</em></span> <span class='ocrx_word' id='word_1_167' title='bbox 632 1720 641 1738; x_wconf 89' lang='grc'>1</span> <span class='ocrx_word' id='word_1_168' title='bbox 661 1721 723 1739; x_wconf 73' lang='lat' dir='ltr'>meae</span> 
     </span>
     <span class='ocr_line' id='line_1_39' title="bbox 397 1751 1021 1790; baseline 0 -10"><span class='ocrx_word' id='word_1_169' title='bbox 397 1760 406 1780; x_wconf 92' lang='grc'>1</span> <span class='ocrx_word' id='word_1_170' title='bbox 414 1761 429 1790; x_wconf 80' lang='lat'><em>5</em></span> <span class='ocrx_word' id='word_1_171' title='bbox 453 1751 591 1790; x_wconf 75' lang='lat' dir='ltr'>cogitanti</span> <span class='ocrx_word' id='word_1_172' title='bbox 604 1751 632 1779; x_wconf 95' lang='lat' dir='ltr'>D</span> <span class='ocrx_word' id='word_1_173' title='bbox 643 1752 773 1790; x_wconf 69' lang='lat' dir='ltr'>agitandi</span> <span class='ocrx_word' id='word_1_174' title='bbox 785 1751 838 1786; x_wconf 72' lang='lat' dir='ltr'>c,4</span> <span class='ocrx_word' id='word_1_175' title='bbox 856 1759 867 1778; x_wconf 90' lang='grc'>1</span> <span class='ocrx_word' id='word_1_176' title='bbox 886 1753 1021 1790; x_wconf 78' lang='lat' dir='ltr'><em>cogitantis</em></span> 
     </span>
     <span class='ocr_line' id='line_1_40' title="bbox 499 1794 647 1828; baseline 0.007 -10"><span class='ocrx_word' id='word_1_177' title='bbox 499 1804 517 1818; x_wconf 72' lang='grc' dir='ltr'>ι-</span> <span class='ocrx_word' id='word_1_178' title='bbox 533 1794 647 1828; x_wconf 78' lang='lat' dir='ltr'>cogitans</span> 
     </span>
     <span class='ocr_line' id='line_1_41' title="bbox 397 1830 648 1867; baseline 0 -9"><span class='ocrx_word' id='word_1_179' title='bbox 397 1839 431 1867; x_wconf 86' lang='lat'>¹7</span> <span class='ocrx_word' id='word_1_180' title='bbox 454 1830 536 1858; x_wconf 87' lang='lat' dir='ltr'>crede</span> <span class='ocrx_word' id='word_1_181' title='bbox 550 1832 575 1865; x_wconf 75' lang='grc' dir='ltr'>ψ</span> <span class='ocrx_word' id='word_1_182' title='bbox 591 1840 606 1859; x_wconf 87' lang='grc'>2</span> <span class='ocrx_word' id='word_1_183' title='bbox 621 1832 648 1858; x_wconf 76' lang='lat' dir='ltr'>d.</span> 
     </span>
     <span class='ocr_line' id='line_1_42' title="bbox 392 1871 554 1900; baseline 0.012 -2"><span class='ocrx_word' id='word_1_184' title='bbox 392 1885 433 1892; x_wconf 90' lang='lat'>·—·</span> <span class='ocrx_word' id='word_1_185' title='bbox 455 1879 484 1898; x_wconf 84' lang='lat' dir='ltr'>ut</span> <span class='ocrx_word' id='word_1_186' title='bbox 499 1883 516 1898; x_wconf 81' lang='grc' dir='ltr'><strong><em>σ</em></strong></span> <span class='ocrx_word' id='word_1_187' title='bbox 529 1871 554 1900; x_wconf 85' lang='lat' dir='ltr'>d.</span> 
     </span>
     <span class='ocr_line' id='line_1_43' title="bbox 397 1908 816 1948; baseline 0.002 -11"><span class='ocrx_word' id='word_1_188' title='bbox 397 1919 431 1948; x_wconf 89' lang='lat'>¹9</span> <span class='ocrx_word' id='word_1_189' title='bbox 453 1910 482 1938; x_wconf 87' lang='lat' dir='ltr'>id</span> <span class='ocrx_word' id='word_1_190' title='bbox 498 1909 615 1947; x_wconf 88' lang='lat' dir='ltr'>quidem</span> <span class='ocrx_word' id='word_1_191' title='bbox 631 1908 657 1945; x_wconf 86' lang='lat'><em>4</em></span> <span class='ocrx_word' id='word_1_192' title='bbox 674 1919 690 1938; x_wconf 89' lang='lat'><em>2</em></span> <span class='ocrx_word' id='word_1_193' title='bbox 704 1909 741 1938; x_wconf 72' lang='lat' dir='ltr'>ad</span> <span class='ocrx_word' id='word_1_194' title='bbox 752 1909 816 1948; x_wconf 78' lang='lat' dir='ltr'><em>quid</em></span> 
     </span>
     <span class='ocr_line' id='line_1_44' title="bbox 393 1948 651 1984; baseline 0.004 -7"><span class='ocrx_word' id='word_1_195' title='bbox 393 1965 433 1971; x_wconf 96' lang='lat'>—</span> <span class='ocrx_word' id='word_1_196' title='bbox 454 1950 506 1978; x_wconf 86' lang='lat' dir='ltr'>hoc</span> <span class='ocrx_word' id='word_1_197' title='bbox 521 1948 547 1984; x_wconf 85' lang='lat'><em>4</em></span> <span class='ocrx_word' id='word_1_198' title='bbox 562 1959 577 1978; x_wconf 88' lang='lat' dir='ltr'>z</span> <span class='ocrx_word' id='word_1_199' title='bbox 594 1950 651 1978; x_wconf 82' lang='lat' dir='ltr'>baec</span> 
     </span>
     <span class='ocr_line' id='line_1_45' title="bbox 394 1989 782 2028; baseline 0 -10"><span class='ocrx_word' id='word_1_200' title='bbox 394 2000 428 2028; x_wconf 82' lang='lat'>²5</span> <span class='ocrx_word' id='word_1_201' title='bbox 453 1989 599 2018; x_wconf 78' lang='lat' dir='ltr'>confirmat</span> <span class='ocrx_word' id='word_1_202' title='bbox 613 1990 629 2024; x_wconf 75' lang='grc' dir='ltr'>ξ</span> <span class='ocrx_word' id='word_1_203' title='bbox 643 1992 782 2028; x_wconf 75' lang='lat' dir='ltr'>corfimnat</span> 
     </span>
     <span class='ocr_line' id='line_1_46' title="bbox 391 2028 774 2064; baseline -0.005 -5"><span class='ocrx_word' id='word_1_204' title='bbox 391 2031 430 2059; x_wconf 85' lang='lat'>26</span> <span class='ocrx_word' id='word_1_205' title='bbox 451 2028 585 2058; x_wconf 83' lang='lat' dir='ltr'>videlicet</span> <span class='ocrx_word' id='word_1_206' title='bbox 599 2030 624 2064; x_wconf 83' lang='lat'><em>4</em></span> <span class='ocrx_word' id='word_1_207' title='bbox 640 2039 656 2058; x_wconf 91' lang='lat'>2</span> <span class='ocrx_word' id='word_1_208' title='bbox 672 2030 774 2058; x_wconf 79' lang='lat' dir='ltr'><em>videbis</em></span> 
     </span>
     <span class='ocr_line' id='line_1_47' title="bbox 394 2070 654 2103; baseline 0 -5"><span class='ocrx_word' id='word_1_209' title='bbox 394 2071 430 2098; x_wconf 89' lang='lat'>28</span> <span class='ocrx_word' id='word_1_210' title='bbox 453 2079 518 2097; x_wconf 86' lang='lat' dir='ltr'>num</span> <span class='ocrx_word' id='word_1_211' title='bbox 534 2070 559 2103; x_wconf 82' lang='lat'><em>4</em></span> <span class='ocrx_word' id='word_1_212' title='bbox 578 2079 587 2097; x_wconf 96' lang='grc'>1</span> <span class='ocrx_word' id='word_1_213' title='bbox 607 2080 654 2098; x_wconf 79' lang='lat' dir='ltr'>non</span> 
     </span>
     <span class='ocr_line' id='line_1_48' title="bbox 394 2109 1019 2150; baseline 0.005 -13"><span class='ocrx_word' id='word_1_214' title='bbox 394 2119 431 2148; x_wconf 88' lang='lat'>29</span> <span class='ocrx_word' id='word_1_215' title='bbox 451 2109 608 2148; x_wconf 79' lang='lat' dir='ltr'>conscripta</span> <span class='ocrx_word' id='word_1_216' title='bbox 643 2109 672 2138; x_wconf 93' lang='lat' dir='ltr'>D</span> <span class='ocrx_word' id='word_1_217' title='bbox 696 2115 721 2138; x_wconf 81' lang='lat' dir='ltr'>et</span> <span class='ocrx_word' id='word_1_218' title='bbox 746 2109 887 2150; x_wconf 70' lang='lat' dir='ltr'>conscripta</span> <span class='ocrx_word' id='word_1_219' title='bbox 918 2124 935 2139; x_wconf 71' lang='lat' dir='ltr'><em>e</em></span> <span class='ocrx_word' id='word_1_220' title='bbox 962 2122 1019 2140; x_wconf 78' lang='lat' dir='ltr'>eon-</span> 
     </span>
     <span class='ocr_line' id='line_1_49' title="bbox 494 2157 565 2186; baseline 0.014 -10"><span class='ocrx_word' id='word_1_221' title='bbox 494 2157 565 2186; x_wconf 69' lang='lat' dir='ltr'><em>tepla</em></span> 
     </span>
     <span class='ocr_line' id='line_1_50' title="bbox 395 2188 771 2226; baseline 0.005 -10"><span class='ocrx_word' id='word_1_222' title='bbox 395 2198 431 2226; x_wconf 83' lang='lat'>30</span> <span class='ocrx_word' id='word_1_223' title='bbox 452 2188 492 2216; x_wconf 80' lang='lat' dir='ltr'>ita</span> <span class='ocrx_word' id='word_1_224' title='bbox 507 2188 602 2217; x_wconf 81' lang='lat' dir='ltr'>animo</span> <span class='ocrx_word' id='word_1_225' title='bbox 615 2201 633 2217; x_wconf 78' lang='lat' dir='ltr'><em>o</em></span> <span class='ocrx_word' id='word_1_226' title='bbox 647 2191 674 2217; x_wconf 82' lang='lat' dir='ltr'>in</span> <span class='ocrx_word' id='word_1_227' title='bbox 687 2192 771 2218; x_wconf 76' lang='lat' dir='ltr'><em>animo</em></span> 
     </span>
     <span class='ocr_line' id='line_1_51' title="bbox 395 2229 880 2268; baseline 0.006 -13"><span class='ocrx_word' id='word_1_228' title='bbox 395 2238 431 2265; x_wconf 84' lang='lat'>32</span> <span class='ocrx_word' id='word_1_229' title='bbox 454 2229 666 2256; x_wconf 70' lang='lat' dir='ltr'>ostentationem</span> <span class='ocrx_word' id='word_1_230' title='bbox 682 2229 705 2256; x_wconf 87' lang='lat' dir='ltr'>E</span> <span class='ocrx_word' id='word_1_231' title='bbox 719 2232 880 2268; x_wconf 64' lang='lat' dir='ltr'>fflenmtione</span> 
     </span>
     <span class='ocr_line' id='line_1_52' title="bbox 395 2267 936 2310; baseline 0.007 -15"><span class='ocrx_word' id='word_1_232' title='bbox 395 2277 431 2305; x_wconf 78' lang='lat'>33</span> <span class='ocrx_word' id='word_1_233' title='bbox 454 2267 510 2305; x_wconf 81' lang='lat' dir='ltr'>ipse</span> <span class='ocrx_word' id='word_1_234' title='bbox 525 2268 575 2296; x_wconf 79' lang='lat' dir='ltr'>fibi</span> <span class='ocrx_word' id='word_1_235' title='bbox 590 2269 611 2296; x_wconf 86' lang='lat' dir='ltr'><strong>E</strong></span> <span class='ocrx_word' id='word_1_236' title='bbox 628 2268 704 2307; x_wconf 61' lang='lat' dir='ltr'><em>gipsi</em></span> <span class='ocrx_word' id='word_1_237' title='bbox 716 2269 744 2298; x_wconf 91' lang='lat' dir='ltr'>U</span> <span class='ocrx_word' id='word_1_238' title='bbox 760 2269 785 2304; x_wconf 91' lang='lat'><em>4</em></span> <span class='ocrx_word' id='word_1_239' title='bbox 799 2279 814 2298; x_wconf 89' lang='grc'><strong>2</strong></span> <span class='ocrx_word' id='word_1_240' title='bbox 829 2270 936 2310; x_wconf 79' lang='lat' dir='ltr'><em>ipfifibi</em></span> 
     </span>
     <span class='ocr_line' id='line_1_53' title="bbox 397 2307 708 2346; baseline 0.01 -12"><span class='ocrx_word' id='word_1_241' title='bbox 397 2317 434 2346; x_wconf 81' lang='lat'>34</span> <span class='ocrx_word' id='word_1_242' title='bbox 454 2307 488 2335; x_wconf 70' lang='lat' dir='ltr'>iis</span> <span class='ocrx_word' id='word_1_243' title='bbox 503 2307 574 2342; x_wconf 71' lang='lat'>1114</span> <span class='ocrx_word' id='word_1_244' title='bbox 595 2311 666 2337; x_wconf 79' lang='lat' dir='ltr'>zita</span> <span class='ocrx_word' id='word_1_245' title='bbox 680 2318 708 2337; x_wconf 72' lang='lat' dir='ltr'>ut</span> 
     </span>
     <span class='ocr_line' id='line_1_54' title="bbox 418 2347 883 2388; baseline 0.009 -13"><span class='ocrx_word' id='word_1_246' title='bbox 418 2357 427 2375; x_wconf 92' lang='grc'>1</span> <span class='ocrx_word' id='word_1_247' title='bbox 454 2347 620 2376; x_wconf 77' lang='lat' dir='ltr'>mirabiliter</span> <span class='ocrx_word' id='word_1_248' title='bbox 633 2348 658 2383; x_wconf 89' lang='lat'><em>4</em></span> <span class='ocrx_word' id='word_1_249' title='bbox 674 2358 689 2378; x_wconf 84' lang='lat'>2</span> <span class='ocrx_word' id='word_1_250' title='bbox 704 2349 883 2388; x_wconf 63' lang='lat' dir='ltr'><em>miserabiliter</em></span> 
     </span>
     <span class='ocr_line' id='line_1_55' title="bbox 392 2396 656 2423; baseline 0.011 -8"><span class='ocrx_word' id='word_1_251' title='bbox 392 2403 432 2409; x_wconf 89' lang='lat'><strong>—</strong></span> <span class='ocrx_word' id='word_1_252' title='bbox 452 2396 542 2415; x_wconf 68' lang='lat' dir='ltr'>oratio</span> <span class='ocrx_word' id='word_1_253' title='bbox 555 2401 576 2423; x_wconf 77' lang='grc' dir='ltr'><strong><em>χ</em></strong></span> <span class='ocrx_word' id='word_1_254' title='bbox 587 2397 656 2417; x_wconf 75' lang='lat' dir='ltr'>rano</span> 
     </span>
     <span class='ocr_line' id='line_1_56' title="bbox 392 2427 615 2465; baseline 0.013 -11"><span class='ocrx_word' id='word_1_255' title='bbox 392 2442 432 2450; x_wconf 92' lang='lat'>—</span> <span class='ocrx_word' id='word_1_256' title='bbox 452 2427 528 2465; x_wconf 86' lang='lat' dir='ltr'>quod</span> <span class='ocrx_word' id='word_1_257' title='bbox 545 2428 572 2456; x_wconf 94' lang='lat' dir='ltr'>D</span> <span class='ocrx_word' id='word_1_258' title='bbox 587 2430 615 2457; x_wconf 79' lang='lat' dir='ltr'>d.</span> 
     </span>
     <span class='ocr_line' id='line_1_57' title="bbox 414 2466 585 2497; baseline 0.006 -2"><span class='ocrx_word' id='word_1_259' title='bbox 414 2477 429 2495; x_wconf 87' lang='grc'><strong>2</strong></span> <span class='ocrx_word' id='word_1_260' title='bbox 451 2467 501 2494; x_wconf 81' lang='lat' dir='ltr'>effe</span> <span class='ocrx_word' id='word_1_261' title='bbox 516 2466 544 2494; x_wconf 96' lang='lat' dir='ltr'>D</span> <span class='ocrx_word' id='word_1_262' title='bbox 558 2469 585 2497; x_wconf 80' lang='lat' dir='ltr'>d.</span> 
     </span>
     <span class='ocr_line' id='line_1_58' title="bbox 390 2506 540 2536; baseline 0 -1"><span class='ocrx_word' id='word_1_263' title='bbox 390 2521 430 2531; x_wconf 90' lang='lat'>·—-</span> <span class='ocrx_word' id='word_1_264' title='bbox 449 2506 468 2535; x_wconf 82' lang='lat' dir='ltr'>fi</span> <span class='ocrx_word' id='word_1_265' title='bbox 481 2518 499 2536; x_wconf 80' lang='grc' dir='ltr'><strong><em>σ</em></strong></span> <span class='ocrx_word' id='word_1_266' title='bbox 513 2508 540 2535; x_wconf 81' lang='lat' dir='ltr'>d.</span> 
     </span>
    </p>
   </div>
   <div class='ocr_carea' id='block_1_6' title="bbox 1081 372 1111 399">
    <p class='ocr_par' dir='ltr' id='par_1_6' title="bbox 1081 372 1111 399">
     <span class='ocr_line' id='line_1_59' title="bbox 1081 372 1111 399; baseline 0 -10"><span class='ocrx_word' id='word_1_267' title='bbox 1081 372 1111 399; x_wconf 83' lang='lat' dir='ltr'>p.</span> 
     </span>
    </p>
   </div>
   <div class='ocr_carea' id='block_1_7' title="bbox 1173 362 1182 390">
    <p class='ocr_par' dir='ltr' id='par_1_7' title="bbox 1173 362 1182 390">
     <span class='ocr_line' id='line_1_60' title="bbox 1173 362 1182 390; baseline 0 0"><span class='ocrx_word' id='word_1_268' title='bbox 1173 362 1182 390; x_wconf 82' lang='lat'>1</span> 
     </span>
    </p>
   </div>
   <div class='ocr_carea' id='block_1_8' title="bbox 1080 383 1356 440">
    <p class='ocr_par' dir='ltr' id='par_1_8' title="bbox 1080 383 1356 440">
     <span class='ocr_line' id='line_1_61' title="bbox 1080 383 1356 440; baseline 0.011 -11"><span class='ocrx_word' id='word_1_269' title='bbox 1080 403 1138 430; x_wconf 87' lang='lat'>280</span> <span class='ocrx_word' id='word_1_270' title='bbox 1182 383 1356 440; x_wconf 55' lang='lat' dir='ltr'>irenses:</span> 
     </span>
    </p>
   </div>
   <div class='ocr_carea' id='block_1_9' title="bbox 1153 443 1788 2309">
    <p class='ocr_par' dir='ltr' id='par_1_9' title="bbox 1153 443 1788 2309">
     <span class='ocr_line' id='line_1_62' title="bbox 1181 443 1498 478; baseline 0.013 -9"><span class='ocrx_word' id='word_1_271' title='bbox 1181 451 1196 478; x_wconf 81' lang='lat'>3</span> <span class='ocrx_word' id='word_1_272' title='bbox 1220 443 1339 471; x_wconf 82' lang='lat' dir='ltr'>absurde</span> <span class='ocrx_word' id='word_1_273' title='bbox 1353 444 1379 478; x_wconf 92' lang='lat'><em>4</em></span> <span class='ocrx_word' id='word_1_274' title='bbox 1392 444 1426 473; x_wconf 80' lang='lat' dir='ltr'>ab</span> <span class='ocrx_word' id='word_1_275' title='bbox 1439 445 1498 473; x_wconf 81' lang='lat' dir='ltr'><em>urbe</em></span> 
     </span>
     <span class='ocr_line' id='line_1_63' title="bbox 1158 481 1326 511; baseline 0.018 -3"><span class='ocrx_word' id='word_1_276' title='bbox 1158 496 1198 503; x_wconf 93' lang='lat'>—</span> <span class='ocrx_word' id='word_1_277' title='bbox 1218 481 1242 510; x_wconf 87' lang='lat' dir='ltr'>is</span> <span class='ocrx_word' id='word_1_278' title='bbox 1257 482 1285 510; x_wconf 93' lang='lat' dir='ltr'>D</span> <span class='ocrx_word' id='word_1_279' title='bbox 1299 484 1326 511; x_wconf 85' lang='lat' dir='ltr'>d.</span> 
     </span>
     <span class='ocr_line' id='line_1_64' title="bbox 1179 521 1357 559; baseline 0.011 -11"><span class='ocrx_word' id='word_1_280' title='bbox 1179 530 1198 556; x_wconf 82' lang='lat'><em>4</em></span> <span class='ocrx_word' id='word_1_281' title='bbox 1220 521 1252 549; x_wconf 88' lang='lat' dir='ltr'>fit</span> <span class='ocrx_word' id='word_1_282' title='bbox 1266 521 1294 549; x_wconf 95' lang='lat' dir='ltr'>D</span> <span class='ocrx_word' id='word_1_283' title='bbox 1300 524 1357 559; x_wconf 79' lang='lat' dir='ltr'>fia!</span> 
     </span>
     <span class='ocr_line' id='line_1_65' title="bbox 1158 559 1393 597; baseline 0.021 -12"><span class='ocrx_word' id='word_1_284' title='bbox 1158 574 1199 580; x_wconf 90' lang='lat'>—</span> <span class='ocrx_word' id='word_1_285' title='bbox 1219 559 1278 597; x_wconf 89' lang='lat' dir='ltr'>ipso</span> <span class='ocrx_word' id='word_1_286' title='bbox 1300 562 1322 589; x_wconf 82' lang='lat' dir='ltr'>E</span> <span class='ocrx_word' id='word_1_287' title='bbox 1339 562 1393 595; x_wconf 70' lang='grc' dir='ltr'>ξά-</span> 
     </span>
     <span class='ocr_line' id='line_1_66' title="bbox 1181 598 1569 639; baseline 0.015 -14"><span class='ocrx_word' id='word_1_288' title='bbox 1181 609 1194 635; x_wconf 87' lang='grc' dir='ltr'><em>ς</em></span> <span class='ocrx_word' id='word_1_289' title='bbox 1217 598 1360 629; x_wconf 75' lang='lat' dir='ltr'>scientiam</span> <span class='ocrx_word' id='word_1_290' title='bbox 1377 600 1569 639; x_wconf 75' lang='lat' dir='ltr'>Dsapiemiam</span> 
     </span>
     <span class='ocr_line' id='line_1_67' title="bbox 1178 637 1329 675; baseline -0.007 -9"><span class='ocrx_word' id='word_1_291' title='bbox 1178 637 1196 666; x_wconf 84' lang='lat'><strong>6</strong></span> <span class='ocrx_word' id='word_1_292' title='bbox 1219 638 1256 666; x_wconf 83' lang='lat' dir='ltr'>est</span> <span class='ocrx_word' id='word_1_293' title='bbox 1270 653 1290 675; x_wconf 73' lang='grc' dir='ltr'><em>χ</em></span> <span class='ocrx_word' id='word_1_294' title='bbox 1304 642 1329 668; x_wconf 74' lang='lat' dir='ltr'>d.</span> 
     </span>
     <span class='ocr_line' id='line_1_68' title="bbox 1180 678 1581 719; baseline 0.01 -14"><span class='ocrx_word' id='word_1_295' title='bbox 1180 687 1196 713; x_wconf 93' lang='lat'>7</span> <span class='ocrx_word' id='word_1_296' title='bbox 1219 678 1360 718; x_wconf 76' lang='lat' dir='ltr'>delinquit</span> <span class='ocrx_word' id='word_1_297' title='bbox 1375 681 1400 715; x_wconf 81' lang='lat'><em>4</em></span> <span class='ocrx_word' id='word_1_298' title='bbox 1416 690 1429 709; x_wconf 90' lang='grc'><strong>2</strong></span> <span class='ocrx_word' id='word_1_299' title='bbox 1445 680 1581 719; x_wconf 71' lang='lat' dir='ltr'><em>dereliquit</em></span> 
     </span>
     <span class='ocr_line' id='line_1_69' title="bbox 1179 719 1788 758; baseline 0.013 -13"><span class='ocrx_word' id='word_1_300' title='bbox 1179 719 1196 745; x_wconf 89' lang='lat'>8</span> <span class='ocrx_word' id='word_1_301' title='bbox 1219 719 1371 749; x_wconf 84' lang='lat' dir='ltr'>verendum</span> <span class='ocrx_word' id='word_1_302' title='bbox 1395 721 1423 749; x_wconf 94' lang='lat' dir='ltr'>D</span> <span class='ocrx_word' id='word_1_303' title='bbox 1438 721 1460 749; x_wconf 88' lang='lat' dir='ltr'>E</span> <span class='ocrx_word' id='word_1_304' title='bbox 1478 722 1502 756; x_wconf 80' lang='grc' dir='ltr'>ξ,</span> <span class='ocrx_word' id='word_1_305' title='bbox 1518 734 1550 758; x_wconf 83' lang='grc' dir='ltr'>χ,</span> <span class='ocrx_word' id='word_1_306' title='bbox 1565 720 1591 757; x_wconf 79' lang='lat'><em>4</em></span> <span class='ocrx_word' id='word_1_307' title='bbox 1607 731 1623 750; x_wconf 90' lang='lat'>2</span> <span class='ocrx_word' id='word_1_308' title='bbox 1650 725 1788 753; x_wconf 77' lang='lat' dir='ltr'>verendum</span> 
     </span>
     <span class='ocr_line' id='line_1_70' title="bbox 1258 769 1271 786; baseline 0 0"><span class='ocrx_word' id='word_1_309' title='bbox 1258 769 1271 786; x_wconf 77' lang='lat' dir='ltr'><em>e</em></span> 
     </span>
     <span class='ocr_line' id='line_1_71' title="bbox 1155 761 1325 826; baseline 0.018 -3"><span class='ocrx_word' id='word_1_310' title='bbox 1155 812 1195 819; x_wconf 91' lang='lat'>—</span> <span class='ocrx_word' id='word_1_311' title='bbox 1216 807 1251 824; x_wconf 84' lang='lat' dir='ltr'>ne</span> <span class='ocrx_word' id='word_1_312' title='bbox 1263 761 1325 826; x_wconf 60' lang='lat' dir='ltr'>¹‹rataet</span> 
     </span>
     <span class='ocr_line' id='line_1_72' title="bbox 1178 837 1653 875; baseline 0.017 -12"><span class='ocrx_word' id='word_1_313' title='bbox 1178 846 1197 875; x_wconf 88' lang='lat'><strong>9</strong></span> <span class='ocrx_word' id='word_1_314' title='bbox 1219 837 1304 875; x_wconf 85' lang='lat' dir='ltr'>Qod</span> <span class='ocrx_word' id='word_1_315' title='bbox 1413 837 1533 868; x_wconf 80' lang='lat' dir='ltr'>vivere?</span> <span class='ocrx_word' id='word_1_316' title='bbox 1554 841 1579 875; x_wconf 92' lang='lat'><em>4</em></span> <span class='ocrx_word' id='word_1_317' title='bbox 1599 849 1607 870; x_wconf 92' lang='grc'>1</span> <span class='ocrx_word' id='word_1_318' title='bbox 1628 843 1653 872; x_wconf 89' lang='lat' dir='ltr'>d.</span> 
     </span>
     <span class='ocr_line' id='line_1_73' title="bbox 1161 877 1549 917; baseline 0.013 -13"><span class='ocrx_word' id='word_1_319' title='bbox 1161 885 1196 904; x_wconf 92' lang='grc' dir='ltr'>ιο</span> <span class='ocrx_word' id='word_1_320' title='bbox 1217 877 1354 914; x_wconf 53' lang='lat' dir='ltr'>perfectos</span> <span class='ocrx_word' id='word_1_321' title='bbox 1371 877 1393 905; x_wconf 92' lang='lat' dir='ltr'><strong>E</strong></span> <span class='ocrx_word' id='word_1_322' title='bbox 1408 877 1424 911; x_wconf 78' lang='grc' dir='ltr'><em>ξ</em></span> <span class='ocrx_word' id='word_1_323' title='bbox 1434 881 1549 917; x_wconf 69' lang='lat' dir='ltr'><em>przfiffis</em></span> 
     </span>
     <span class='ocr_line' id='line_1_74' title="bbox 1157 917 1514 955; baseline 0.014 -13"><span class='ocrx_word' id='word_1_324' title='bbox 1157 930 1199 937; x_wconf 91' lang='lat'>—-</span> <span class='ocrx_word' id='word_1_325' title='bbox 1219 917 1401 955; x_wconf 81' lang='lat' dir='ltr'><strong>philosophos</strong></span> <span class='ocrx_word' id='word_1_326' title='bbox 1414 917 1440 953; x_wconf 71' lang='grc' dir='ltr'>ψ</span> <span class='ocrx_word' id='word_1_327' title='bbox 1457 928 1471 947; x_wconf 90' lang='grc'><strong>2</strong></span> <span class='ocrx_word' id='word_1_328' title='bbox 1488 920 1514 947; x_wconf 78' lang='lat' dir='ltr'>d.</span> 
     </span>
     <span class='ocr_line' id='line_1_75' title="bbox 1163 957 1356 991; baseline 0.01 -8"><span class='ocrx_word' id='word_1_329' title='bbox 1163 965 1172 983; x_wconf 94' lang='grc'>1</span> <span class='ocrx_word' id='word_1_330' title='bbox 1184 965 1193 983; x_wconf 95' lang='grc'>1</span> <span class='ocrx_word' id='word_1_331' title='bbox 1219 957 1248 983; x_wconf 77' lang='lat' dir='ltr'>id</span> <span class='ocrx_word' id='word_1_332' title='bbox 1264 957 1284 984; x_wconf 84' lang='lat' dir='ltr'>E</span> <span class='ocrx_word' id='word_1_333' title='bbox 1300 957 1316 991; x_wconf 79' lang='grc' dir='ltr'>ξ</span> <span class='ocrx_word' id='word_1_334' title='bbox 1329 959 1356 985; x_wconf 87' lang='lat' dir='ltr'>d.</span> 
     </span>
     <span class='ocr_line' id='line_1_76' title="bbox 1157 998 1787 1104; baseline 0.016 -42"><span class='ocrx_word' id='word_1_335' title='bbox 1157 1004 1198 1057; x_wconf 62' lang='grc' dir='ltr'>’ἰ</span> <span class='ocrx_word' id='word_1_336' title='bbox 1217 1003 1399 1104; x_wconf 60' lang='lat'>22:13312501‘}</span> <span class='ocrx_word' id='word_1_337' title='bbox 1413 998 1440 1072; x_wconf 56' lang='grc' dir='ltr'><strong><em>ἕ</em></strong></span> <span class='ocrx_word' id='word_1_338' title='bbox 1454 1007 1641 1075; x_wconf 55' lang='lat' dir='ltr'>2⁰52ssqu</span> <span class='ocrx_word' id='word_1_339' title='bbox 1665 1042 1690 1076; x_wconf 71' lang='grc' dir='ltr'>ψ</span> <span class='ocrx_word' id='word_1_340' title='bbox 1706 1050 1719 1071; x_wconf 87' lang='lat'>1</span> <span class='ocrx_word' id='word_1_341' title='bbox 1745 1044 1787 1072; x_wconf 63' lang='lat'>1„-</span> 
     </span>
     <span class='ocr_line' id='line_1_77' title="bbox 1258 1083 1342 1104; baseline 0 0"><span class='ocrx_word' id='word_1_342' title='bbox 1258 1088 1284 1104; x_wconf 85' lang='lat' dir='ltr'>co</span> <span class='ocrx_word' id='word_1_343' title='bbox 1296 1083 1342 1104; x_wconf 80' lang='lat' dir='ltr'>unt</span> 
     </span>
     <span class='ocr_line' id='line_1_78' title="bbox 1160 1115 1509 1155; baseline 0.011 -13"><span class='ocrx_word' id='word_1_344' title='bbox 1160 1124 1192 1152; x_wconf 84' lang='lat'>¹3</span> <span class='ocrx_word' id='word_1_345' title='bbox 1215 1115 1373 1153; x_wconf 78' lang='lat' dir='ltr'>falsumque</span> <span class='ocrx_word' id='word_1_346' title='bbox 1388 1117 1509 1155; x_wconf 59' lang='lat' dir='ltr'><em>gfalfiaem</em></span> 
     </span>
     <span class='ocr_line' id='line_1_79' title="bbox 1162 1153 1427 1193; baseline 0.015 -12"><span class='ocrx_word' id='word_1_347' title='bbox 1162 1163 1196 1190; x_wconf 80' lang='lat'>¹4</span> <span class='ocrx_word' id='word_1_348' title='bbox 1218 1153 1280 1182; x_wconf 82' lang='lat' dir='ltr'>sunt</span> <span class='ocrx_word' id='word_1_349' title='bbox 1293 1156 1318 1189; x_wconf 87' lang='lat'><em>4</em></span> <span class='ocrx_word' id='word_1_350' title='bbox 1337 1165 1346 1183; x_wconf 96' lang='grc'>1</span> <span class='ocrx_word' id='word_1_351' title='bbox 1356 1157 1427 1193; x_wconf 80' lang='lat' dir='ltr'>ficut</span> 
     </span>
     <span class='ocr_line' id='line_1_80' title="bbox 1162 1194 1473 1228; baseline 0.016 -8"><span class='ocrx_word' id='word_1_352' title='bbox 1162 1195 1196 1221; x_wconf 89' lang='grc'>16</span> <span class='ocrx_word' id='word_1_353' title='bbox 1218 1194 1305 1222; x_wconf 84' lang='lat' dir='ltr'>animi</span> <span class='ocrx_word' id='word_1_354' title='bbox 1320 1196 1345 1228; x_wconf 91' lang='lat'><em>4</em></span> <span class='ocrx_word' id='word_1_355' title='bbox 1361 1205 1376 1223; x_wconf 92' lang='grc'><strong>2</strong></span> <span class='ocrx_word' id='word_1_356' title='bbox 1389 1203 1473 1225; x_wconf 84' lang='lat' dir='ltr'><em>autem</em></span> 
     </span>
     <span class='ocr_line' id='line_1_81' title="bbox 1157 1234 1447 1274; baseline 0.017 -14"><span class='ocrx_word' id='word_1_357' title='bbox 1157 1247 1197 1254; x_wconf 92' lang='lat'><em>-</em></span> <span class='ocrx_word' id='word_1_358' title='bbox 1217 1234 1313 1271; x_wconf 83' lang='lat' dir='ltr'>Atque</span> <span class='ocrx_word' id='word_1_359' title='bbox 1326 1249 1349 1272; x_wconf 83' lang='grc' dir='ltr'><strong>χ</strong></span> <span class='ocrx_word' id='word_1_360' title='bbox 1363 1236 1447 1274; x_wconf 74' lang='lat' dir='ltr'><em>Atqui</em></span> 
     </span>
     <span class='ocr_line' id='line_1_82' title="bbox 1157 1274 1364 1307; baseline 0.014 -8"><span class='ocrx_word' id='word_1_361' title='bbox 1157 1288 1197 1294; x_wconf 93' lang='lat'><strong>—</strong></span> <span class='ocrx_word' id='word_1_362' title='bbox 1219 1280 1249 1301; x_wconf 87' lang='lat' dir='ltr'>ut</span> <span class='ocrx_word' id='word_1_363' title='bbox 1263 1274 1288 1307; x_wconf 91' lang='lat'><em>4</em></span> <span class='ocrx_word' id='word_1_364' title='bbox 1306 1284 1319 1302; x_wconf 88' lang='lat'>2</span> <span class='ocrx_word' id='word_1_365' title='bbox 1336 1276 1364 1302; x_wconf 77' lang='lat' dir='ltr'>d.</span> 
     </span>
     <span class='ocr_line' id='line_1_83' title="bbox 1159 1313 1532 1349; baseline 0.016 -10"><span class='ocrx_word' id='word_1_366' title='bbox 1159 1313 1192 1340; x_wconf 89' lang='grc'>18</span> <span class='ocrx_word' id='word_1_367' title='bbox 1215 1321 1257 1340; x_wconf 84' lang='lat' dir='ltr'>res</span> <span class='ocrx_word' id='word_1_368' title='bbox 1272 1313 1300 1342; x_wconf 93' lang='lat' dir='ltr'>D</span> <span class='ocrx_word' id='word_1_369' title='bbox 1315 1314 1337 1342; x_wconf 82' lang='lat' dir='ltr'>E</span> <span class='ocrx_word' id='word_1_370' title='bbox 1354 1314 1384 1343; x_wconf 95' lang='lat' dir='ltr'>U</span> <span class='ocrx_word' id='word_1_371' title='bbox 1399 1315 1414 1349; x_wconf 80' lang='grc' dir='ltr'>ξ</span> <span class='ocrx_word' id='word_1_372' title='bbox 1427 1326 1466 1344; x_wconf 85' lang='lat' dir='ltr'>res</span> <span class='ocrx_word' id='word_1_373' title='bbox 1479 1328 1532 1345; x_wconf 83' lang='lat' dir='ltr'>una</span> 
     </span>
     <span class='ocr_line' id='line_1_84' title="bbox 1161 1352 1559 1391; baseline 0.015 -12"><span class='ocrx_word' id='word_1_374' title='bbox 1161 1361 1196 1391; x_wconf 81' lang='lat'>¹9</span> <span class='ocrx_word' id='word_1_375' title='bbox 1218 1352 1277 1381; x_wconf 83' lang='lat' dir='ltr'>haec</span> <span class='ocrx_word' id='word_1_376' title='bbox 1291 1353 1314 1381; x_wconf 89' lang='lat' dir='ltr'>E</span> <span class='ocrx_word' id='word_1_377' title='bbox 1331 1353 1360 1383; x_wconf 90' lang='lat' dir='ltr'>U</span> <span class='ocrx_word' id='word_1_378' title='bbox 1376 1355 1462 1389; x_wconf 58' lang='lat' dir='ltr'>ihaec</span> <span class='ocrx_word' id='word_1_379' title='bbox 1475 1365 1559 1385; x_wconf 81' lang='lat' dir='ltr'><em>autem</em></span> 
     </span>
     <span class='ocr_line' id='line_1_85' title="bbox 1157 1392 1787 1438; baseline 0.016 -18"><span class='ocrx_word' id='word_1_380' title='bbox 1157 1401 1195 1421; x_wconf 85' lang='lat'>20</span> <span class='ocrx_word' id='word_1_381' title='bbox 1216 1392 1289 1421; x_wconf 78' lang='lat' dir='ltr'>satus</span> <span class='ocrx_word' id='word_1_382' title='bbox 1311 1394 1491 1432; x_wconf 82' lang='lat' dir='ltr'>accipiendos</span> <span class='ocrx_word' id='word_1_383' title='bbox 1515 1397 1545 1425; x_wconf 92' lang='lat' dir='ltr'>D</span> <span class='ocrx_word' id='word_1_384' title='bbox 1559 1398 1626 1434; x_wconf 69' lang='lat' dir='ltr'>sitta</span> <span class='ocrx_word' id='word_1_385' title='bbox 1637 1400 1787 1438; x_wconf 79' lang='lat' dir='ltr'>accipienda</span> 
     </span>
     <span class='ocr_line' id='line_1_86' title="bbox 1254 1431 1566 1473; baseline 0.013 -11"><span class='ocrx_word' id='word_1_386' title='bbox 1254 1431 1281 1467; x_wconf 67' lang='grc' dir='ltr'>ψ</span> <span class='ocrx_word' id='word_1_387' title='bbox 1298 1443 1313 1462; x_wconf 85' lang='grc'>2</span> <span class='ocrx_word' id='word_1_388' title='bbox 1321 1435 1400 1470; x_wconf 70' lang='lat' dir='ltr'>simu</span> <span class='ocrx_word' id='word_1_389' title='bbox 1413 1438 1566 1473; x_wconf 76' lang='lat' dir='ltr'>retipiendoe</span> 
     </span>
     <span class='ocr_line' id='line_1_87' title="bbox 1159 1473 1531 1509; baseline 0.019 -11"><span class='ocrx_word' id='word_1_390' title='bbox 1159 1481 1191 1499; x_wconf 95' lang='grc'>21</span> <span class='ocrx_word' id='word_1_391' title='bbox 1217 1473 1332 1502; x_wconf 81' lang='lat' dir='ltr'>mandat</span> <span class='ocrx_word' id='word_1_392' title='bbox 1347 1473 1374 1509; x_wconf 89' lang='lat'><em>4</em></span> <span class='ocrx_word' id='word_1_393' title='bbox 1391 1484 1401 1502; x_wconf 95' lang='grc'>1</span> <span class='ocrx_word' id='word_1_394' title='bbox 1421 1477 1531 1505; x_wconf 74' lang='lat' dir='ltr'>inundat</span> 
     </span>
     <span class='ocr_line' id='line_1_88' title="bbox 1157 1512 1518 1548; baseline 0.014 -9"><span class='ocrx_word' id='word_1_395' title='bbox 1157 1526 1197 1533; x_wconf 89' lang='lat'>—</span> <span class='ocrx_word' id='word_1_396' title='bbox 1218 1512 1315 1542; x_wconf 84' lang='lat' dir='ltr'>adulta</span> <span class='ocrx_word' id='word_1_397' title='bbox 1328 1514 1353 1548; x_wconf 69' lang='grc' dir='ltr'>ψ</span> <span class='ocrx_word' id='word_1_398' title='bbox 1372 1524 1381 1542; x_wconf 91' lang='grc' dir='ltr'>Ι</span> <span class='ocrx_word' id='word_1_399' title='bbox 1401 1516 1518 1544; x_wconf 70' lang='lat' dir='ltr'>adalta</span> 
     </span>
     <span class='ocr_line' id='line_1_89' title="bbox 1160 1552 1498 1590; baseline 0.015 -11"><span class='ocrx_word' id='word_1_400' title='bbox 1160 1561 1195 1579; x_wconf 84' lang='lat'>22</span> <span class='ocrx_word' id='word_1_401' title='bbox 1217 1552 1308 1581; x_wconf 80' lang='lat' dir='ltr'>serant</span> <span class='ocrx_word' id='word_1_402' title='bbox 1323 1554 1350 1582; x_wconf 93' lang='lat' dir='ltr'>D</span> <span class='ocrx_word' id='word_1_403' title='bbox 1368 1554 1498 1590; x_wconf 80' lang='lat' dir='ltr'>Ufcrunt</span> 
     </span>
     <span class='ocr_line' id='line_1_90' title="bbox 1157 1593 1562 1634; baseline 0.015 -16"><span class='ocrx_word' id='word_1_404' title='bbox 1157 1605 1196 1612; x_wconf 91' lang='lat'>-—</span> <span class='ocrx_word' id='word_1_405' title='bbox 1217 1593 1347 1629; x_wconf 85' lang='lat' dir='ltr'>Agamus</span> <span class='ocrx_word' id='word_1_406' title='bbox 1360 1607 1382 1629; x_wconf 78' lang='grc' dir='ltr'><em>χ</em></span> <span class='ocrx_word' id='word_1_407' title='bbox 1394 1595 1430 1622; x_wconf 89' lang='lat' dir='ltr'>A.</span> <span class='ocrx_word' id='word_1_408' title='bbox 1446 1596 1562 1634; x_wconf 75' lang='lat' dir='ltr'><em>Agamus</em></span> 
     </span>
     <span class='ocr_line' id='line_1_91' title="bbox 1155 1631 1667 1674; baseline 0.016 -17"><span class='ocrx_word' id='word_1_409' title='bbox 1155 1644 1196 1652; x_wconf 88' lang='lat'><strong>—</strong></span> <span class='ocrx_word' id='word_1_410' title='bbox 1216 1631 1274 1659; x_wconf 81' lang='lat' dir='ltr'>Dic</span> <span class='ocrx_word' id='word_1_411' title='bbox 1287 1645 1309 1668; x_wconf 74' lang='grc' dir='ltr'><em>χ</em></span> <span class='ocrx_word' id='word_1_412' title='bbox 1323 1633 1365 1660; x_wconf 85' lang='grc' dir='ltr'>Μ.</span> <span class='ocrx_word' id='word_1_413' title='bbox 1381 1634 1434 1663; x_wconf 74' lang='lat' dir='ltr'>Dic</span> <span class='ocrx_word' id='word_1_414' title='bbox 1447 1634 1475 1671; x_wconf 70' lang='grc' dir='ltr'>ψ</span> <span class='ocrx_word' id='word_1_415' title='bbox 1491 1645 1502 1663; x_wconf 85' lang='lat'>1</span> <span class='ocrx_word' id='word_1_416' title='bbox 1523 1636 1574 1664; x_wconf 79' lang='lat' dir='ltr'>Dic</span> <span class='ocrx_word' id='word_1_417' title='bbox 1584 1634 1667 1674; x_wconf 70' lang='lat' dir='ltr'><em>queso</em></span> 
     </span>
     <span class='ocr_line' id='line_1_92' title="bbox 1153 1670 1684 1713; baseline 0.015 -16"><span class='ocrx_word' id='word_1_418' title='bbox 1153 1685 1195 1692; x_wconf 92' lang='lat'>—</span> <span class='ocrx_word' id='word_1_419' title='bbox 1214 1670 1350 1708; x_wconf 79' lang='lat' dir='ltr'>disputari</span> <span class='ocrx_word' id='word_1_420' title='bbox 1367 1673 1388 1701; x_wconf 90' lang='lat' dir='ltr'>E</span> <span class='ocrx_word' id='word_1_421' title='bbox 1404 1687 1424 1706; x_wconf 71' lang='lat' dir='ltr'>a,</span> <span class='ocrx_word' id='word_1_422' title='bbox 1441 1675 1466 1708; x_wconf 78' lang='grc' dir='ltr'>ξ,</span> <span class='ocrx_word' id='word_1_423' title='bbox 1480 1675 1505 1709; x_wconf 91' lang='lat'><em>4</em></span> <span class='ocrx_word' id='word_1_424' title='bbox 1521 1685 1536 1703; x_wconf 90' lang='grc'><strong>2</strong></span> <span class='ocrx_word' id='word_1_425' title='bbox 1551 1677 1684 1713; x_wconf 57' lang='lat' dir='ltr'>disputare</span> 
     </span>
     <span class='ocr_line' id='line_1_93' title="bbox 1157 1711 1772 1757; baseline 0.018 -20"><span class='ocrx_word' id='word_1_426' title='bbox 1157 1720 1195 1746; x_wconf 86' lang='lat'>24</span> <span class='ocrx_word' id='word_1_427' title='bbox 1215 1711 1342 1739; x_wconf 78' lang='lat' dir='ltr'>existimo</span> <span class='ocrx_word' id='word_1_428' title='bbox 1356 1712 1378 1740; x_wconf 85' lang='lat' dir='ltr'><strong>E</strong></span> <span class='ocrx_word' id='word_1_429' title='bbox 1391 1714 1404 1747; x_wconf 81' lang='grc' dir='ltr'><strong>ξ</strong></span> <span class='ocrx_word' id='word_1_430' title='bbox 1415 1725 1457 1751; x_wconf 76' lang='lat' dir='ltr'>ego</span> <span class='ocrx_word' id='word_1_431' title='bbox 1471 1717 1583 1752; x_wconf 72' lang='lat' dir='ltr'><em>existimo</em></span> <span class='ocrx_word' id='word_1_432' title='bbox 1597 1714 1624 1752; x_wconf 86' lang='lat'><em>4</em></span> <span class='ocrx_word' id='word_1_433' title='bbox 1640 1726 1656 1745; x_wconf 93' lang='lat'>2</span> <span class='ocrx_word' id='word_1_434' title='bbox 1677 1720 1772 1757; x_wconf 73' lang='lat' dir='ltr'><em>estimo</em></span> 
     </span>
     <span class='ocr_line' id='line_1_94' title="bbox 1156 1750 1487 1787; baseline 0.018 -11"><span class='ocrx_word' id='word_1_435' title='bbox 1156 1759 1191 1787; x_wconf 81' lang='lat'>25</span> <span class='ocrx_word' id='word_1_436' title='bbox 1214 1750 1345 1779; x_wconf 82' lang='lat' dir='ltr'>Etiamne</span> <span class='ocrx_word' id='word_1_437' title='bbox 1359 1753 1382 1780; x_wconf 88' lang='lat' dir='ltr'>E</span> <span class='ocrx_word' id='word_1_438' title='bbox 1396 1754 1487 1782; x_wconf 55' lang='lat' dir='ltr'><em>Etiam</em></span> 
     </span>
     <span class='ocr_line' id='line_1_95' title="bbox 1158 1789 1544 1831; baseline 0.021 -16"><span class='ocrx_word' id='word_1_439' title='bbox 1158 1798 1193 1826; x_wconf 87' lang='lat'>27</span> <span class='ocrx_word' id='word_1_440' title='bbox 1217 1789 1314 1828; x_wconf 80' lang='lat' dir='ltr'>Magis</span> <span class='ocrx_word' id='word_1_441' title='bbox 1328 1804 1350 1827; x_wconf 71' lang='grc' dir='ltr'><strong><em>χ</em></strong></span> <span class='ocrx_word' id='word_1_442' title='bbox 1361 1793 1453 1831; x_wconf 81' lang='lat' dir='ltr'><em>Magis</em></span> <span class='ocrx_word' id='word_1_443' title='bbox 1466 1797 1544 1822; x_wconf 79' lang='lat' dir='ltr'><em>etiam</em></span> 
     </span>
     <span class='ocr_line' id='line_1_96' title="bbox 1159 1830 1484 1868; baseline 0.018 -12"><span class='ocrx_word' id='word_1_444' title='bbox 1159 1831 1194 1857; x_wconf 89' lang='lat'>28</span> <span class='ocrx_word' id='word_1_445' title='bbox 1216 1830 1371 1868; x_wconf 86' lang='lat' dir='ltr'><strong>quidquam</strong></span> <span class='ocrx_word' id='word_1_446' title='bbox 1387 1833 1412 1867; x_wconf 88' lang='lat'><em>4</em></span> <span class='ocrx_word' id='word_1_447' title='bbox 1428 1842 1443 1861; x_wconf 88' lang='grc'><strong>2</strong></span> <span class='ocrx_word' id='word_1_448' title='bbox 1458 1834 1484 1863; x_wconf 89' lang='lat' dir='ltr'>d.</span> 
     </span>
     <span class='ocr_line' id='line_1_97' title="bbox 1158 1869 1610 1907; baseline 0.02 -12"><span class='ocrx_word' id='word_1_449' title='bbox 1158 1877 1195 1906; x_wconf 81' lang='lat'>30</span> <span class='ocrx_word' id='word_1_450' title='bbox 1216 1869 1301 1898; x_wconf 85' lang='lat' dir='ltr'>modo</span> <span class='ocrx_word' id='word_1_451' title='bbox 1314 1880 1368 1899; x_wconf 88' lang='lat' dir='ltr'>non</span> <span class='ocrx_word' id='word_1_452' title='bbox 1382 1886 1409 1906; x_wconf 67' lang='lat' dir='ltr'>e,</span> <span class='ocrx_word' id='word_1_453' title='bbox 1425 1874 1450 1907; x_wconf 92' lang='lat'><em>4</em></span> <span class='ocrx_word' id='word_1_454' title='bbox 1468 1883 1493 1907; x_wconf 89' lang='grc'>1,</span> <span class='ocrx_word' id='word_1_455' title='bbox 1512 1884 1525 1903; x_wconf 88' lang='grc'><strong>2</strong></span> <span class='ocrx_word' id='word_1_456' title='bbox 1542 1876 1610 1903; x_wconf 78' lang='lat' dir='ltr'><em>modo</em></span> 
     </span>
     <span class='ocr_line' id='line_1_98' title="bbox 1153 1910 1781 1951; baseline 0.019 -16"><span class='ocrx_word' id='word_1_457' title='bbox 1153 1923 1194 1930; x_wconf 97' lang='lat'><strong>—</strong></span> <span class='ocrx_word' id='word_1_458' title='bbox 1214 1918 1269 1937; x_wconf 84' lang='lat' dir='ltr'>non</span> <span class='ocrx_word' id='word_1_459' title='bbox 1285 1910 1461 1948; x_wconf 66' lang='lat' dir='ltr'>recusandus,</span> <span class='ocrx_word' id='word_1_460' title='bbox 1481 1914 1527 1943; x_wconf 89' lang='lat' dir='ltr'>sed</span> <span class='ocrx_word' id='word_1_461' title='bbox 1541 1924 1598 1943; x_wconf 85' lang='lat' dir='ltr'>non</span> <span class='ocrx_word' id='word_1_462' title='bbox 1612 1915 1636 1944; x_wconf 91' lang='lat' dir='ltr'><strong>E</strong></span> <span class='ocrx_word' id='word_1_463' title='bbox 1648 1929 1668 1950; x_wconf 81' lang='grc' dir='ltr'>ι,</span> <span class='ocrx_word' id='word_1_464' title='bbox 1682 1917 1698 1951; x_wconf 79' lang='grc' dir='ltr'><strong><em>ξ</em></strong></span> <span class='ocrx_word' id='word_1_465' title='bbox 1711 1929 1781 1948; x_wconf 80' lang='lat' dir='ltr'><em>recu-</em></span> 
     </span>
     <span class='ocr_line' id='line_1_99' title="bbox 1255 1949 1433 1989; baseline 0.022 -12"><span class='ocrx_word' id='word_1_466' title='bbox 1255 1949 1364 1985; x_wconf 80' lang='lat' dir='ltr'>sandus,</span> <span class='ocrx_word' id='word_1_467' title='bbox 1378 1954 1433 1989; x_wconf 80' lang='lat' dir='ltr'>sed</span> 
     </span>
     <span class='ocr_line' id='line_1_100' title="bbox 1154 1992 1652 2031; baseline 0.018 -16"><span class='ocrx_word' id='word_1_468' title='bbox 1154 2003 1194 2010; x_wconf 92' lang='lat'>-</span> <span class='ocrx_word' id='word_1_469' title='bbox 1214 1992 1388 2026; x_wconf 80' lang='lat' dir='ltr'>appetendus</span> <span class='ocrx_word' id='word_1_470' title='bbox 1402 1992 1430 2021; x_wconf 96' lang='lat' dir='ltr'>D</span> <span class='ocrx_word' id='word_1_471' title='bbox 1446 2002 1491 2021; x_wconf 80' lang='lat' dir='ltr'>non</span> <span class='ocrx_word' id='word_1_472' title='bbox 1503 1996 1652 2031; x_wconf 72' lang='lat' dir='ltr'>appetendus</span> 
     </span>
     <span class='ocr_line' id='line_1_101' title="bbox 1156 2029 1610 2070; baseline 0.018 -15"><span class='ocrx_word' id='word_1_473' title='bbox 1156 2038 1188 2065; x_wconf 85' lang='lat'>3¹</span> <span class='ocrx_word' id='word_1_474' title='bbox 1214 2029 1398 2067; x_wconf 82' lang='lat' dir='ltr'>excipiendus</span> <span class='ocrx_word' id='word_1_475' title='bbox 1414 2032 1436 2060; x_wconf 88' lang='grc' dir='ltr'>Ε</span> <span class='ocrx_word' id='word_1_476' title='bbox 1450 2036 1610 2070; x_wconf 68' lang='lat' dir='ltr'>accipienda:</span> 
     </span>
     <span class='ocr_line' id='line_1_102' title="bbox 1157 2069 1753 2114; baseline 0.018 -19"><span class='ocrx_word' id='word_1_477' title='bbox 1157 2078 1191 2105; x_wconf 84' lang='lat'>3²</span> <span class='ocrx_word' id='word_1_478' title='bbox 1216 2069 1310 2107; x_wconf 83' lang='lat' dir='ltr'>Qare</span> <span class='ocrx_word' id='word_1_479' title='bbox 1325 2070 1353 2099; x_wconf 95' lang='lat' dir='ltr'>D</span> <span class='ocrx_word' id='word_1_480' title='bbox 1363 2085 1384 2107; x_wconf 78' lang='grc' dir='ltr'><strong><em>χ</em></strong></span> <span class='ocrx_word' id='word_1_481' title='bbox 1398 2073 1474 2101; x_wconf 80' lang='lat' dir='ltr'><em>Mar.</em></span> <span class='ocrx_word' id='word_1_482' title='bbox 1486 2073 1577 2109; x_wconf 50' lang='lat' dir='ltr'><em>:Quare</em></span> <span class='ocrx_word' id='word_1_483' title='bbox 1591 2088 1598 2101; x_wconf 77' lang='grc' dir='ltr'><strong><em>ι</em></strong></span> <span class='ocrx_word' id='word_1_484' title='bbox 1613 2073 1649 2105; x_wconf 80' lang='lat' dir='ltr'>T.</span> <span class='ocrx_word' id='word_1_485' title='bbox 1661 2076 1753 2114; x_wconf 72' lang='lat' dir='ltr'>Qare</span> 
     </span>
     <span class='ocr_line' id='line_1_103' title="bbox 1154 2109 1484 2147; baseline 0.021 -13"><span class='ocrx_word' id='word_1_486' title='bbox 1154 2123 1194 2130; x_wconf 92' lang='lat'>-—-</span> <span class='ocrx_word' id='word_1_487' title='bbox 1215 2109 1484 2147; x_wconf 54' lang='lat' dir='ltr'>neDnonzAnte</span> 
     </span>
     <span class='ocr_line' id='line_1_104' title="bbox 1154 2147 1385 2185; baseline 0.022 -11"><span class='ocrx_word' id='word_1_488' title='bbox 1154 2162 1194 2170; x_wconf 90' lang='lat'>-—</span> <span class='ocrx_word' id='word_1_489' title='bbox 1214 2147 1277 2177; x_wconf 81' lang='lat' dir='ltr'>sane</span> <span class='ocrx_word' id='word_1_490' title='bbox 1291 2150 1313 2178; x_wconf 84' lang='lat' dir='ltr'>E</span> <span class='ocrx_word' id='word_1_491' title='bbox 1331 2151 1346 2185; x_wconf 81' lang='grc' dir='ltr'><strong>ξ</strong></span> <span class='ocrx_word' id='word_1_492' title='bbox 1360 2154 1385 2179; x_wconf 70' lang='lat' dir='ltr'>A.</span> 
     </span>
     <span class='ocr_line' id='line_1_105' title="bbox 1153 2189 1779 2226; baseline 0.018 -11"><span class='ocrx_word' id='word_1_493' title='bbox 1153 2203 1194 2210; x_wconf 96' lang='lat'>—</span> <span class='ocrx_word' id='word_1_494' title='bbox 1212 2189 1317 2218; x_wconf 83' lang='lat' dir='ltr'>malum</span> <span class='ocrx_word' id='word_1_495' title='bbox 1333 2191 1445 2220; x_wconf 84' lang='lat' dir='ltr'>certeD</span> <span class='ocrx_word' id='word_1_496' title='bbox 1459 2194 1528 2223; x_wconf 82' lang='lat' dir='ltr'>Ani.</span> <span class='ocrx_word' id='word_1_497' title='bbox 1540 2194 1633 2223; x_wconf 76' lang='lat' dir='ltr'><em>malum</em></span> <span class='ocrx_word' id='word_1_498' title='bbox 1646 2204 1711 2225; x_wconf 79' lang='lat' dir='ltr'><em>certe</em></span> <span class='ocrx_word' id='word_1_499' title='bbox 1723 2210 1731 2225; x_wconf 80' lang='grc' dir='ltr'><strong><em>ι</em></strong></span> <span class='ocrx_word' id='word_1_500' title='bbox 1744 2196 1779 2226; x_wconf 85' lang='grc' dir='ltr'>Β.</span> 
     </span>
     <span class='ocr_line' id='line_1_106' title="bbox 1256 2229 1448 2260; baseline 0.01 -3"><span class='ocrx_word' id='word_1_501' title='bbox 1256 2229 1360 2258; x_wconf 80' lang='lat' dir='ltr'><em>Malum</em></span> <span class='ocrx_word' id='word_1_502' title='bbox 1383 2238 1448 2260; x_wconf 80' lang='lat' dir='ltr'><em>certe</em></span> 
     </span>
     <span class='ocr_line' id='line_1_107' title="bbox 1155 2269 1571 2309; baseline 0.012 -13"><span class='ocrx_word' id='word_1_503' title='bbox 1155 2278 1191 2307; x_wconf 84' lang='lat'>35</span> <span class='ocrx_word' id='word_1_504' title='bbox 1213 2269 1345 2307; x_wconf 81' lang='lat' dir='ltr'>equidem</span> <span class='ocrx_word' id='word_1_505' title='bbox 1361 2272 1386 2304; x_wconf 69' lang='grc' dir='ltr'>ψ</span> <span class='ocrx_word' id='word_1_506' title='bbox 1404 2281 1418 2299; x_wconf 87' lang='grc'><strong>2</strong></span> <span class='ocrx_word' id='word_1_507' title='bbox 1433 2273 1464 2299; x_wconf 86' lang='lat' dir='ltr'>id</span> <span class='ocrx_word' id='word_1_508' title='bbox 1474 2273 1571 2309; x_wconf 76' lang='lat' dir='ltr'><em>quidem</em></span> 
     </span>
    </p>
   </div>
   <div class='ocr_carea' id='block_1_10' title="bbox 1320 852 1398 859">
    <p class='ocr_par' dir='ltr' id='par_1_10' title="bbox 1320 852 1398 859">
     <span class='ocr_line' id='line_1_108' title="bbox 1320 852 1398 859; baseline 0 2124"><span class='ocrx_word' id='word_1_509' title='bbox 1320 852 1398 859; x_wconf 95' lang='lat' dir='ltr'> </span> 
     </span>
    </p>
   </div>
   <div class='ocr_carea' id='block_1_11' title="bbox 1075 2308 1405 2347">
    <p class='ocr_par' dir='ltr' id='par_1_11' title="bbox 1075 2308 1405 2347">
     <span class='ocr_line' id='line_1_109' title="bbox 1075 2308 1405 2347; baseline 0 -8"><span class='ocrx_word' id='word_1_510' title='bbox 1075 2310 1127 2339; x_wconf 84' lang='lat'>281</span> <span class='ocrx_word' id='word_1_511' title='bbox 1175 2318 1190 2336; x_wconf 88' lang='lat'>2</span> <span class='ocrx_word' id='word_1_512' title='bbox 1214 2308 1351 2347; x_wconf 71' lang='lat' dir='ltr'>UtxM.</span> <span class='ocrx_word' id='word_1_513' title='bbox 1370 2311 1405 2339; x_wconf 80' lang='lat' dir='ltr'>Ut</span> 
     </span>
    </p>
   </div>
   <div class='ocr_carea' id='block_1_12' title="bbox 1151 2349 1608 2544">
    <p class='ocr_par' dir='ltr' id='par_1_12' title="bbox 1151 2349 1608 2544">
     <span class='ocr_line' id='line_1_110' title="bbox 1151 2349 1393 2385; baseline 0.004 -9"><span class='ocrx_word' id='word_1_514' title='bbox 1151 2363 1194 2371; x_wconf 89' lang='lat'>·—·</span> <span class='ocrx_word' id='word_1_515' title='bbox 1213 2349 1287 2377; x_wconf 83' lang='lat' dir='ltr'>enim</span> <span class='ocrx_word' id='word_1_516' title='bbox 1305 2351 1326 2378; x_wconf 88' lang='lat' dir='ltr'>E</span> <span class='ocrx_word' id='word_1_517' title='bbox 1342 2352 1356 2385; x_wconf 80' lang='grc' dir='ltr'>ξ</span> <span class='ocrx_word' id='word_1_518' title='bbox 1370 2352 1393 2377; x_wconf 81' lang='lat' dir='ltr'>d.</span> 
     </span>
     <span class='ocr_line' id='line_1_111' title="bbox 1151 2391 1608 2430; baseline 0.011 -14"><span class='ocrx_word' id='word_1_519' title='bbox 1151 2403 1193 2411; x_wconf 94' lang='lat'><strong>—</strong></span> <span class='ocrx_word' id='word_1_520' title='bbox 1215 2399 1259 2417; x_wconf 74' lang='lat' dir='ltr'>me</span> <span class='ocrx_word' id='word_1_521' title='bbox 1272 2399 1385 2428; x_wconf 79' lang='lat' dir='ltr'>cunque</span> <span class='ocrx_word' id='word_1_522' title='bbox 1399 2391 1424 2425; x_wconf 90' lang='lat'><em>4</em></span> <span class='ocrx_word' id='word_1_523' title='bbox 1441 2400 1455 2419; x_wconf 87' lang='grc'><strong>2</strong></span> <span class='ocrx_word' id='word_1_524' title='bbox 1470 2402 1608 2430; x_wconf 73' lang='lat' dir='ltr'><em>mecumque</em></span> 
     </span>
     <span class='ocr_line' id='line_1_112' title="bbox 1172 2429 1483 2465; baseline 0.013 -9"><span class='ocrx_word' id='word_1_525' title='bbox 1172 2437 1189 2465; x_wconf 91' lang='lat'><strong><em>7</em></strong></span> <span class='ocrx_word' id='word_1_526' title='bbox 1213 2429 1323 2458; x_wconf 85' lang='lat' dir='ltr'>Deinde</span> <span class='ocrx_word' id='word_1_527' title='bbox 1340 2431 1367 2458; x_wconf 94' lang='lat' dir='ltr'>D</span> <span class='ocrx_word' id='word_1_528' title='bbox 1386 2431 1483 2460; x_wconf 80' lang='lat' dir='ltr'>Dehinc</span> 
     </span>
     <span class='ocr_line' id='line_1_113' title="bbox 1171 2469 1601 2509; baseline 0.009 -13"><span class='ocrx_word' id='word_1_529' title='bbox 1171 2477 1191 2505; x_wconf 86' lang='lat'>9</span> <span class='ocrx_word' id='word_1_530' title='bbox 1212 2469 1402 2506; x_wconf 72' lang='lat' dir='ltr'>Htcronymus</span> <span class='ocrx_word' id='word_1_531' title='bbox 1419 2471 1444 2500; x_wconf 90' lang='lat' dir='ltr'>D</span> <span class='ocrx_word' id='word_1_532' title='bbox 1460 2471 1601 2509; x_wconf 64' lang='lat' dir='ltr'>Ierotqmus</span> 
     </span>
     <span class='ocr_line' id='line_1_114' title="bbox 1151 2508 1418 2544; baseline 0.015 -8"><span class='ocrx_word' id='word_1_533' title='bbox 1151 2522 1190 2531; x_wconf 92' lang='lat'>—</span> <span class='ocrx_word' id='word_1_534' title='bbox 1210 2508 1307 2539; x_wconf 82' lang='lat' dir='ltr'>dolore</span> <span class='ocrx_word' id='word_1_535' title='bbox 1318 2510 1343 2544; x_wconf 89' lang='lat'><em>4</em></span> <span class='ocrx_word' id='word_1_536' title='bbox 1359 2520 1375 2539; x_wconf 89' lang='lat'>2</span> <span class='ocrx_word' id='word_1_537' title='bbox 1390 2511 1418 2541; x_wconf 85' lang='lat' dir='ltr'>d.</span> 
     </span>
    </p>
   </div>
  </div>
 </body>
</html>
