2330 2983
593 301 641 354 36
917 299 981 337 M.
1039 295 1675 337 T.C1cERONIS

591 391 722 430 omnia
742 390 958 429 reddiderit.
982 390 1140 429 Sublato
1160 390 1265 428 enim
1280 389 1430 442 judicio
1450 388 1534 434 illo,
1551 402 1630 442 quo
1649 395 1799 441 oportet
1818 387 1992 441 agnosci,

591 458 706 495 etiam
726 457 752 495 fi
774 456 850 509 ipse
869 457 954 501 erit,
987 470 1105 509 quem
1135 456 1287 501 videris,
1322 457 1390 508 qui
1425 455 1496 494 tibi
1516 454 1721 499 videbitur,
1760 463 1888 492 tamen
1908 467 1988 493 non

590 536 633 560 ea
651 532 741 560 nota
754 522 959 574 judicabiS,
981 536 1057 574 qua
1076 521 1172 560 dicis
1193 530 1379 574 oportere,
1412 530 1455 559 ut
1475 535 1551 559 non
1572 519 1684 574 poffit
1702 519 1774 558 effe
1792 519 1985 571 ejusdem-

591 588 697 626 modi
711 587 813 625 falsa.
837 587 1003 640 Qando
1018 587 1138 639 igitur
1152 586 1273 639 potest
1286 587 1359 624 tibi
1373 587 1417 625 P.
1433 586 1642 630 Geminus,
1659 585 1832 636 Qintus
1845 584 1986 629 videri;

592 653 687 705 quid
707 651 822 691 habes
843 652 1042 705 explorati,
1073 665 1142 690 cur
1162 665 1238 690 non
1259 651 1370 704 poffit
1400 651 1472 689 tibi
1495 651 1612 689 Cotta
1640 650 1774 694 videri,
1810 650 1878 703 qui
1907 662 1987 688 non

592 719 652 763 fit,
671 719 856 770 quoniam
876 717 1022 770 aliquid
1041 717 1191 755 videtur
1210 716 1294 761 effe,
1316 717 1421 768 quod
1441 729 1518 754 non
1538 716 1618 754 est?

649 785 794 822 Omnia
823 784 918 821 dicis
950 784 1006 821 sui
1025 784 1173 835 generis
1193 783 1291 827 efi‘e;
1323 782 1422 820 nihil
1442 783 1512 820 esse
1532 783 1650 826 idem,
1678 781 1782 834 quod
1803 781 1846 819 fit
1866 780 1985 820 aliud.

593 850 766 888 Stoicum
787 848 826 886 id
845 848 897 886 est
912 848 1164 900 quidem,nec
1176 847 1386 886 admodum
1403 847 1628 885 incredibile
1635 865 1646 891 ς
1670 847 1824 884 nullum
1835 845 1906 884 effe
1922 847 1985 900 pi-

591 915 675 952 lum
696 914 878 952 omnibus
898 913 1008 952 rebus
1030 914 1160 958 talem,
1178 913 1301 966 qualis
1317 913 1361 951 fit
1381 913 1483 966 pilus
1503 912 1614 957 alius,
1631 912 1786 950 nullum
1805 925 1986 965 granum.

592 981 690 1019 H-aec
710 979 832 1018 refelli
849 979 1000 1033 poss‘unt
1015 997 1028 1025 ς
1049 979 1111 1018 fied
1126 992 1294 1033 pugnare
1314 978 1417 1017 nolo.
1440 978 1504 1017 Ad
1525 977 1563 1016 id
1582 978 1701 1023 enim,
1719 977 1822 1030 quod
1843 978 1984 1031 agitur,

592 1045 691 1085 nihil
712 1045 877 1092 interest,
899 1045 1128 1085 omnibusne
1153 1046 1324 1099 partibus
1350 1045 1426 1083 visa
1446 1058 1502 1083 res
1522 1043 1622 1083 nihil
1648 1043 1812 1089 differat,
1842 1057 1889 1082 an
1920 1045 1984 1083 in·-

589 1112 750 1150 ternosci
771 1126 847 1150 non
865 1111 989 1165 possm
1010 1112 1126 1150 etiam
1146 1112 1172 1150 fi
1192 1110 1354 1149 differat.
1389 1111 1474 1155 Sed,
1494 1111 1519 1148 fi
1535 1109 1744 1148 hominum
1771 1110 1993 1148 similitudo

589 1186 696 1216 tanta
714 1177 785 1216 effe
803 1192 880 1216 non
901 1178 1036 1230 potest,
1067 1191 1114 1216 ne
1134 1177 1326 1230 fignorum
1346 1177 1532 1229 quidem?
1564 1176 1641 1214 Dic
1659 1174 1772 1220 mihi,
1794 1175 1984 1228 Lysippus

589 1243 725 1282 eodem
743 1257 826 1289 aere,
850 1243 980 1281 eadem
1002 1243 1289 1296 temperatione,
1310 1243 1445 1281 eodem
1468 1242 1582 1287 coelo,
1606 1255 1716 1294 aqua,
1730 1241 1873 1280 caeteris
1893 1254 1983 1279 om-

589 1309 718 1353 nibus,
744 1318 902 1346 centum
922 1308 1158 1346 Alexandros
1178 1308 1454 1361 ejusdemmodi
1479 1307 1602 1345 facere
1630 1321 1706 1345 non
1728 1305 1875 1359 posset?
1907 1320 1984 1359 qua

587 1374 707 1426 igitur
727 1374 883 1412 notione
902 1372 1126 1411 discerneres
1143 1374 1156 1410 ?
1187 1373 1296 1425 Qid
1322 1373 1347 1410 fi
1377 1373 1417 1410 in
1437 1373 1624 1425 ejusmodi
1644 1385 1727 1410 cera
1743 1381 1903 1410 centum
1932 1372 1992 1410 fi-

586 1440 680 1492 gilla
711 1439 786 1478 hoc
819 1439 962 1477 annulo
994 1439 1240 1491 impreffero?
1271 1453 1392 1491 ecqua
1421 1439 1560 1491 poterit
1590 1439 1630 1476 in
1650 1437 1887 1491 agnoscendo
1911 1437 1983 1477 effe

586 1505 808 1544 distinctio?
839 1518 885 1543 an
920 1504 991 1542 tibi
1024 1505 1108 1545 erit,
1124 1504 1347 1556 quaerendus
1368 1504 1585 1542 annularius
1605 1504 1758 1556 aliquis,
1795 1504 1982 1556 quoniam

584 1571 830 1624 gallinarium
848 1570 1036 1615 invenisti,
1060 1570 1265 1615 Deliacum
1285 1570 1414 1615 illum,
1437 1570 1505 1622 qui
1523 1584 1594 1608 ova
1612 1569 1854 1622 cognosceret
1872 1571 1886 1607 ?

642 1637 813 1675 XXVII.
846 1636 916 1675 Sed
937 1635 1092 1674 adhibes
1113 1645 1232 1674 artem
1252 1637 1473 1674 advocatam
1498 1636 1615 1674 etiam
1636 1635 1816 1674 senfibus.
1852 1635 1981 1674 Pistor

585 1703 701 1748 videt,
723 1716 807 1756 quae
827 1716 894 1741 nos
916 1716 992 1740 non
1017 1702 1192 1741 videmus
1205 1721 1221 1747 ,-⁷
1252 1712 1303 1747 et,
1326 1702 1438 1740 simul
1459 1701 1605 1739 inflavit
1625 1701 1782 1746 tibicen,
1809 1714 1830 1739 a
1858 1702 1980 1754 perito

584 1782 737 1807 carmen
757 1767 985 1821 agnoscitur.
1018 1767 1125 1819 Qid
1144 1769 1156 1804 ?
1181 1767 1256 1806 hoc
1280 1781 1406 1806 nonne
1421 1767 1569 1805 videtur
1588 1776 1721 1805 contra
1738 1777 1777 1805 te
1794 1767 1929 1812 valere,
1951 1765 1979 1804 fi

584 1834 660 1872 fine
680 1835 829 1887 magnis
849 1833 1034 1878 artificiis,
1051 1833 1097 1871 ad
1117 1847 1201 1885 quae
1220 1834 1332 1887 pauci
1352 1833 1535 1872 accedunt
1551 1833 1665 1871 nostri
1685 1833 1844 1885 quidem
1860 1846 1978 1886 gene·

579 1900 628 1938 ris
648 1900 872 1945 admodum,
908 1912 977 1937 nec
1004 1899 1144 1944 videre,
1176 1913 1246 1938 nec
1265 1899 1393 1938 audire
1414 1899 1610 1952 poffumus
1633 1899 1646 1936 ?
1684 1900 1773 1950 Jam
1793 1899 1859 1937 illa
1879 1913 1978 1952 prae-

580 1965 693 2010 clara,
714 1975 858 2017 quanto
877 1964 1038 2002 artificio
1063 1964 1151 2003 effet
1175 1965 1298 2003 sensus
1327 1965 1483 2009 nostros,
1513 1973 1776 2016 mentemque,
1797 1973 1836 2002 et
1855 1974 1978 2003 totam

580 2031 900 2069 constructionem
922 2029 1091 2069 hominis
1126 2029 1306 2069 fabricata
1340 2040 1494 2075 naturzu
1524 2044 1594 2068 cur
1627 2043 1702 2068 non
1729 2030 1976 2069 extimescam

580 2097 763 2149 opinandi
797 2096 1082 2134 temeritatem?
1114 2097 1294 2135 Etiamne
1324 2095 1399 2134 hoc
1430 2097 1614 2134 affirmare
1641 2105 1762 2148 potes,
1787 2096 1974 2141 Luculle,

580 2162 652 2201 esse
671 2163 839 2215 aliquam
861 2163 954 2206 vim,
985 2176 1076 2200 cum
1097 2162 1297 2215 prudentia
1322 2172 1358 2200 et
1379 2162 1537 2200 consilio
1559 2162 1714 2206 scilicet,
1745 2176 1829 2214 qum
1851 2162 1974 2201 finxe-

582 2229 644 2273 rit,
672 2228 745 2271 vel,
768 2237 810 2266 ut
831 2238 898 2266 tuo
931 2228 1047 2266 verbo
1068 2238 1163 2272 utar,
1195 2242 1279 2281 qua·
1300 2227 1479 2266 fabricata
1500 2228 1542 2266 sit
1572 2227 1801 2265 hominem?
1834 2229 1972 2280 Qalis

580 2293 646 2332 ista
666 2292 808 2332 fabrica
823 2294 898 2332 est?
922 2294 987 2331 ubi
1004 2293 1195 2332 adhibita?
1219 2295 1371 2347 quando
1387 2295 1398 2331 ἒ
1421 2295 1511 2331 cur?
1533 2308 1611 2346 quo
1628 2294 1766 2332 modo?
1784 2295 1974 2332 Tractan-

580 2369 643 2397 ωι-
664 2360 728 2397 ista
749 2359 964 2413 ingeniose;
995 2359 1235 2413 disputantur
1254 2361 1370 2398 etiam
1386 2361 1587 2413 eleganter.
1622 2361 1800 2412 Denique
1817 2361 1973 2399 videan-

580 2434 642 2464 tur
662 2425 758 2470 sane,
781 2439 827 2463 ne
847 2426 1084 2464 affirmentur
1104 2426 1233 2464 modo.
1276 2426 1345 2464 Sed
1371 2427 1417 2464 dc
1437 2425 1599 2478 physicis
1622 2440 1727 2469 mox,
1755 2436 1792 2464 ct
1813 2426 1972 2479 quidem

579 2492 630 2529 ob
651 2505 733 2529 cam
755 2492 918 2537 causam,
941 2506 986 2530 ne
1007 2502 1063 2537 tu,
1084 2493 1150 2545 qui
1174 2492 1276 2530 idem
1298 2506 1359 2530 mc
1376 2491 1565 2531 facturum
1585 2492 1698 2546 paulo
1710 2502 1796 2530 ante
1815 2492 1972 2537 dixeris,

580 2557 725 2594 videare
748 2559 946 2596 mentitus.
996 2558 1067 2596 Sed
1089 2569 1130 2597 ut
1151 2558 1195 2596 ad
1221 2573 1276 2603 ea,
1304 2573 1389 2610 qum
1409 2559 1564 2596 clariora
1584 2559 1682 2603 sum,
1704 2559 1878 2601 veniam;
1914 2571 1969 2596 res

573 2623 654 2674 jam
676 2623 862 2662 universas
883 2623 1126 2676 profundam,
1156 2624 1204 2663 dc
1224 2624 1365 2678 quibus
1387 2625 1583 2664 volumina
1603 2624 1761 2677 impleta
1781 2622 1866 2662 sunt
1892 2636 1972 2662 nou
