2330 2983
578 250 659 299 460
835 248 928 287 DE
986 247 1313 287 NATURA
1370 246 1710 286 DEORUM

578 354 616 383 et
635 358 745 398 vagas
765 345 901 390 stellas,
931 354 968 383 et
987 345 1208 390 inerrantes,
1237 353 1276 383 et
1301 344 1454 389 caelum,
1489 353 1528 382 et
1547 344 1739 383 mundum
1758 344 1899 397 ipsum,
1929 353 1967 384 et

577 424 707 449 earum
731 423 858 449 rerum
883 411 980 457 vim,
1010 425 1095 463 quae
1125 411 1282 450 ineffent
1312 411 1352 449 in
1382 411 1492 449 omni
1522 411 1671 449 mundo
1703 423 1796 448 cum
1826 423 1969 462 magno

579 474 646 512 usu
666 485 703 513 et
720 475 997 514 commoditate
1015 476 1164 528 generis
1183 475 1343 514 humani
1359 494 1371 520 ς
1393 476 1572 521 efficitur,
1593 475 1724 514 omnia
1743 475 1821 526 regi
1840 474 1969 513 divina

579 549 708 578 mente
728 550 842 594 atque
862 541 1111 594 providentia.
1138 543 1197 580 Ac
1217 542 1262 580 de
1281 541 1406 594 prima
1421 542 1580 594 quidem
1595 549 1701 594 parte
1719 540 1804 579 satis
1819 540 1969 578 dietum

578 605 644 644 est.

633 672 806 712 XXXII.
840 673 1033 725 Sequitur,
1075 683 1117 712 ut
1147 675 1319 719 doceam,
1354 675 1486 713 omnia
1514 673 1680 726 subjecta
1711 672 1783 711 effe
1811 680 1968 716 naturae,

578 749 696 789 eaque
716 738 762 775 ab
783 751 825 775 ea
846 737 1102 790 pulcherrime
1123 739 1215 790 regi.
1239 739 1310 777 Sed
1330 739 1425 790 quid
1444 739 1489 776 fit
1508 738 1586 790 ipsa
1604 746 1749 782 natura,
1771 736 1969 789 explican-

578 801 674 840 dum
693 802 745 840 est
764 812 850 841 ante
870 803 1047 848 breviter,
1068 816 1146 855 quo
1165 802 1317 841 facilius
1337 803 1390 848 id,
1412 804 1518 855 quod
1537 803 1671 841 docere
1690 802 1885 846 volumus,
1905 801 1969 838 in-

577 866 701 919 telligi
732 867 856 920 poffit.
899 868 1083 920 Namque
1112 867 1177 905 alii
1207 877 1381 906 naturam
1400 867 1552 906 censent
1576 867 1648 905 effe
1676 867 1758 905 vim
1777 865 1971 918 quandam

574 931 654 970 fine
673 933 830 978 ratione,
846 933 1014 971 cientem
1035 942 1164 972 motus
1185 933 1225 971 in
1240 933 1462 986 corporibus
1480 931 1723 971 neceffarios:
1745 931 1811 969 alii
1825 939 1970 976 autem,

576 997 658 1035 vim
687 998 915 1052 participem
945 999 1116 1044 rationis,
1151 1008 1264 1052 atque
1283 999 1427 1038 ordinis
1443 1016 1456 1045 3
1488 1008 1672 1051 tanquam
1691 998 1752 1036 via
1770 996 1971 1050 progredi-

576 1071 722 1108 entem,
752 1063 1098 1116 declarantemque,
1129 1065 1224 1116 quid
1254 1064 1439 1116 cujusque
1469 1064 1522 1102 rei
1555 1063 1663 1102 causa
1686 1063 1841 1107 efficiat,
1875 1061 1972 1114 quid

578 1128 755 1180 sequatur
770 1147 781 1173 ς
812 1131 922 1181 cujus
942 1129 1133 1168 solertiam
1164 1130 1270 1167 nulla
1289 1143 1360 1174 ars,
1391 1130 1497 1167 nulla
1522 1143 1672 1174 manus,
1704 1140 1820 1166 nemo
1838 1125 1971 1180 opifex

578 1193 757 1246 consequi
787 1194 898 1247 posfit
927 1194 1130 1232 imitando.
1173 1194 1336 1232 Seminis
1355 1194 1460 1232 enim
1480 1195 1561 1232 vim
1580 1193 1650 1232 effe
1676 1203 1835 1238 tantam,
1867 1202 1910 1230 ut
1930 1192 1971 1230 id

574 1272 795 1310 quanquam
826 1259 871 1297 fit
899 1260 1168 1311 perexiguum,
1199 1268 1327 1297 tamen
1358 1259 1384 1297 fi
1411 1259 1588 1298 inciderit
1616 1259 1658 1297 in
1684 1259 1972 1311 concipientem

578 1322 1045 1376 comprehendentemque
1081 1333 1271 1368 naturam,
1311 1325 1546 1376 metumque
1576 1323 1623 1362 fit
1651 1323 1864 1368 materiam,
1895 1336 1972 1376 qua

578 1387 628 1426 ali
647 1388 853 1440 augerique
872 1387 998 1441 poffit,
1030 1388 1084 1425 ita
1103 1387 1223 1440 fingat
1241 1397 1279 1426 et
1297 1388 1438 1426 efficiat
1468 1388 1507 1426 in
1528 1387 1595 1426 suo
1624 1387 1796 1439 quidque
1820 1400 1970 1439 genere,

578 1454 719 1507 partim
739 1463 782 1492 ut
812 1453 1084 1492 tantummodo
1102 1467 1169 1506 per
1200 1453 1330 1506 stirpes
1361 1454 1508 1492 alantur
1527 1453 1622 1498 suas,
1653 1453 1795 1506 partim
1819 1461 1863 1491 ut
1880 1465 1972 1491 mo-

578 1520 656 1557 veri
676 1520 806 1565 etiam,
837 1529 875 1559 et
906 1519 1056 1565 sentire,
1085 1528 1122 1557 et
1153 1529 1327 1573 appetere
1345 1518 1498 1573 poflint,
1529 1528 1567 1558 et
1597 1531 1644 1558 ex
1670 1518 1741 1557 sese
1760 1517 1898 1557 fimilia
1915 1517 1971 1557 sui

578 1586 747 1638 gignere.

634 1654 730 1690 Sunt
749 1661 877 1690 autem
898 1653 966 1705 qui
985 1652 1116 1691 omnia
1136 1660 1276 1691 naturae
1297 1653 1454 1691 nomine
1473 1653 1680 1706 appellent,
1702 1662 1745 1690 ut
1764 1652 1970 1705 Epicurus,

579 1718 647 1768 qui
682 1717 733 1754 ita
765 1717 917 1761 dividit,
946 1717 1152 1761 omniurn,
1188 1731 1272 1769 quae
1306 1717 1392 1762 fint,
1427 1727 1600 1756 naturam
1630 1717 1703 1755 effe
1731 1730 1902 1769 corpora,
1932 1726 1971 1753 et

580 1783 704 1827 inane,
734 1794 897 1833 quaeque
928 1779 988 1819 his
1011 1781 1198 1820 accidant.
1245 1783 1316 1820 Sed
1337 1796 1404 1821 nos
1424 1797 1515 1821 cum
1536 1783 1702 1822 dicimus
1722 1783 1855 1821 natura
1874 1795 1969 1819 con-

578 1848 683 1892 stare,
705 1846 1034 1899 administrarique
1053 1846 1260 1892 mundum,
1287 1861 1364 1885 non
1384 1848 1436 1886 ita
1455 1848 1634 1892 dicimus,
1657 1857 1699 1885 ut
1718 1847 1885 1900 glebam,
1906 1856 1971 1885 aut

579 1913 842 1966 fragmentum
863 1911 1016 1964 lapidis,
1050 1921 1114 1950 aut
1144 1912 1291 1964 aliquid
1309 1913 1512 1965 ejusmodi,
1542 1913 1649 1951 nulla
1667 1911 1883 1950 cohaerendi
1903 1925 1972 1949 na-

580 1978 677 2022 tura,
708 1977 769 2014 sed
790 1986 832 2014 ut
851 1976 1039 2020 arborem,
1067 1985 1110 2013 ut
1129 1977 1284 2021 animal,
1316 1978 1356 2015 in
1377 1978 1518 2030 quibus
1549 1977 1654 2016 nulla
1673 1977 1878 2020 temeritas,
1909 1975 1971 2014 scd

579 2043 672 2080 ordo
691 2050 857 2095 apparet,
879 2049 917 2078 et
936 2041 1025 2078 artis
1046 2041 1220 2093 quaedam
1240 2041 1465 2080 similitudo.

635 2107 829 2146 XXXIII.
862 2106 979 2158 Qod
1000 2107 1025 2144 sl
1045 2119 1100 2150 ea,
1132 2120 1216 2158 quae
1236 2120 1257 2144 a
1282 2116 1377 2145 terra
1396 2107 1574 2160 stirpibus
1604 2106 1862 2150 continentur,
1893 2115 1971 2144 arte

581 2182 721 2210 naturae
741 2172 874 2209 vivunt
895 2181 932 2208 et
953 2171 1110 2223 vigent,
1142 2170 1312 2224 profecto
1332 2172 1410 2225 ipsa
1430 2181 1525 2210 terra
1542 2171 1675 2210 eadem
1696 2171 1732 2209 vi
1753 2171 1972 2209 continetur

579 2248 616 2276 et
635 2247 711 2276 arte
732 2248 886 2281 naturae,
918 2238 1060 2289 quippe
1081 2251 1165 2289 quae
1191 2237 1382 2290 gravidata
1409 2237 1616 2276 seminibus
1637 2237 1767 2275 omnia
1786 2237 1905 2289 pariat
1933 2246 1971 2275 et

581 2303 716 2342 fundat
747 2317 792 2342 ex
813 2303 899 2348 sese,
931 2303 1059 2355 stirpes
1081 2304 1255 2356 amplexa
1285 2304 1358 2342 alat
1377 2313 1415 2341 et
1435 2313 1580 2357 augeat,
1604 2303 1755 2356 ipsaque
1773 2303 1892 2341 alatur
1911 2303 1971 2341 vi-

580 2369 702 2407 cissim
733 2383 753 2407 a
772 2369 912 2422 superis
932 2369 1170 2420 externisque
1192 2370 1348 2407 naturis.
1389 2370 1646 2421 Ejusdemquc
1671 2369 1971 2422 expirationibus

581 2450 639 2473 aer
666 2436 792 2480 alitur,
824 2445 861 2472 et
893 2434 1021 2478 aether,
1052 2444 1088 2472 ct
1118 2436 1247 2472 omnia
1278 2435 1420 2488 supera.
1469 2436 1537 2479 lta,
1571 2436 1593 2473 fi
1627 2445 1723 2474 terra
1752 2434 1885 2473 natura
1911 2444 1970 2473 te-

583 2511 691 2539 netur
718 2511 755 2539 ct
775 2501 891 2553 viget,
922 2501 1052 2538 eadem
1076 2501 1168 2538 ratio
1198 2501 1235 2538 in
1259 2501 1405 2553 reliquo
1437 2501 1583 2539 mundo
1603 2502 1669 2539 cst.
1707 2500 1845 2553 Stirpcs
1865 2500 1968 2538 enim

582 2577 685 2606 terrac
710 2567 908 2614 inhaerent,
939 2567 1149 2607 animantes
1181 2576 1309 2607 autem
1341 2567 1562 2620 aspiratione
1594 2568 1686 2607 acris
1715 2567 1968 2613 sustinentur,
