2330 2983
772 199 1049 239 LIBER
1107 200 1540 254 quNTus.
1782 222 1858 262 377

462 301 571 353 (nam
603 298 710 339 hunc
739 299 800 338 illi
831 300 919 338 dico
951 299 1217 353 fimillimum)
1253 314 1300 341 an
1330 300 1423 342 cum
1452 303 1557 342 civili
1589 305 1690 344 bello
1722 307 1856 353 viftor,

461 369 593 412 iratus,
641 364 852 405 necessariis
887 366 1020 404 Catuli
1051 366 1343 419 deprecantibus
1386 383 1464 408 non
1498 370 1613 409 semel
1648 372 1855 426 respondit,

458 433 521 471 sed
541 432 648 485 saepe,
678 431 905 471 Moriatur?
934 432 981 470 In
1000 445 1079 484 quo
1109 433 1254 471 beatior
1273 434 1353 479 ille,
1383 436 1452 487 qui
1478 435 1571 475 huic
1592 437 1743 477 nefariae
1770 440 1858 478 voci

457 498 598 551 paruit,
619 509 738 550 quam
757 496 805 543 is,
821 498 891 550 qui
909 506 988 535 tam
1008 497 1184 536 scelerate
1203 498 1420 551 imperavit.
1441 501 1484 539 N
1486 514 1549 539 am
1564 516 1655 541 cum
1672 505 1857 557 accipere,

457 576 577 615 quam
600 561 739 607 facere,
768 562 915 615 praestat
944 562 1126 614 injuriam
1142 581 1153 607 ς
1186 572 1272 602 tum
1291 565 1409 603 morti
1429 565 1512 618 jam
1542 567 1611 619 ipfi
1641 568 1858 609 adventanti
1904 577 1910 581 ’

456 628 618 682 paulum
637 627 842 682 procedere
859 627 1030 673 obviam.
1051 628 1157 681 quod
1175 627 1271 667 fecit
1287 630 1463 677 Catulus,
1485 644 1617 684 quam,
1639 635 1743 686 quod
1765 637 1857 673 Ma-

457 695 550 740 rius,
564 695 650 733 talis
662 695 735 733 viri
754 694 913 733 interitu
927 694 990 733 sex
1009 694 1094 734 suos
1113 695 1275 734 obruere
1291 696 1524 743 consulatus,
1538 707 1578 736 et
1595 701 1857 740 contaminare

457 770 678 800 extremum
697 770 852 815 tempus
870 763 1003 801 aetatis.

513 827 605 866 XX.
638 828 1046 881 Duodequadraginta·
1062 840 1183 866 annos
1211 837 1393 880 tyrannus
1427 831 1746 882 Syracusanorum
1780 833 1859 873 fuit

458 893 682 945 Dionyfius,
712 906 804 932 cum
836 908 861 932 v
891 903 932 932 et
962 907 1025 932 xx
1047 903 1158 933 natus
1184 907 1302 933 annos
1321 895 1566 935 dominatum
1587 899 1854 951 occupavisset.

459 960 549 1010 Qa
567 958 863 1011 pulchritudine
876 959 1027 1005 urbem,
1062 960 1204 1012 quibus
1224 970 1354 999 autem
1373 962 1512 1014 opibus
1531 964 1745 1015 praeditam,
1780 965 1855 1003 ser-

457 1024 582 1061 vitute
599 1023 812 1078 oppressam
831 1025 958 1064 tenuit
975 1026 1171 1064 civitatem
1187 1027 1200 1063 ?
1222 1026 1345 1078 Atqui
1366 1026 1413 1064 de
1432 1025 1507 1065 hoc
1527 1026 1688 1066 homine
1706 1042 1726 1067 a
1746 1030 1856 1069 bonis

457 1089 675 1127 auctoribus
695 1089 745 1127 fic
764 1088 954 1142 scriptum
972 1089 1207 1142 accepimus,
1237 1091 1431 1129 summam
1451 1089 1561 1129 fuiffe
1580 1093 1661 1144 ejus
1682 1093 1723 1131 in
1752 1094 1858 1132 victu

456 1155 767 1207 temperantiam,
796 1154 838 1192 in
857 1154 1045 1208 rebusque
1063 1155 1240 1207 gerendis
1259 1155 1386 1194 virum
1405 1168 1532 1195 acrem
1552 1165 1591 1195 et
1609 1157 1854 1205 industrium,

456 1219 625 1259 eundem
644 1229 773 1259 tamen
793 1220 1018 1259 maleficum
1033 1221 1181 1266 natura,
1200 1230 1239 1259 et
1257 1221 1457 1273 injustum.
1480 1223 1543 1260 Ex
1558 1236 1638 1274 quo
1656 1225 1856 1270 omnibus,

457 1286 556 1324 bene
574 1286 774 1324 veritatem
791 1285 1048 1331 intuentibus,
1079 1286 1200 1325 videri
1226 1285 1370 1325 neceffe
1399 1286 1452 1324 est
1479 1287 1753 1327 miserrimum.
1800 1291 1857 1328 Ea

457 1351 565 1389 enirn
584 1351 662 1404 ipsa
680 1364 765 1403 quae
784 1352 1046 1404 concupierat,
1066 1365 1115 1390 ne
1134 1361 1220 1390 tum
1240 1352 1412 1404 quidem.
1437 1365 1529 1391 cum
1548 1354 1681 1392 omnia
1700 1355 1735 1392 se
1755 1355 1858 1408 pofl'e

458 1416 647 1462 censebat,
668 1417 984 1470 consequebatur.
1022 1417 1118 1469 Qi‚
1145 1431 1238 1456 cum
1257 1417 1346 1457 efl‘et
1366 1419 1476 1456 bonis
1496 1420 1717 1472 parentibus
1745 1430 1858 1472 atque

457 1481 616 1520 honesto
646 1482 733 1521 loco
757 1492 883 1527 natus,
921 1483 1015 1534 (etfi
1045 1483 1089 1520 id
1105 1483 1264 1535 quidem
1291 1484 1386 1521 alius
1417 1483 1493 1522 alio
1522 1484 1640 1522 modo
1672 1485 1854 1537 tradidit)

456 1548 742 1598 abundaretque
771 1556 812 1584 et
840 1547 1049 1598 aequalium
1067 1546 1394 1586 familiaritatibus
1415 1557 1453 1586 et
1472 1549 1746 1587 consuetudine
1765 1542 1856 1602 proJ-

458 1614 711 1666 pinqnorum,
741 1610 898 1650 haberet
927 1612 1043 1650 etiam
1063 1625 1172 1652 more
1200 1613 1361 1651 Graeciae
1388 1613 1573 1666 quosdam
1604 1615 1857 1654 adolescentes

457 1692 585 1717 amore
605 1678 846 1730 conjunctos,
877 1678 1054 1716 credebat
1071 1692 1205 1716 eorum
1225 1679 1388 1717 nemini.
1421 1679 1494 1717 Sed
1513 1680 1574 1724 iis,
1607 1693 1703 1732 quos
1730 1695 1778 1719 ex
1797 1681 1856 1719 fa-

455 1745 576 1783 miliis
595 1744 843 1797 locupletum
859 1742 980 1782 servos
1001 1743 1204 1796 delegerat,
1236 1744 1378 1796 quibus
1400 1757 1542 1782 nomen
1562 1744 1752 1784 servitutis
1778 1746 1857 1800 ipse

457 1811 686 1854 detraxerat,
726 1819 764 1847 et
799 1809 1028 1862 quibusdam
1062 1810 1258 1854 convenis,
1293 1820 1332 1848 et
1361 1808 1450 1848 feris
1485 1810 1651 1849 barbaris
1685 1813 1856 1865 corporis

458 1876 670 1914 custodiam·
691 1876 975 1914 committebat.
1009 1877 1066 1914 Ita
1085 1885 1242 1929 propter
1261 1875 1439 1928 injustam
1460 1876 1680 1915 dominatus
1701 1879 1855 1930 cupidi-

459 1952 578 1980 tatem
598 1942 638 1979 in
669 1954 857 1979 carcerem
877 1942 1168 1994 quodammodo
1188 1941 1266 1994 ipse
1286 1941 1321 1979 se
1340 1941 1556 1983 incluserat.
1594 1944 1702 1995 Qin
1723 1945 1854 1989 etiam,

459 2021 506 2045 ne
536 2007 679 2045 tonsori
709 2007 858 2045 collum
889 2008 1164 2052 committeret,
1195 2007 1352 2046 tondere
1382 2007 1478 2046 filias
1509 2008 1589 2046 suas
1621 2008 1767 2048 docuit.
1800 2011 1858 2048 Ita

456 2073 606 2111 sordido
627 2073 876 2126 ancillarique
904 2073 1068 2112 artificio
1095 2074 1204 2126 regiae
1224 2074 1402 2126 virgines,
1425 2083 1467 2112 ut
1486 2074 1732 2120 tonstriculae,
1766 2085 1856 2114 ton-

458 2139 599 2177 debant
618 2139 775 2177 barbam
790 2150 828 2177 et
847 2139 1032 2192 capillum
1055 2141 1185 2191 patris.
1204 2141 1257 2177 Et
1277 2149 1405 2177 tamen
1422 2140 1468 2177 ab
1485 2140 1530 2178 iis
1548 2141 1648 2193 ipfis,
1670 2154 1759 2179 cum
1772 2143 1855 2193 jam

460 2204 575 2242 effent
594 2204 745 2248 adultae,
776 2203 920 2242 ferrum
953 2206 1130 2250 removit,
1161 2205 1417 2258 instituitque,
1448 2215 1491 2244 ut
1519 2207 1771 2244 candentibus
1787 2208 1855 2258 ju-

459 2270 658 2322 glandium
678 2271 943 2322 putaminibus
960 2271 1116 2309 barbam
1134 2271 1202 2309 fibi
1222 2281 1260 2309 et
1279 2271 1464 2325 capillum
1481 2272 1694 2310 adurerent.
1727 2274 1854 2310 Cum-

460 2349 534 2387 que
554 2336 646 2374 duas
665 2349 800 2374 uxores
832 2335 1002 2382 haberet,
1031 2336 1337 2383 Aristomachen,
1370 2338 1494 2376 civem
1516 2337 1634 2381 suam,
1667 2337 1854 2376 Doridem

460 2411 590 2439 autem
619 2401 864 2447 Locrensem,
894 2402 944 2440 fic
977 2405 1092 2441 noestu
1123 2403 1169 2441 ad
1202 2416 1262 2441 eas
1281 2403 1504 2447 ventitabat,
1536 2411 1579 2439 ut
1611 2403 1742 2440 omnia
1773 2403 1854 2454 spe-

459 2466 652 2504 cularetur
670 2475 708 2504 et
728 2467 1020 2519 perscrutaretur
1040 2478 1140 2506 ante.
1173 2469 1238 2513 Et,
1260 2481 1352 2506 cum
1372 2467 1504 2505 fossam
1523 2467 1638 2504 latam
1654 2468 1855 2505 cubicula-

461 2532 493 2569 ri
512 2531 611 2569 lecfto
631 2531 951 2578 circumdediffet,
978 2533 1135 2586 ejusque
1152 2532 1257 2573 foffae
1275 2533 1473 2571 transitum
1500 2533 1702 2584 ponticulo
1728 2532 1857 2585 ligneo

574 2599 612 2635 T
630 2610 654 2635 o
674 2610 724 2636 M.
759 2598 810 2636 11.
1434 2599 1464 2636 B
1485 2598 1509 2636 b
1532 2599 1556 2636 b
