2330 2983
657 235 931 275 LIBER
988 233 1482 275 SECUNDUS.
1685 248 1763 291 443

381 335 475 375 tritu
494 334 583 373 elici
604 334 734 387 ignem
754 334 953 379 videmus5
984 342 1022 372 et
1041 333 1181 373 recenti
1201 332 1358 373 foffione

517 401 812 453 terramficmare
829 401 1019 445 calentem5

381 476 496 520 atque
514 467 629 504 etiam
649 479 696 504 ex
716 466 838 518 puteis
849 465 1010 518 jugibus
1031 479 1168 518 aquam
1187 465 1349 504 calidam
1375 465 1488 511 trahi,
1519 474 1557 505 et
1575 465 1615 505 id
1639 467 1764 505 maxi-

383 544 446 569 me
464 530 634 568 hibernis
654 529 735 568 fieri
755 530 1007 582 temporibus,
1037 530 1141 582 quod
1161 542 1298 583 magna
1316 530 1371 568 vis
1391 531 1539 576 caloris,
1571 541 1675 570 terrae
1700 545 1763 569 ca-

381 595 502 633 vernis
521 595 759 633 contineatur
773 612 785 639 5
816 607 935 646 eaque
955 592 1084 632 hieme
1102 594 1147 632 fit
1165 594 1310 633 denfior
1327 609 1336 633 :
1367 595 1418 633 ob
1437 607 1597 648 eamque
1616 596 1765 634 causam

379 660 544 698 calorem
564 660 722 699 insitum
741 660 782 698 in
803 661 907 698 terris
926 660 1119 697 contineat
1137 660 1288 695 arctius.

434 726 487 763 X.
515 727 649 779 Longa
667 726 721 764 est
738 725 872 770 oratio,
902 724 1111 776 multaeque
1129 723 1304 767 rationes,
1326 722 1468 774 quibus
1488 723 1614 761 doceri
1637 723 1765 777 poffit,

379 791 522 835 omnia,
544 805 628 843 quae
648 801 743 829 terra
767 790 971 843 concipiat,
1001 789 1156 833 semina,
1187 800 1348 842 quaeque
1374 787 1452 841 ipsa
1471 801 1518 827 ex
1537 788 1574 827 se
1591 798 1766 842 generata

377 855 555 907 stirpibus
589 855 706 894 infixa
738 856 944 901 contineat,
974 868 1017 893 ea
1045 854 1319 907 temperatione
1349 854 1484 892 caloris
1508 863 1546 892 et
1580 854 1684 900 oriri,
1726 863 1765 893 et

376 919 587 972 augescere.
634 923 765 973 Atque
783 935 888 972 aquae
907 921 1022 959 etiarn
1047 919 1254 959 admistum
1281 919 1354 958 esse
1381 919 1562 965 calorem,
1590 920 1768 973 primum:

376 985 454 1037 ipse
480 986 619 1037 liquor,
650 994 736 1023 tum
756 999 860 1038 aquae
885 985 1047 1024 declarat
1077 985 1208 1023 effufio
1222 1004 1236 1030 5
1265 999 1350 1037 quae
1370 997 1493 1037 neque
1511 986 1763 1037 conglaciaret

364 1039 584 1101 'frigoribus
599 1078 610 1094 ,
642 1063 767 1102 neque
797 1051 884 1088 nive
912 1051 1125 1103 pruinaque
1156 1050 1427 1093 concresceret,
1457 1050 1526 1088 nifi
1551 1050 1681 1088 eadem
1711 1050 1764 1094 se.

377 1114 539 1152 admisto
557 1115 680 1153 calore
695 1114 897 1167 liquefacta
912 1123 951 1153 et
970 1115 1124 1168 dilapsa,
1140 1114 1383 1153 diffunderet.
1406 1115 1540 1166 Itaque
1556 1123 1594 1152 et
1614 1115 1770 1167 aquilo«

376 1179 491 1218 nibus
511 1180 742 1232 reliquisque
760 1179 967 1232 frigoribus
987 1180 1139 1231 adjectis
1159 1179 1323 1218 durescit
1340 1178 1483 1217 humor
1494 1197 1507 1223 5
1527 1188 1565 1217 et
1578 1179 1683 1218 idem
1702 1181 1762 1217 vi-

376 1245 501 1283 ciffim
520 1245 696 1284 mollitur
713 1245 934 1298 tepefactus,
955 1254 994 1283 et
1013 1245 1171 1283 tabescit
1188 1245 1327 1283 calore.
1363 1246 1494 1296 Atque
1512 1245 1626 1283 etiam
1646 1246 1764 1282 maria

377 1310 514 1361 agitata
532 1310 654 1348 ventis
673 1310 726 1348 ita
744 1310 954 1363 tepescunt,
985 1319 1028 1348 ut
1047 1310 1211 1362 intelligi
1230 1308 1342 1347 facile
1360 1308 1488 1361 poffit,
1510 1309 1550 1347 in
1571 1309 1685 1346 tantis
1710 1307 1763 1346 il-

379 1373 427 1412 lis
446 1373 676 1412 humoribus
694 1375 886 1413 inclusum
905 1374 977 1412 effe
996 1375 1174 1413 calorem.
1216 1375 1304 1413 Nec
1320 1374 1424 1413 enim
1444 1373 1510 1411 ille
1528 1382 1704 1412 externus
1723 1383 1763 1412 et

380 1439 608 1478 adventitius
625 1439 820 1478 habendus
839 1440 891 1479 est
911 1450 1030 1493 tepor,
1048 1441 1109 1479 sed
1123 1454 1170 1478 ex
1186 1440 1334 1478 intimis
1355 1439 1468 1478 mar1s
1488 1440 1660 1491 partibus
1678 1440 1761 1492 agi-

379 1505 522 1543 tatione
539 1505 724 1543 excitatus
739 1519 747 1543 :
770 1506 874 1558 quod
894 1505 1026 1544 nostris
1043 1519 1196 1558 quoque
1212 1505 1433 1558 corporibus
1446 1505 1651 1556 contingit,
1668 1518 1760 1542 cum

378 1580 489 1609 motu
508 1580 620 1621 atque
638 1571 906 1607 exercitatione
925 1571 1168 1606 recalescunt.
1218 1570 1300 1621 Ipse
1326 1582 1414 1606 vero
1439 1582 1512 1613 aer,
1540 1571 1608 1621 qui
1629 1571 1762 1608 natura

375 1635 430 1673 est
447 1635 616 1673 maxime
634 1632 810 1685 frigidus,
828 1632 991 1671 minime
1010 1632 1063 1672 est
1080 1646 1213 1686 expers
1231 1633 1380 1672 caloris.
1406 1633 1477 1672 Ille
1493 1647 1581 1672 vero
1597 1644 1635 1673 et
1654 1635 1762 1673 mul-

376 1709 419 1739 to
443 1700 602 1753 quidem
620 1699 743 1737 calore
768 1698 950 1738 admistus
969 1698 1022 1737 est
1035 1717 1048 1744 5
1079 1699 1157 1751 ipse
1181 1699 1287 1742 enim
1305 1699 1427 1737 oritur
1445 1713 1491 1737 ex
1520 1700 1764 1752 respiratione

375 1778 560 1818 aquarum
578 1780 587 1803 ε
618 1778 748 1803 earum
774 1765 878 1803 enim
897 1764 1000 1816 quasi
1019 1776 1135 1816 vapor
1155 1763 1314 1816 quidem
1332 1776 1394 1801 aer
1411 1763 1606 1803 habendus
1626 1766 1690 1803 est.
1723 1767 1769 1804 Is

375 1840 505 1869 autem
519 1830 646 1869 existit
665 1838 774 1868 motu
790 1831 821 1881 ej
829 1842 871 1868 us
888 1829 1036 1874 caloris,
1050 1829 1118 1880 qui
1137 1829 1244 1882 aquis
1260 1829 1502 1868 continetur:
1520 1843 1635 1882 quam
1651 1831 1759 1869 fimi-

375 1896 583 1934 litudinem
601 1908 752 1932 cernere
771 1894 965 1948 possumus
984 1895 1024 1933 in
1044 1894 1090 1932 iis
1105 1895 1225 1948 aquis,
1238 1907 1323 1947 quae
1336 1893 1584 1934 effervescunt
1598 1896 1759 1935 subditis

378 1962 546 2014 ignibus.
577 1962 666 2012 Jam
686 1973 773 1999 vero
792 1961 936 2013 reliqua
955 1969 1085 2013 quarta
1103 1974 1186 2014 pars
1205 1960 1356 2005 mundi,
1378 1974 1419 1998 ea
1438 1970 1475 1999 et
1495 1961 1572 2014 ipsa
1591 1971 1670 2001 tota
1689 1976 1758 2001 na-

375 2035 473 2071 tura,
489 2025 631 2064 fervida
648 2025 714 2070 est,
730 2035 768 2064 et
786 2026 929 2064 caeteris
948 2027 1090 2064 naturis
1110 2026 1290 2065 omnibus
1306 2026 1503 2065 salutarem
1517 2028 1703 2081 impertit,
1721 2037 1760 2066 et

377 2093 532 2131 vitalem
551 2092 731 2130 calorem.
763 2093 824 2131 Ex
840 2105 919 2145 quo
938 2093 1195 2138 concluditur,
1216 2106 1307 2131 cum
1327 2105 1461 2131 omnes
1480 2094 1615 2132 mundi
1636 2101 1758 2147 partes

377 2157 624 2198 sustineantur
646 2157 782 2202 calore,
813 2159 1002 2196 mundum
1023 2158 1138 2196 etiam
1157 2158 1284 2211 ipsum
1302 2158 1417 2197 fimili
1442 2160 1598 2211 parique
1628 2168 1758 2197 natura

377 2222 419 2259 in
439 2231 542 2259 tanta
560 2222 807 2260 diuturnitate
828 2223 984 2268 servari5
1016 2237 1137 2275 eoque
1156 2224 1292 2276 magis,
1321 2220 1423 2277 quod
1444 2225 1608 2277 intelligi
1629 2225 1755 2269 debet,

378 2287 546 2325 calidum
567 2287 663 2325 illud
681 2297 796 2340 atque
814 2288 970 2340 igneum
987 2288 1039 2326 ita
1058 2289 1097 2326 in
1117 2290 1225 2327 omni
1245 2289 1372 2328 fusum
1399 2290 1468 2328 effe
1488 2299 1631 2333 natura,
1653 2298 1695 2326 ut
1715 2289 1756 2326 in

378 2365 424 2389 eo
443 2352 527 2390 infit
547 2353 765 2404 procreandi
786 2353 855 2398 vis,
872 2363 908 2391 et
921 2353 1027 2392 causa
1046 2355 1242 2408 gignendi,
1259 2369 1279 2393 a
1298 2368 1375 2409 quo
1393 2364 1431 2393 et
1448 2355 1652 2393 animantia
1668 2367 1755 2391 om-

379 2417 455 2461 nia,
477 2427 514 2454 et
532 2430 587 2461 ea,
620 2432 783 2470 quorum
804 2419 932 2473 stirpes
953 2420 1047 2459 terra
1073 2422 1330 2467 continentur,
1361 2429 1399 2459 et
1418 2420 1517 2459 nasci
1537 2419 1580 2457 fit
1601 2419 1758 2464 necesse,

378 2491 416 2520 et
435 2481 640 2535 augescere.

423 2547 496 2588 XI.
517 2547 663 2588 Natura
678 2549 730 2589 est
740 2550 874 2603 igitur,
892 2565 976 2603 quae
989 2551 1179 2592 contineat
1195 2551 1386 2591 mundum
1400 2563 1577 2595 omnem,
1589 2562 1756 2603 eumque

1279 2617 1316 2655 K
1334 2615 1359 2654 k
1380 2615 1405 2654 k
1436 2629 1460 2654 2
