2330 2983
485 254 562 308 368
794 250 1571 290 TUSCULANARUM

485 369 614 395 rerum
634 354 678 393 fit
697 362 734 392 et
753 360 995 391 externarum
1014 359 1053 390 et
1071 351 1118 390 ad
1136 364 1276 405 corpus
1294 351 1587 405 pertinentium,
1615 365 1735 405 quam
1753 354 1878 393 confi-

484 422 600 465 lium,
620 418 768 457 valere?

539 487 604 525 An
635 484 830 523 malumus
859 483 1080 537 Epicurum
1108 483 1280 522 imitari?
1322 484 1392 536 qui
1421 483 1545 523 multa
1576 484 1754 538 praeclase
1782 484 1879 539 saepe

483 552 604 597 dicit;
635 549 755 604 quam
785 549 893 588 enim
923 549 992 588 fibi
1022 549 1236 588 constanter
1267 550 1616 603 convenienterque
1647 550 1763 596 dIcat,
1798 564 1879 589 non

486 617 644 656 laborat.
689 615 839 654 Laudat
868 623 1025 653 tenuem
1044 615 1206 654 victum.
1236 614 1463 668 Philosophi
1482 616 1523 654 id
1541 616 1700 669 quidem
1716 634 1730 661 ς
1760 615 1822 654 sed
1849 615 1877 654 s1

486 684 655 722 Socrates
684 689 749 720 aut
780 679 1025 719 Antisthenes
1050 680 1204 725 diceret,
1235 694 1314 719 non
1335 681 1394 725 is,
1429 681 1498 733 qui
1532 681 1650 720 finem
1684 682 1878 720 bonorum

484 747 722 800 voluptatem
740 745 811 784 effe
829 745 982 783 dixerit.
1014 745 1157 797 Negat,
1175 758 1413 798 quemquam
1427 746 1602 797 jucunde
1618 746 1720 798 poffe
1737 747 1877 790 vivere,

484 814 554 852 nisi
574 813 678 850 idem
697 810 865 855 honeste,
896 810 1080 863 sapienter
1093 810 1271 862 justeque
1288 810 1404 848 vivat.
1450 809 1567 848 Nihil
1589 811 1756 862 gravius,
1777 809 1878 848 nihil

483 875 728 931 philosophia
746 875 927 928 dignius:
959 875 1029 913 nifi
1059 875 1164 913 idem
1197 873 1272 913 hoc
1303 875 1445 928 ipsum,
1478 874 1650 920 honeste,
1678 874 1880 927 sapienter,

478 943 592 995 juste,
622 942 668 980 ad
701 941 939 994 voluptatem
973 938 1139 979 referret.
1190 940 1300 993 Qid
1331 940 1487 986 melius,
1528 953 1648 993 quam
1682 939 1880 979 fortunam

484 1009 663 1062 exiguam
684 1007 911 1046 intervenire
930 1006 1121 1059 sapienti?
1150 1006 1213 1045 sed
1242 1006 1319 1045 hoc
1343 1006 1423 1045 isne
1442 1007 1551 1051 dicit,
1583 1006 1666 1059 qui,
1691 1019 1785 1044 cum
1805 1007 1878 1045 do-

486 1075 609 1114 lorem
631 1087 707 1112 non
742 1073 861 1111 modo
885 1073 1104 1112 maximum
1138 1073 1301 1118 malum,
1333 1072 1395 1110 sed
1425 1072 1550 1111 solum
1582 1072 1732 1111 malum
1761 1072 1879 1110 etiam

483 1140 639 1184 dixerit,
653 1148 735 1177 toto
752 1151 908 1191 corpore
923 1138 1091 1190 opprimi
1107 1138 1218 1191 poffit
1233 1138 1430 1176 doloribus
1447 1138 1657 1183 acerrimis,
1678 1147 1763 1176 tum
1784 1149 1880 1176 cum

485 1205 654 1244 maxime
673 1212 804 1242 contra
822 1202 1019 1241 fortunam
1037 1203 1249 1256 glorietur?
1271 1203 1376 1256 quod
1394 1203 1498 1241 idem
1518 1203 1743 1242 melioribus
1761 1203 1878 1241 etiam

483 1269 608 1307 verbis
646 1267 908 1312 Metrodorus,
940 1267 1132 1320 Occupavi
1159 1276 1208 1312 te,
1252 1268 1399 1320 inquit,
1427 1269 1609 1312 Fortuna,
1624 1277 1748 1321 *atque
1774 1269 1852 1321 cepi
1862 1286 1877 1314 5

484 1335 662 1387 omnesque
679 1332 799 1371 aditus
827 1342 905 1371 tuos
935 1332 1127 1384 interclusi,
1157 1341 1200 1371 ut
1217 1331 1269 1371 ad
1281 1346 1334 1371 me
1358 1331 1520 1385 qspirare
1536 1345 1604 1370 non
1615 1331 1737 1385 pffs.
1774 1333 1878 1371 Prae-

483 1399 598 1444 clare,
620 1397 790 1437 fi'Aristo
811 1396 949 1442 Chius,
970 1405 1036 1435 aut
1055 1397 1082 1435 fi
1102 1396 1252 1435 Stoicus
1273 1397 1384 1435 Zeno
1402 1397 1561 1442 diceret,
1580 1397 1666 1450 qui,
1685 1396 1755 1435 nifi
1774 1396 1880 1451 quod

486 1475 597 1517 turpe
622 1464 724 1509 esset,
747 1462 845 1501 nihil
867 1463 1016 1501 malum
1036 1463 1207 1502 duceret.
1237 1464 1304 1502 Tu
1323 1476 1428 1508 vero,
1448 1463 1687 1508 Metrodore‚
1702 1464 1770 1515 qui
1789 1477 1880 1502 om-

486 1543 535 1568 ne
566 1529 714 1567 bonum
744 1529 784 1566 in
814 1528 1022 1566 visceribus
1052 1528 1307 1580 medullisque
1340 1528 1555 1567 condideris
1571 1547 1583 1574 ;
1614 1538 1654 1567 et
1675 1528 1880 1574 definieris,

487 1595 684 1633 summum
707 1593 855 1631 bonum
875 1592 987 1630 firma
1004 1593 1172 1647 corporis
1193 1592 1392 1631 affectione
1409 1593 1680 1645 explorataque
1702 1593 1765 1646 spe
1783 1607 1881 1631 con-

487 1661 614 1704 tineri,
646 1659 810 1697 fortunae
829 1659 954 1696 aditus
974 1658 1214 1696 interclufisti
1230 1659 1244 1695 ?
1277 1659 1370 1710 Qo
1388 1659 1533 1696 modo?
1560 1658 1633 1697 isto
1650 1659 1755 1697 enim
1776 1659 1881 1698 bono

480 1727 563 1778 jam
583 1725 783 1778 exspoliari
803 1733 926 1776 potes.

546 1792 598 1830 X.
630 1793 760 1843 Atque
781 1788 841 1827 his
861 1789 1064 1842 capiuntur
1084 1789 1280 1842 imperiti,
1311 1798 1349 1827 et
1380 1799 1535 1842 propter
1553 1789 1775 1842 hujusmodi
1796 1791 1880 1829 sen-

488 1858 623 1896 tentias
637 1857 793 1895 istorum
810 1855 1020 1894 hominum
1041 1855 1093 1893 est
1110 1855 1335 1894 multitudo.
1359 1857 1486 1893 Acute
1505 1865 1635 1894 autem
1653 1856 1879 1908 disputantis

487 1923 585 1961 illud
606 1923 673 1967 est,
705 1935 780 1960 non
802 1921 896 1974 quid
916 1921 1076 1973 quisque
1096 1921 1212 1965 dicat,
1236 1919 1298 1960 sed
1317 1921 1413 1973 quid
1431 1921 1574 1974 cuique
1592 1921 1802 1960 dicendum
1822 1922 1881 1967 fit,

486 1989 612 2026 videre
629 2003 637 2026 :
669 1988 773 2025 velut
793 1987 833 2024 in
853 2000 894 2024 ea
915 1987 990 2039 ipsa
1010 1987 1206 2031 sententia,
1238 2000 1356 2039 quam
1377 1988 1416 2025 in
1435 1987 1507 2026 hac
1527 1988 1782 2041 disputatione
1801 1987 1880 2026 sus-

486 2055 676 2107 cepimus,
700 2054 849 2091 Omnes
868 2052 988 2091 bonos
1011 2052 1158 2105 semper
1177 2052 1306 2090 beatos
1321 2053 1502 2091 volumus
1522 2053 1606 2091 effe.
1630 2053 1738 2104 Quid
1753 2053 1880 2091 dicam

487 2120 622 2163 bonos,
656 2118 898 2172 perspicuum
925 2118 990 2156 est.
1051 2117 1249 2156 Omnibus
1269 2117 1375 2156 enim
1395 2118 1604 2156 virtutibus
1624 2118 1824 2157 instructos
1843 2128 1881 2156 et

486 2194 651 2228 ornatos,
674 2193 759 2222 tum
781 2183 976 2235 sapientes,
993 2192 1077 2221 tum
1095 2183 1192 2221 viros
1209 2183 1345 2228 bonos,
1365 2182 1546 2221 dicimus.
1569 2183 1795 2228 Videamus,
1811 2184 1880 2237 qui

487 2250 638 2288 dicendi
660 2249 730 2287 fint
748 2249 861 2287 beati.
894 2249 1088 2300 Equidem
1109 2247 1180 2287 hos
1199 2248 1390 2293 existimo,
1409 2249 1477 2301 qui
1497 2247 1623 2287 sintin
1644 2248 1768 2294 bonis,
1789 2249 1879 2287 nul-

488 2317 526 2354 lo
546 2317 725 2368 adjunCto
746 2314 860 2353 malo.
904 2314 1045 2366 Neque
1067 2315 1144 2352 ulla
1163 2314 1235 2352 alia
1261 2313 1354 2353 huic
1375 2315 1503 2360 verbo,
1531 2328 1622 2353 cum
1644 2314 1799 2353 beatum
1819 2315 1880 2353 di-

486 2383 627 2426 cimus,
651 2381 813 2433 subjefta
835 2380 940 2418 notio
959 2380 1026 2424 est,
1058 2380 1140 2424 nisi,
1168 2380 1316 2418 secretis
1338 2380 1448 2418 malis
1467 2381 1666 2425 omnibus,
1686 2380 1881 2419 cumulata

488 2448 678 2485 honorum
709 2445 941 2499 complexio.
994 2446 1107 2484 Hanc
1128 2444 1267 2497 assequi
1299 2445 1433 2489 virtus,
1463 2446 1485 2484 fi
1508 2446 1721 2499 quidquam
1750 2455 1882 2499 praeter

488 2512 605 2565 ipsam
638 2512 727 2551 boni
748 2512 814 2558 est,
846 2525 922 2550 non
944 2511 1078 2565 potest.
1121 2511 1257 2550 Aderit
1276 2511 1383 2550 enim
1405 2512 1610 2557 malorum,
1641 2511 1666 2551 fi
1697 2512 1796 2550 mala
1817 2510 1881 2549 ina
