2330 2983
627 256 945 294 LIBER
1021 256 1435 294 PRIMUS.
1688 257 1736 310 83

341 352 500 406 propriae
520 351 651 391 ruinae.
703 352 842 391 Censet
861 353 980 398 enim,
1002 353 1132 392 eadem
1152 353 1218 391 illa
1237 352 1434 391 individua
1453 362 1490 390 et
1511 352 1627 391 solida
1648 367 1733 391 cor-

341 431 433 470 pora
451 416 541 456 ferri
566 417 632 455 suo
652 417 826 456 deorsum
845 418 1013 470 pondere
1041 419 1087 456 ad
1107 418 1272 456 lineam:
1304 417 1411 456 hunc
1438 418 1648 457 naturalem
1668 419 1738 457 effe

339 484 520 522 omnium
539 497 746 537 corporum
767 494 935 523 motum.
978 484 1132 522 Deinde
1160 484 1308 522 ibidem
1328 483 1448 522 homo
1467 495 1613 530 acutus,
1646 500 1737 524 cum

339 549 438 588 illud
467 559 696 595 occurreret,
728 550 754 588 fi
784 551 916 588 omnia
950 550 1125 588 deorsum
1150 563 1171 587 e
1196 550 1349 603 regione
1379 549 1579 594 ferrentur,
1611 561 1662 596 et,
1693 562 1737 589 ut

339 615 435 660 dixi,
467 616 514 654 ad
533 616 689 660 lineam,
721 629 921 668 nunquam
952 615 1046 661 fore,
1079 626 1122 654 ut
1141 625 1291 654 atomus
1311 615 1427 654 altera
1443 615 1598 654 alteram
1619 617 1737 669 poss‘et

339 682 525 735 attingere
570 683 718 735 (itaque
754 682 885 720 attulit
923 695 1005 720 rem
1042 682 1370 734 commentitiam)
1409 681 1600 720 declinare
1638 683 1737 721 dixit

339 757 514 786 atomum
535 748 762 802 perpaulum
776 766 788 793 ς
810 761 889 800 quo
908 746 1007 786 nihil
1024 747 1143 802 poffet
1161 747 1242 786 fieri
1259 747 1403 786 minus.
1436 748 1494 786 Ita
1508 748 1609 786 effici
1625 761 1735 786 com-

337 813 551 866 plexiones,
599 823 637 851 et
669 813 943 866 copulationes,
984 823 1022 851 et
1055 812 1353 852 adhaefitationes
1387 822 1606 851 atomorum
1636 813 1736 851 inter

339 879 375 917 se
394 894 403 918 :
435 892 482 917 ex
502 891 581 931 quo
599 879 812 917 efficeretur
826 879 1010 924 mundus,
1028 879 1236 932 omnesque
1255 888 1378 932 partes
1400 879 1552 923 mundi,
1574 892 1737 932 quaeque

338 945 380 982 in
399 958 446 983 eo
463 943 593 983 effent.
636 946 734 997 Qae
753 957 844 982 cum
864 958 921 982 res
943 953 1022 983 tota
1041 944 1127 983 ficta
1146 945 1191 983 fit
1209 945 1420 998 pueriliter,
1444 954 1531 983 tum
1552 957 1598 982 ne
1616 945 1737 983 efficit

338 1010 498 1063 quidem
517 1010 621 1062 quod
641 1010 739 1048 vult.
770 1010 875 1048 Nam
895 1010 1026 1063 etipsa
1044 1010 1250 1049 decIInatio
1270 1011 1316 1048 ad
1336 1010 1542 1049 libidinem
1561 1010 1735 1063 fingitur,

341 1077 412 1128 (ait
431 1077 536 1114 enim
556 1075 746 1114 declinare
765 1085 941 1115 atomum
960 1077 1038 1115 fine
1059 1077 1193 1122 causa;
1216 1090 1295 1129 quo
1315 1076 1415 1115 nihil
1436 1077 1584 1129 turpius
1604 1075 1734 1130 physi-

337 1155 399 1188 co,
429 1155 548 1195 quam
567 1141 650 1180 fieri
668 1141 745 1180 fine
764 1142 872 1180 causa
890 1142 1106 1195 quidquam
1126 1143 1268 1194 dicere)
1291 1151 1330 1181 et
1357 1142 1473 1181 illum
1492 1151 1647 1181 motum
1666 1154 1734 1181 na-

336 1209 501 1248 turalem
520 1209 701 1248 omnium
719 1209 949 1262 ponderum,
972 1218 1015 1247 ut
1034 1209 1112 1263 ipse
1131 1208 1344 1254 constituit,
1364 1222 1385 1248 e
1405 1209 1557 1262 regione
1572 1207 1734 1248 inferio-

337 1289 419 1314 rem
438 1275 569 1314 locum
590 1275 823 1328 petentium,
854 1275 930 1313 fine
949 1274 1058 1313 causa
1083 1275 1224 1328 eripuit
1243 1275 1405 1314 atomis:
1438 1287 1508 1313 nec
1528 1283 1658 1312 tamen
1678 1273 1733 1319 id,

337 1341 446 1393 cujus
465 1340 574 1379 causa
591 1339 674 1379 haec
693 1340 868 1385 finxerat,
890 1340 1074 1379 affecutus
1094 1341 1160 1379 est.
1192 1341 1300 1379 Nam
1319 1340 1345 1379 s1
1371 1353 1506 1379 omnes
1526 1341 1647 1378 atomi
1666 1340 1733 1378 de-

337 1405 553 1450 clinabunt,
569 1406 685 1443 nullae
701 1419 874 1458 unquam
889 1404 1163 1444 cohaerescent:
1187 1405 1259 1443 five
1278 1405 1358 1444 aliae
1374 1405 1636 1450 declinabunt,
1653 1405 1735 1444 aliae

338 1472 405 1511 suo
420 1482 519 1511 nutu
538 1473 637 1510 recte
652 1470 845 1517 ferentur,
870 1472 1044 1524 primum
1060 1473 1132 1510 erit
1150 1471 1225 1510 hoc
1241 1471 1342 1524 quafi
1360 1471 1573 1524 provincias
1594 1472 1733 1510 atomis

337 1539 439 1583 dare,
456 1551 540 1591 quae
556 1538 667 1582 reete,
684 1550 769 1589 quae
784 1537 956 1589 oblique,
973 1536 1144 1575 ferantur
1159 1551 1167 1575 :
1191 1536 1329 1575 deinde
1347 1537 1481 1574 eadem
1496 1536 1564 1574 illa
1582 1545 1732 1576 atomo-

336 1617 439 1648 rum,
460 1604 502 1641 in
517 1615 596 1655 quo
615 1603 732 1640 etiam
748 1603 999 1641 Democritus
1019 1601 1148 1648 haeret‚
1171 1602 1392 1640 turbulenta
1410 1601 1608 1641 concursio
1627 1600 1734 1641 hunc

335 1669 474 1708 mundi
499 1678 679 1707 ornatum
703 1668 852 1707 efficere
880 1682 959 1707 non
988 1669 1143 1722 poterit.
1186 1669 1250 1707 Ne
1276 1668 1375 1706 illud
1402 1667 1562 1720 quidem
1588 1667 1734 1722 phyfici

334 1735 401 1780 est,
432 1734 582 1774 credere
595 1734 743 1786 aliquid
763 1733 834 1772 effe
852 1735 1065 1774 minimum
1080 1753 1093 1780 3
1125 1733 1229 1787 quod
1244 1732 1416 1787 profesto
1436 1747 1638 1786 nunquam
1656 1748 1733 1788 pu-

334 1800 492 1846 taviffet‚
514 1800 540 1839 fi
560 1813 582 1838 a
600 1799 794 1851 Polyaeno,
824 1799 1005 1838 familiari
1023 1800 1103 1845 suo,
1133 1800 1387 1853 geometriam
1407 1799 1548 1837 discere
1572 1799 1732 1840 maluis-

335 1867 402 1912 set,
433 1879 550 1919 quam
572 1866 680 1904 illam
700 1867 816 1904 etiam
838 1866 964 1919 ipsum
983 1867 1177 1905 dedocere.
1228 1865 1290 1904 Sol
1312 1865 1542 1904 Democrito
1570 1875 1733 1918 magnus

333 1933 497 1977 videtur,
514 1933 659 1985 quippe
678 1931 831 1970 homini
850 1933 1014 1979 erudito,
1036 1933 1076 1971 in
1091 1932 1377 1986 geometriaque
1397 1930 1577 1985 perfeeto.
1623 1932 1733 1971 Huic

333 1998 518 2052 bipedalis
538 1997 687 2036 fortaffe
703 2016 715 2043 ς
747 2007 899 2037 tantum
919 1999 1023 2037 enim
1042 1998 1113 2036 effe
1131 1998 1272 2043 censet,
1294 2007 1460 2051 quantus
1481 1997 1644 2043 videtur,
1673 1998 1731 2035 vel

334 2063 448 2117 paulo
468 2073 533 2102 aut
552 2065 751 2117 majorem,
782 2074 846 2103 aut
876 2066 1083 2104 minorem.
1129 2066 1187 2104 Ita
1215 2078 1299 2117 quae
1321 2072 1460 2109 mutat,
1490 2076 1533 2101 ea
1555 2077 1731 2103 corrum-

334 2131 416 2184 pit:
438 2143 524 2183 quae
544 2129 727 2182 sequitur,
749 2130 835 2169 sunt
852 2140 931 2169 tota
951 2131 1169 2170 Democriti
1187 2145 1196 2169 ε
1220 2131 1370 2176 Atomi,
1388 2130 1512 2174 inane,
1531 2129 1730 2182 imagines,

333 2210 417 2249 quae
447 2196 549 2234 idola
578 2197 795 2242 nominant,
826 2210 995 2249 quorum
1015 2197 1227 2235 incurfione
1259 2211 1336 2235 non
1364 2196 1487 2235 solum
1519 2196 1729 2240 videamus,

335 2262 396 2300 sed
415 2263 530 2300 etiam
551 2262 796 2315 cogitemus:
828 2263 996 2301 infinitio
1027 2263 1116 2316 ipsa,
1149 2276 1266 2315 quam
1297 2260 1444 2312 ἀπειρίαν
1469 2271 1620 2306 vocant,
1654 2270 1731 2299 tota

332 2328 380 2366 ab
401 2327 470 2366 illo
489 2328 568 2366 est:
600 2338 686 2366 tum
716 2329 1015 2367 innumerabiles
1037 2329 1189 2374 mundi,
1228 2329 1296 2381 qui
1321 2338 1358 2366 et
1385 2328 1568 2372 oriantur,
1599 2335 1637 2364 et
1666 2327 1729 2364 in-

334 2402 478 2431 tereant
497 2394 685 2446 quotidie.
736 2396 833 2447 Qa:
861 2395 926 2433 ets1
947 2394 1046 2433 mihi
1067 2395 1176 2433 nullo
1197 2394 1314 2433 modo
1334 2394 1543 2446 probantur
1557 2411 1569 2437 5
1602 2402 1729 2430 tamen

334 2459 609 2497 Democritum
629 2459 826 2499 laudatum
848 2475 868 2499 a
887 2462 1045 2506 caeteris,
1068 2461 1114 2499 ab
1134 2460 1223 2505 hoc,
1242 2461 1310 2512 qui
1327 2473 1415 2497 eum
1435 2472 1559 2496 unum
1579 2458 1728 2496 secutus

332 2524 398 2570 est,
430 2524 575 2563 nollem
595 2526 865 2578 vituperatum.

387 2591 480 2631 VII.
510 2592 600 2644 Jam
631 2592 670 2631 in
704 2592 819 2632 altera
847 2591 1099 2647 philosophiae
1129 2601 1246 2646 parte,
1278 2604 1362 2644 quae
1389 2590 1442 2629 est
1467 2589 1660 2644 quaerendi
1686 2602 1729 2628 ac

1344 2656 1379 2695 L
1412 2668 1433 2695 2
