2330 2983
433 306 514 345 400
693 288 789 328 DE
846 285 1174 326 NATURA
1230 282 1570 323 DEORUM

435 391 624 434 videmur,
660 397 703 426 ut
722 401 743 424 a
762 385 909 425 Graecis
938 398 985 423 ne
1003 384 1211 423 verborum
1238 384 1398 437 quidem
1428 383 1541 436 copia
1570 381 1822 420 vinceremur.

490 458 655 496 Hortata
673 454 790 492 etiam
809 452 876 497 est,
911 461 956 490 ut
975 464 1039 490 me
1066 450 1112 489 ad
1131 449 1213 490 haec
1233 449 1463 495 conferrem,
1490 449 1612 487 animi
1631 447 1831 500 aegritudo,

433 522 599 561 fortunae
617 518 757 572 magna
776 527 814 556 et
833 517 938 570 gravi
958 526 1156 555 commota
1176 515 1327 568 injuria.
1360 516 1483 567 Cujus
1504 515 1530 553 fi
1551 514 1736 566 majorem
1758 512 1830 550 ali-

434 601 554 641 quam
573 585 804 624 levationem
830 583 992 636 reperire
1025 581 1244 635 potuissem,
1275 595 1353 619 non
1384 581 1430 619 ad
1460 579 1560 619 hanc
1590 578 1831 632 potiffimum

433 651 702 705 confugiffem.
734 650 791 688 Ea
809 662 898 687 vero
918 647 995 701 ipsa
1013 648 1118 686 nulla
1137 648 1282 686 ratione
1312 646 1451 685 melius
1470 644 1549 684 frui
1569 645 1693 698 potui,
1715 656 1834 695 quam

434 720 461 759 fi
483 732 546 758 me
566 731 643 756 non
662 715 780 755 modo
801 714 847 752 ad
866 713 1047 766 legendos
1067 713 1201 757 libros,
1233 712 1294 750 sed
1312 712 1430 750 etiam
1450 711 1497 749 ad
1517 719 1639 749 totam
1659 708 1832 762 philoso-

434 784 569 838 phiam
589 780 903 836 pertractandam,
925 777 1122 816 dedissem.
1158 778 1309 815 Omnes
1329 785 1459 815 autem
1477 777 1557 827 ejus
1578 783 1700 827 partes
1718 783 1834 825 atque

433 851 564 890 omnia
597 847 772 886 membra
793 854 878 883 tum
909 843 1096 881 facillime
1117 842 1341 886 noscuntur,
1377 855 1469 880 cum
1490 849 1579 879 totae
1609 838 1833 892 quaestiones

434 914 635 955 scribendo
654 911 908 965 explicantur.
940 909 1008 947 Est
1026 909 1132 946 enim
1151 908 1386 946 admirabilis
1403 906 1579 960 quaedam
1593 904 1835 943 continuatio

434 981 618 1034 seriesque
639 992 780 1023 rerum,
812 985 856 1015 ut
875 975 947 1014 alia
966 987 1013 1014 ex
1033 974 1106 1013 alia
1120 987 1230 1020 nexa,
1250 983 1288 1014 et
1307 986 1442 1013 omnes
1461 973 1560 1011 inter
1578 971 1615 1010 se
1634 979 1729 1023 aptae
1749 969 1833 1008 col-

434 1047 636 1100 ligataeque
656 1043 868 1082 videantur.

475 1113 528 1151 V.
549 1112 632 1164 Qi
649 1121 779 1149 autem
792 1109 1007 1162 requirunt,
1024 1109 1120 1161 quid
1139 1121 1292 1162 quaque
1312 1108 1358 1146 de
1377 1120 1415 1146 re
1435 1105 1504 1160 ipsi
1525 1105 1744 1147 sentiamus,
1761 1114 1834 1140 cu-

435 1179 566 1220 riofius
587 1178 627 1217 id
646 1177 809 1222 faciunt,
823 1189 941 1229 quam
960 1175 1104 1214 necesse
1123 1175 1189 1213 est.
1209 1175 1303 1213 Non
1318 1174 1424 1212 enim
1445 1183 1524 1212 tam
1541 1169 1773 1210 auctoritatis
1794 1169 1835 1206 in

432 1244 677 1297 disputando,
698 1256 817 1294 quam
838 1241 1008 1285 rationis,
1026 1249 1226 1278 momenta
1240 1239 1441 1292 quaerenda
1455 1238 1556 1277 sunt.
1588 1235 1697 1288 Qin
1717 1234 1835 1272 etiam

431 1309 539 1348 obest
572 1308 803 1361 plerumque
833 1306 894 1350 iis,
925 1305 994 1358 qui
1014 1304 1154 1342 discere
1180 1304 1331 1347 volunt,
1363 1303 1562 1341 auctoritas
1582 1314 1732 1344 eorum,
1766 1298 1837 1351 qui

433 1375 471 1416 se
496 1375 630 1414 docere
650 1372 892 1427 profitentur.
936 1371 1127 1409 Desmunt
1146 1370 1252 1408 enim
1279 1368 1391 1407 suum
1405 1367 1602 1421 judicium
1626 1364 1804 1405 adhibere
1821 1383 1834 1409 ς

434 1441 475 1480 id
494 1440 639 1480 habent
659 1448 800 1484 ratum,
831 1437 937 1490 quod
957 1436 1003 1475 ab
1024 1449 1084 1481 eo,
1107 1448 1225 1489 quem
1244 1435 1422 1488 probant,
1445 1433 1669 1486 judicatum
1688 1431 1834 1470 vident.

434 1507 523 1548 Nec
557 1519 645 1544 vero
675 1504 835 1557 probare
867 1503 968 1541 soleo
998 1501 1051 1547 id,
1093 1500 1199 1553 quod
1228 1500 1275 1538 de
1305 1498 1553 1552 Pythagoreis
1584 1497 1834 1550 accepimus;

435 1585 532 1625 quos
552 1570 697 1614 ferunt,
727 1569 753 1607 fi
775 1568 870 1620 quid
890 1567 1121 1605 affirmarent
1140 1567 1181 1604 in
1202 1565 1443 1618 disputando,
1475 1577 1569 1603 cum
1588 1576 1636 1601 ex
1654 1563 1702 1601 iis
1727 1575 1837 1615 quae-

436 1648 592 1682 teretur,
615 1648 730 1689 quare
750 1635 803 1673 ita
819 1633 922 1679 esset,
953 1631 1178 1685 respondere
1199 1631 1344 1676 solitos,
1371 1632 1449 1684 1ka
1466 1630 1572 1669 dixit.
1603 1628 1687 1682 Ipse
1706 1638 1837 1669 autem

435 1713 514 1743 erat
535 1701 781 1755 Pythagoras.
823 1702 1000 1738 Tantum
1032 1698 1166 1752 opinio
1198 1696 1442 1751 praejudicata
1459 1705 1623 1750 poterat,
1653 1704 1697 1735 ut
1718 1695 1836 1735 etiam

435 1771 513 1808 sine
533 1769 678 1807 ratione
698 1766 836 1805 valeret
856 1764 1071 1804 auctoritas.

491 1835 574 1887 Qi
594 1843 723 1872 autem
743 1832 946 1877 mirantur,
976 1843 1045 1868 nos
1071 1827 1172 1868 hanc
1192 1828 1434 1883 potissimum
1464 1827 1707 1882 disciplinam
1727 1828 1836 1867 secu-

436 1912 509 1946 tos,
531 1899 591 1938 his
613 1908 778 1952 quatuor
798 1896 1042 1936 Academicis
1062 1895 1171 1934 libris
1192 1895 1276 1934 satis
1296 1893 1516 1948 responsum
1535 1894 1700 1933 videtur.
1750 1894 1839 1933 Nec

435 1980 525 2005 vero
550 1965 783 2004 desertarum
816 1963 1111 2014 relictarumque
1139 1974 1268 2000 rerum
1294 1960 1554 2014 patrocinium
1585 1959 1837 2012 suscepimus.

437 2033 533 2072 Non
565 2031 670 2070 enim
700 2029 909 2068 hominum
940 2028 1096 2066 interitu
1131 2027 1323 2065 sententiae
1352 2039 1506 2078 quoque
1534 2025 1743 2070 occidunt3
1775 2025 1839 2063 sed

438 2099 568 2137 lucem
598 2096 760 2135 auctoris
794 2093 942 2133 fortafl‘e
971 2093 1206 2132 desiderant:
1240 2101 1282 2130 ut
1308 2090 1390 2129 haec
1421 2092 1460 2129 in
1481 2089 1724 2144 philosophia
1744 2091 1839 2129 ratio

438 2174 571 2203 contra
590 2163 721 2201 omnia
739 2160 951 2206 differendi,
988 2159 1214 2211 nullamque
1241 2171 1318 2196 rem
1350 2166 1475 2210 aperte
1499 2156 1715 2209 judicandi,
1746 2170 1837 2209 pro-

439 2229 534 2268 fecta
554 2243 574 2266 a
603 2230 766 2271 Socrate,
798 2227 956 2279 repetita
976 2225 1022 2263 ab
1043 2224 1222 2269 Arcesila,
1250 2222 1476 2262 confirmata
1495 2235 1515 2260 a
1535 2221 1742 2266 Carneade,
1774 2221 1838 2260 us-

438 2309 514 2348 que
534 2294 579 2332 ad
602 2293 766 2332 nostram
786 2292 911 2344 viguit
931 2300 1079 2330 aetatem
1096 2308 1108 2335 ς
1139 2303 1257 2342 quam
1281 2302 1383 2327 nunc
1405 2287 1687 2342 propemodum
1703 2287 1837 2326 orbam

438 2361 508 2400 effe
531 2361 568 2399 in
590 2359 667 2413 ipsa
688 2359 838 2397 Graecia
856 2357 1031 2409 intelligo
1050 2372 1059 2395 ι
1091 2355 1196 2408 quod
1217 2369 1292 2394 non
1310 2354 1528 2393 Academiae
1547 2353 1657 2398 vitio,
1680 2353 1742 2392 sed
1761 2362 1838 2392 tar-

439 2428 557 2468 ditate
578 2425 801 2469 hominum,
823 2424 984 2463 arbitror
1004 2421 1216 2474 contigisse.
1263 2421 1368 2460 Nam
1390 2421 1416 2459 si
1438 2420 1601 2473 singulas
1620 2419 1838 2473 disciplinas

440 2493 632 2547 percipere
659 2503 846 2544 magnum
875 2489 958 2535 cst;
990 2498 1136 2542 quanto
1170 2488 1291 2539 majus
1318 2488 1485 2524 omnes?
1516 2485 1620 2539 quod
1650 2485 1772 2524 facere
1793 2486 1838 2523 iis

441 2558 583 2600 necelsc
603 2558 667 2603 est,
691 2557 831 2610 quibus
852 2555 1087 2609 propositum
1108 2554 1175 2599 est,
1205 2553 1284 2591 veri
1311 2552 1520 2606 reperiendi
1541 2552 1664 2597 caum,
1684 2560 1721 2589 et
1740 2564 1836 2589 con-

441 2634 495 2666 tra
515 2637 648 2664 omncs
669 2621 920 2677 philosophos
940 2631 977 2662 et
998 2634 1066 2675 pro
1086 2619 1270 2660 omnibus
1301 2619 1441 2659 dicere.
1486 2618 1609 2671 Cujus
1641 2617 1693 2657 rei
1725 2625 1838 2657 tantae
