2330 2983
559 261 835 299 LIBER
893 261 1390 301 SECUNDUS.
1609 278 1680 317 117

282 372 368 396 vera
387 359 468 396 laus
489 357 688 395 deserenda
707 358 772 396 est.
824 360 881 396 Ita
901 368 1126 397 caeterorum
1147 359 1339 398 sententiis
1361 360 1530 406 semotis,
1562 361 1679 399 relin-

284 425 417 476 quitur
436 437 513 461 non
535 422 634 460 mihi
654 437 747 461 cum
764 425 979 476 Torquato,
1007 424 1068 462 sed
1089 426 1222 463 virtuti
1243 440 1334 464 cum
1355 426 1565 479 voluptate,
1597 441 1680 465 cer-

282 490 390 527 tatio.
424 490 556 541 Qam
575 489 735 540 quidem
766 490 1031 534 certationem,
1064 489 1185 528 homo
1211 500 1249 528 et
1281 501 1414 529 acutus
1440 502 1478 529 et
1502 493 1681 546 diligens,

283 553 519 607 Chrysippus
542 567 617 591 non
639 555 869 599 contemnit,
907 564 1111 607 totumque
1130 555 1333 593 discrimen
1355 556 1498 594 summi
1520 558 1610 595 boni
1642 560 1682 596 in

282 620 414 657 eadem
434 620 719 672 comparatione
739 621 905 672 politum
927 630 1048 673 putat.
1096 622 1181 673 Ego
1201 631 1328 659 autem
1349 621 1540 667 existimo,
1563 623 1587 661 fi
1608 623 1682 661 ho-

284 685 433 722 nestum
453 685 600 737 aliquid
631 685 840 730 ostendero,
872 686 976 738 quod
1010 686 1054 724 fit
1084 686 1211 739 ipsum
1241 687 1280 724 vi
1309 686 1372 724 sua
1400 697 1554 740 propter
1574 689 1686 740 seque

282 751 555 804 expetendum,
571 752 695 803 jacere
715 752 832 790 vestra
851 752 994 790 omnia.
1038 753 1172 805 Itaque
1192 767 1250 798 eo,
1282 753 1394 805 quale
1414 753 1471 798 fit,
1504 755 1682 799 breviter,

283 827 327 854 ut
347 827 499 870 tempus
516 817 692 870 postulat,
715 818 936 864 constituto,
959 819 1137 857 accedam
1158 819 1203 856 ad
1223 820 1354 857 omnia
1375 830 1451 864 tua,
1469 821 1681 873 Torquate,

283 884 351 921 nifi
374 885 558 922 memoria
577 882 675 921 forte
695 883 888 922 defecerit.

339 949 560 987 Honestum
591 949 710 1001 igitur
743 949 783 987 id
803 950 1074 1002 intelligimus,
1102 951 1207 1003 quod
1242 951 1315 988 tale
1345 951 1410 996 est,
1447 962 1490 990 ut
1521 953 1683 991 detracta

283 1015 391 1052 omni
413 1014 592 1058 utilitate,
622 1014 698 1052 fine
718 1015 807 1053 ullis
827 1016 993 1067 praemiis
1011 1015 1256 1060 fructibusve,
1287 1030 1354 1068 per
1373 1017 1408 1054 se
1426 1017 1550 1069 ipsum
1572 1019 1682 1070 poffit

278 1082 365 1132 jure
386 1080 542 1117 laudari.
576 1080 693 1131 Qod
713 1081 824 1132 quale
847 1081 903 1125 fit,
922 1095 998 1118 non
1021 1091 1098 1119 tam
1119 1081 1357 1127 definitione,
1381 1097 1456 1134 qua
1475 1083 1559 1121 sum
1580 1084 1681 1129 usus,

283 1145 449 1198 intelligi
470 1145 603 1198 potest,
637 1146 878 1198 (quanquam
904 1147 1145 1198 aliquantum
1168 1147 1305 1199 potest)
1343 1161 1458 1199 quam
1480 1151 1682 1187 communi

283 1212 461 1249 omnium
489 1211 653 1263 judicio,
686 1219 724 1249 et
757 1212 898 1265 optimi
929 1212 1114 1264 cujusque
1142 1212 1273 1250 studiis
1300 1223 1415 1265 atque
1446 1213 1581 1259 factm
1614 1216 1682 1267 qui

285 1277 475 1330 permulta
494 1277 544 1315 ob
565 1290 649 1314 eam
670 1291 786 1315 unam
807 1278 956 1315 causam
976 1277 1137 1323 faciunt,
1155 1279 1246 1330 quia
1264 1279 1387 1324 decet,
1410 1281 1499 1332 quia
1519 1282 1680 1325 festum,

285 1343 375 1395 quia
393 1341 596 1380 honestum
616 1341 668 1379 est
684 1360 695 1386 3
718 1342 783 1380 etfi
800 1342 953 1380 nullum
974 1343 1271 1381 consecuturum
1291 1344 1604 1383 emolumentum
1623 1347 1681 1383 vi-

286 1409 391 1446 dent.
437 1409 631 1446 Homines
651 1408 771 1452 enim,
802 1409 867 1446 etsi
888 1408 970 1446 aliis
992 1410 1142 1454 multis,
1174 1419 1303 1447 tamen
1322 1408 1397 1448 hoc
1418 1424 1495 1448 uno
1515 1424 1535 1448 a
1555 1411 1681 1450 bestiis

286 1475 501 1527 plurimum
533 1473 727 1518 differunt,
763 1474 867 1525 quod
903 1475 1089 1512 rationem
1122 1473 1287 1513 habeant
1316 1489 1337 1512 a
1376 1485 1509 1514 natura
1539 1477 1680 1523 datam,

288 1549 536 1592 mentemque
570 1548 608 1577 et
636 1551 776 1583 acrem,
808 1548 845 1576 et
879 1539 1089 1591 vigentem,
1121 1540 1396 1592 celerrimeque
1428 1543 1551 1580 multa
1570 1543 1681 1582 simul

287 1605 508 1657 agitantem,
539 1613 590 1648 et,
622 1613 665 1641 ut
690 1604 743 1642 ita
772 1603 913 1648 dicam,
939 1604 1135 1656 sagacem:
1168 1619 1253 1657 quae
1273 1614 1311 1643 et
1331 1607 1455 1645 causas
1476 1621 1617 1654 rerum,
1646 1619 1683 1647 et

285 1671 569 1710 consecutiones
589 1670 727 1715 videat,
745 1679 784 1707 et
799 1670 1067 1709 fimilitudines
1088 1670 1299 1717 transferat,
1321 1682 1360 1711 et
1379 1673 1568 1726 disjunc‘ta
1587 1689 1682 1714 con-

279 1738 430 1789 jungat,
452 1745 490 1773 et
509 1749 600 1773 cum
621 1735 866 1788 praesentibus
887 1735 1016 1774 futura
1035 1738 1205 1790 copulet,
1227 1752 1464 1791 omnemque
1483 1741 1683 1794 complec-

285 1813 385 1840 tatur
403 1803 490 1839 vitae
509 1801 775 1853 consequentis
795 1802 949 1840 statum.
981 1803 1206 1856 Eademque
1237 1805 1331 1842 ratio
1361 1804 1454 1843 fecit
1479 1805 1683 1845 hominem

285 1867 492 1906 hominum
512 1876 769 1919 appetentem,
800 1881 969 1920 cumque
999 1868 1058 1906 his
1087 1870 1232 1914 natura,
1263 1879 1300 1908 et
1330 1871 1516 1917 sermone,
1547 1881 1585 1910 et
1615 1873 1683 1910 usu

285 1942 574 1986 congruentem,
611 1942 653 1970 ut
676 1932 866 1985 profectus
897 1946 916 1970 a
947 1935 1100 1972 caritate
1133 1935 1432 1974 domesticorum
1464 1951 1505 1975 ac
1526 1938 1681 1976 suorum

286 2000 403 2052 serpat
424 1999 590 2051 longius,
621 2009 659 2036 et
690 1999 724 2036 se
744 1999 920 2051 implicet
940 1999 1112 2052 primum
1143 2002 1304 2047 civium,
1336 2002 1471 2040 deinde
1503 2004 1681 2042 omnium

286 2065 510 2104 mortalium
531 2064 729 2103 societate:
762 2074 889 2117 atque,
923 2075 966 2104 ut
986 2067 1031 2104 ad
1053 2066 1268 2119 Archytam
1296 2068 1439 2121 scripfit
1461 2070 1584 2114 Plato,
1615 2085 1682 2109 non

267 2132 346 2184 fibi
346 2133 391 2184 st
395 2132 469 2184 fili
484 2140 609 2169 natum
626 2131 836 2176 meminerit,
853 2132 925 2184 std
943 2134 1096 2184 patriae,
1110 2133 1182 2186 ſsd
1182 2134 1277 2186 suis,
1309 2144 1352 2172 ut
1372 2136 1578 2188 perexigua
1597 2150 1679 2188 pars

286 2198 352 2250 ipsi
385 2197 634 2249 relinquatur.
694 2198 747 2235 Et
780 2199 965 2249 quoniam
990 2199 1122 2237 eadem
1144 2210 1275 2238 natura
1300 2201 1551 2252 cupiditatem
1573 2203 1683 2254 inge-

287 2264 371 2301 nuit
390 2262 543 2301 homini
564 2264 640 2300 veri
663 2263 894 2308 inveniendi,
925 2265 1029 2316 quod
1057 2264 1242 2304 facillime
1262 2277 1428 2318 apparet,
1461 2281 1551 2305 cum
1572 2269 1681 2305 vacui

286 2330 400 2373 curis,
435 2329 551 2367 etiam
571 2329 666 2380 quid
700 2329 738 2366 in
759 2329 859 2367 coelo
879 2329 958 2375 fiat,
981 2330 1073 2368 scire
1099 2345 1277 2370 avemus:
1310 2331 1370 2370 his
1392 2333 1511 2371 initiis
1535 2334 1682 2370 inducti

287 2395 417 2432 omnia
438 2408 521 2432 vera
541 2395 755 2447 diligimus,
786 2396 826 2433 id
854 2396 919 2441 est,
942 2396 1081 2441 fidelia,
1104 2397 1302 2450 simplicia,
1327 2399 1559 2436 constantia:
1598 2408 1682 2436 tum

288 2474 392 2504 vana,
415 2459 516 2505 falsa,
549 2459 718 2498 fallentia
736 2461 903 2506 odimus,
935 2472 978 2500 ut
997 2461 1187 2508 fraudem,
1219 2465 1445 2516 perjurium,
1477 2464 1680 2509 malitiam,

287 2526 481 2578 injuriam.
543 2526 689 2564 Eadem
723 2527 818 2565 ratio
850 2526 967 2566 habet
1005 2528 1043 2566 in
1078 2529 1113 2566 se
1147 2529 1334 2580 quiddam
1360 2529 1536 2582 amplum
1569 2539 1682 2581 atque
