2330 2983
577 263 867 304 VARIAE
943 261 1501 302 LECTIONES.

323 399 379 436 238
403 408 438 435 27
460 398 561 429 exierit
574 413 595 436 χ
607 403 705 429 exierat

405 448 442 477 ²9
463 438 491 467 id
507 441 544 468 est
558 454 576 468 ⁶-
589 450 644 468 cum

401 488 440 516 30
460 479 584 508 ministra
598 481 626 508 D
641 493 658 507 σ-
672 481 797 519 magistra

399 533 439 539 —
461 518 566 547 famula
581 519 714 556 &familia

402 567 416 594 3
426 567 436 586 ι
460 557 619 586 sevocamus
645 572 653 586 a
668 570 803 587 evocamus
828 571 846 586 o·
862 560 1027 597 stgregamus

498 598 523 632 ψ
539 608 554 625 2
574 607 718 626 revocamus

402 645 438 674 32
461 643 520 665 tum
537 637 565 665 D
581 644 634 666 tum
646 646 730 666 tamen

397 690 438 697 —
458 677 627 705 advocamus
642 678 668 712 ψ
684 687 699 705 2
713 687 843 707 evocatum

401 725 436 753 33
461 715 551 744 secum
568 717 596 745 D
603 718 737 756 ficumque

399 770 439 776 —
460 765 476 783 a
491 755 517 790 ’ψ
532 766 547 784 2
563 758 657 794 quoda

399 809 440 816 -
460 795 630 825 abducimus
645 795 672 832 ψ
689 797 857 833 zfiducimus

403 844 441 871 34
462 836 610 864 Secernere
624 837 649 870 ψ
669 846 678 864 1
697 837 732 864 Et
740 837 868 871 secernere

400 889 440 895 —
462 885 512 903 nec
526 875 681 914 quidquam
698 875 726 904 D
743 877 766 904 E
784 876 813 904 U
828 878 995 915 nequicquam

402 929 443 935 —
463 915 500 942 est
515 914 544 943 D
560 916 588 944 U
603 918 632 944 d.

403 962 437 991 35
461 964 545 991 quam
561 969 580 989 ι,
596 957 621 990 ψ
637 966 652 985 2
669 957 718 993 nisi

322 1003 381 1032 259
427 1002 437 1021 1
458 995 714 1033 disjungamusque
729 997 753 1030 ψ
772 1005 782 1024 1
801 998 975 1035 disjungamus

400 1049 440 1056 —
461 1034 805 1070 idestseta-velqaezd.

423 1083 438 1111 3
462 1074 527 1102 Hoc
542 1083 590 1104 et:
606 1076 660 1105 Hoc
673 1090 694 1112 χ,
707 1078 758 1105 Hic
771 1077 805 1114 est

401 1128 442 1135 —-
462 1114 516 1144 erit
529 1128 553 1152 χ
566 1117 593 1144 d.

425 1162 439 1191 5
463 1154 548 1182 etiam
565 1155 594 1183 D
607 1162 632 1183 et

400 1206 441 1214 ··—
461 1192 523 1222 sunt
535 1195 620 1232 xſsnt

420 1241 438 1269 7
461 1233 497 1260 est
511 1234 537 1268 ψ
555 1243 564 1262 1
581 1234 608 1263 d.

424 1274 440 1300 8
463 1272 566 1302 liberet
585 1288 609 1312 χ
621 1275 725 1303 haberet
742 1275 768 1310 ψ
783 1284 793 1302 1
813 1285 859 1302 non
873 1272 1030 1302 liberaretur

504 1311 531 1347 ψ
549 1323 563 1342 2
579 1314 665 1342 licem

408 1360 443 1380 ιο
463 1352 535 1381 nihil
550 1353 572 1381 E
586 1355 652 1382 mihi

402 1406 443 1415 —-
462 1391 507 1421 his
521 1402 588 1422 vero
612 1393 686 1428 gM.
701 1395 753 1422 His
774 1393 842 1421 modo
864 1402 922 1421 vcro
950 1404 967 1420 e
983 1392 1027 1421 M.

502 1434 554 1462 His
580 1444 639 1462 vero
665 1447 687 1470 χ
701 1434 741 1462 bis
766 1433 834 1462 modo
863 1433 888 1468 ψ
908 1441 933 1467 1,
949 1442 964 1460 2
984 1433 1025 1460 his

503 1485 567 1502 vero
580 1475 649 1502 modo

412 1523 441 1541 11
468 1513 584 1542 Marcus
600 1515 614 1548 ξ
629 1514 655 1542 d.

408 1564 417 1582 ι
428 1564 442 1582 2
464 1554 592 1583 celeriter
606 1554 629 1582 E
644 1554 660 1588 ξ
673 1555 759 1583 aderit

403 1609 443 1616 -
462 1602 491 1623 et
506 1594 533 1622 D
548 1597 575 1622 d.

402 1649 443 1656 ——
461 1633 623 1662 retractabis
638 1634 660 1661 E
677 1633 706 1662 U
721 1633 736 1667 ξ
749 1632 896 1661 retardabis

399 1690 439 1697 —
461 1673 515 1702 five
531 1673 694 1711 properabis
708 1686 725 1700 o
739 1674 766 1701 d.

408 1723 418 1741 1
429 1723 443 1751 3
467 1713 574 1741 dudum
589 1726 606 1740 r
625 1713 727 1741 dubium

407 1763 444 1790 ¹4
463 1752 535 1781 nihil
551 1754 574 1782 E
590 1753 606 1787 ξ
619 1754 646 1782 d.

404 1807 443 1815 —
461 1792 539 1821 aliud
553 1793 576 1822 E
592 1793 607 1827 ξ
621 1793 647 1821 d.

408 1834 443 1861 16
465 1832 568 1861 sumus.
594 1831 719 1861 Auditor
732 1833 850 1870 xfiemus

407 1882 441 1909 ¹7
464 1871 550 1900 refert
566 1875 576 1900 ?
606 1872 717 1901 Adsunt
736 1886 760 1910 χ
773 1875 895 1911 νψνιισ.
919 1870 956 1899 A.
971 1870 1025 1898 Ad-

497 1912 562 1947 ficut

403 1967 444 1975 —
464 1951 524 1980 haec
537 1965 546 1979 ι
560 1952 604 1980 hoc

402 2007 444 2014 —
464 1991 586 2029 probent
599 1990 627 2027 ψ
645 2001 654 2020 1
669 1995 798 2030 propricnt

409 2034 443 2061 18
465 2030 660 2067 εκι,ξ,χ,ψ
678 2040 702 2066 1,
721 2035 780 2059 zin

408 2081 443 2111 ¹9
467 2078 497 2100 ut
521 2071 629 2100 ratione
659 2071 684 2106 ξ,
698 2084 726 2105 e,
741 2084 773 2107 χ,
789 2069 816 2107 ψ
835 2079 860 2105 1,
877 2079 891 2098 2
915 2072 955 2099 uti
981 2081 1028 2099 ra-

504 2115 570 2140 tione
584 2117 614 2138 ut

405 2160 444 2180 2ο
497 2151 524 2179 ui
539 2151 564 2185 ψ
583 2160 592 2179 1
610 2151 679 2188 Qis

403 2205 446 2213 ——
497 2191 525 2218 ui
539 2192 564 2224 ψ
583 2200 591 2218 1
610 2191 677 2227 Qir

407 2239 440 2258 21
466 2240 548 2268 rogas
564 2231 592 2258 D
606 2241 682 2268 negas

404 2284 444 2293 —
464 2278 562 2298 contra
588 2269 747 2298 dicentium
772 2269 798 2304 ψ
816 2279 827 2298 1
855 2271 1031 2300 contradicen-

508 2310 566 2337 dum

408 2363 449 2371 —
469 2358 570 2385 ηοηχ,
586 2349 611 2384 ψ
630 2359 655 2382 1,
674 2359 745 2378 znec

408 2399 447 2426 ²4
467 2389 650 2417 Dicaearchus
667 2389 695 2417 D
709 2389 872 2420 Dicearchus

404 2443 445 2452 —
465 2428 590 2457 differuit
606 2429 633 2458 U
647 2428 752 2465 deseruit

407 2483 447 2491 -—
469 2476 523 2496 tres
544 2469 567 2496 E
583 2470 611 2498 U
626 2473 676 2498 tris

407 2518 444 2548 25
467 2507 599 2539 Lesbiaci
617 2509 633 2544 ξ
644 2508 772 2540 lubeatiti

1101 380 1139 438 ‘59
1163 380 1197 437 2}
1221 398 1298 437 quod
1321 398 1471 436 Mytilenis
1499 396 1588 436 x'qui
1611 399 1731 429 mitilenis
1756 401 1784 436 ψ

1259 437 1364 466 multum
1376 438 1438 467 Iem's

1164 478 1200 507 26
1222 478 1285 505 vult
1298 491 1319 512 χ
1333 477 1395 505 nolu

1162 527 1197 553 ²7
1221 517 1330 544 usuram
1344 530 1361 544 0-
1371 518 1396 546 d.

1162 558 1198 584 28
1221 556 1329 592 semper
1344 555 1533 594 Dfidstmptr

1160 611 1201 619 -—
1222 602 1327 633 negant
1341 608 1359 622 e-
1373 597 1399 623 d.

1163 644 1200 673 29
1221 635 1302 663 Num
1326 635 1368 662 vis
1389 635 1405 668 ξ
1418 635 1453 663 A.
1469 646 1527 663 num
1546 639 1588 664 vis
1600 650 1627 670 σ,
1642 636 1668 672 ψ
1685 647 1700 666 2
1715 639 1788 668 Num

1261 685 1308 702 non
1322 676 1367 703 vis
1381 674 1408 710 ψ
1423 684 1432 702 1
1452 675 1580 713 Nunquid

1159 729 1201 737 —
1221 724 1271 743 cur
1284 714 1370 743 etiam
1382 729 1462 737 —-
1477 715 1591 744 videtur
1604 729 1622 745 ο·
1634 717 1659 745 d.

1160 770 1201 776 --
1222 755 1261 783 ita
1275 755 1301 789 ψ
1321 763 1345 786 1,
1363 764 1377 782 2
1393 755 1444 790 ista

1159 810 1200 817 —
1221 802 1315 823 tamen
1331 803 1386 822 non
1401 808 1425 832 χ
1438 804 1491 823 tum

1163 844 1200 872 30
1223 833 1358 863 Auditor.
1381 834 1424 863 Ut
1438 836 1452 869 ξ
1465 835 1508 863 M.
1525 835 1562 863 Ut

1164 883 1197 912 31
1222 873 1348 902 Marcus.
1369 873 1470 902 Laudo
1497 889 1505 902 ι
1522 875 1555 903 Β.
1572 874 1657 904 Laudo
1672 875 1698 910 ξ,
1713 890 1735 915 χ
1748 878 1785 906 A.

1260 915 1350 942 Laudo
1363 927 1382 942 ο·
1394 915 1433 943 D.
1450 915 1537 942 Laudo

1163 963 1198 992 32
1221 953 1304 982 nimis
1329 967 1348 989 ι,
1363 955 1388 988 ξ,
1402 967 1430 987 e,
1445 968 1476 991 χ,
1491 955 1517 989 ψ
1535 963 1560 989 1,
1579 966 1593 984 2
1608 958 1701 985 animis

1161 1009 1201 1016 —·
1222 1003 1298 1022 enlm
1312 1007 1320 1022 Ι
1335 1003 1418 1022 aulem

1164 1043 1198 1071 33
1220 1034 1312 1062 labam
1319 1044 1348 1062 us
1363 1034 1393 1062 U
1406 1034 1569 1073 labamuspue

1165 1083 1203 1110 34
1223 1074 1260 1101 est
1274 1073 1348 1102 enim
1364 1087 1372 1101 ι
1386 1077 1451 1102 enim
1465 1077 1527 1111 inest

1165 1122 1199 1151 35
1225 1114 1300 1141 Aud.
1316 1127 1324 1141 ι
1338 1114 1378 1142 Τ.
1393 1115 1418 1148 ξ,
1434 1127 1455 1149 χ
1468 1114 1512 1141 M.

1160 1165 1202 1174 —
1222 1154 1294 1180 Sane
1308 1154 1332 1181 E
1348 1154 1413 1181 Sane
1425 1155 1466 1181 ita
1479 1155 1513 1190 ᾤ

1161 1206 1204 1214 —
1223 1202 1258 1220 ne
1273 1193 1300 1220 D
1315 1203 1343 1221 ne
1355 1194 1386 1220 id

1085 1230 1143 1260 260
1188 1241 1198 1260 ι
1225 1233 1339 1261 Marcus
1355 1233 1370 1267 ξ
1384 1233 1420 1261 A.
1434 1246 1458 1270 χ
1471 1234 1498 1261 d.

1160 1286 1201 1294 —
1223 1272 1306 1300 Num
1327 1273 1398 1310 quid
1413 1271 1441 1307 ψ
1460 1283 1470 1301 1
1490 1272 1559 1301 Num
1574 1275 1674 1311 quidem

1184 1321 1200 1340 2
1223 1311 1288 1339 dico
1301 1312 1329 1340 D
1345 1313 1431 1340 dzcunr

1161 1366 1202 1375 —-
1222 1361 1237 1379 e
1253 1351 1280 1379 D
1295 1352 1320 1386 ψ
1339 1361 1348 1380 1
1367 1353 1396 1380 d.

1186 1401 1200 1429 3
1224 1391 1388 1420 excesserint
1413 1405 1420 1419 ι
1445 1392 1594 1430 difieffrint
1619 1393 1668 1422 vel
1688 1394 1791 1433 ext-ff-

1262 1440 1316 1460 ΥΙῙΙῘ

1163 1484 1204 1494 -
1223 1472 1300 1509 quod
1314 1485 1333 1507 z
1348 1472 1446 1510 quidem

1184 1521 1203 1548 4
1223 1512 1260 1539 est
1274 1512 1297 1539 E
1313 1511 1328 1545 ξ
1342 1514 1368 1540 d.

1163 1566 1203 1573 —
1223 1551 1350 1579 animum
1364 1550 1391 1587 ψ
1408 1561 1423 1580 2
1437 1553 1552 1580 animam

1183 1601 1198 1629 5
1221 1600 1338 1628 corpore
1351 1592 1374 1619 E
1390 1592 1404 1625 ξ
1417 1592 1558 1629 corporibus

1163 1646 1203 1653 ——
1222 1638 1314 1659 autem
1333 1631 1360 1659 D
1375 1638 1422 1659 aut

1185 1670 1202 1698 6
1225 1670 1351 1699 conceffo
1365 1671 1390 1706 ψ
1410 1681 1418 1699 1
1435 1674 1532 1707 accenso

1163 1724 1203 1733 —
1223 1710 1253 1738 id
1268 1718 1343 1738 certe
1357 1710 1386 1738 D
1403 1711 1424 1738 E
1441 1712 1469 1739 U
1484 1712 1588 1741 idcirco
1602 1713 1627 1749 ξ,
1642 1726 1670 1749 e,
1683 1727 1717 1752 χ,
1731 1714 1756 1750 ψ
1772 1723 1788 1744 2

1263 1751 1357 1778 idcirco
1373 1749 1399 1785 ψ
1419 1759 1427 1777 1
1447 1759 1471 1779 et
1485 1752 1578 1780 idcirco

1182 1798 1200 1827 7
1222 1799 1257 1817 ne
1271 1790 1296 1824 ψ
1314 1799 1322 1817 1
1342 1801 1390 1817 non

1181 1840 1200 1867 9
1222 1829 1346 1857 Panaetio
1362 1830 1385 1858 E
1402 1830 1525 1859 Pannuio

1163 1883 1202 1891 —-
1223 1869 1391 1898 dissentienti
1405 1869 1429 1897 E
1444 1871 1458 1904 ξ
1471 1871 1599 1907 diffidenti

1163 1924 1204 1931 —-
1224 1909 1299 1938 enim
1316 1909 1342 1944 ψ
1361 1919 1370 1936 1
1390 1910 1416 1937 d.

1168 1959 1178 1977 ι
1189 1959 1198 1977 1
1225 1950 1383 1978 Homerum
1400 1950 1426 1984 ψ
1439 1959 1454 1978 2
1469 1950 1591 1979 Homerus

1163 2004 1203 2010 —
1225 1999 1308 2017 unam
1325 1990 1349 2023 ψ
1368 1998 1376 2016 1
1397 1991 1425 2018 d.

1168 2038 1200 2066 13
1224 2029 1298 2057 nasci
1316 2029 1344 2057 D
1358 2030 1410 2066 nisi

1162 2083 1203 2090 —
1223 2069 1300 2106 quod
1318 2083 1339 2105 χ
1354 2069 1453 2107 quidcm

1169 2117 1204 2145 ¹4
1224 2109 1348 2138 declarat
1368 2108 1391 2136 E
1407 2122 1435 2142 e,
1450 2109 1475 2144 ψ
1492 2119 1507 2137 2
1522 2108 1631 2138 declaret

1164 2163 1204 2171 —
1224 2149 1272 2186 qui
1297 2156 1479 2186 procreantur
1511 2149 1539 2177 D
1556 2150 1578 2178 E
1596 2149 1625 2178 U
1646 2163 1673 2182 e.
1698 2163 1721 2187 χ
1747 2153 1791 2189 qni

1260 2195 1421 2226 procreentur
1434 2189 1459 2223 ψ
1478 2198 1487 2217 1
1507 2201 1553 2227 quo
1562 2198 1725 2228 procreentur

1165 2242 1205 2251 —
1225 2238 1288 2266 quae
1302 2228 1328 2263 ψ
1348 2238 1357 2256 1
1377 2230 1443 2266 quod

1171 2268 1205 2296 16
1228 2268 1257 2296 id
1274 2269 1290 2302 ξ
1303 2269 1330 2296 d.

1163 2322 1204 2330 —
1223 2318 1338 2346 quoque
1352 2321 1373 2344 χ
1386 2318 1432 2344 quo
1444 2309 1511 2336 modo

1167 2357 1202 2385 ¹7
1225 2355 1318 2376 autem
1338 2348 1366 2376 D
1382 2355 1429 2375 aur

1168 2389 1202 2415 18
1222 2395 1315 2416 autem
1332 2387 1360 2415 D
1375 2393 1423 2415 aut

1164 2442 1205 2450 ·-
1224 2427 1310 2455 etiam
1326 2427 1354 2455 D
1369 2435 1393 2455 tt

1169 2476 1204 2506 19
1226 2476 1291 2494 cum
1306 2468 1331 2500 ψ
1348 2476 1363 2495 2
1378 2478 1431 2495 cum
1444 2467 1500 2496 baec

1166 2516 1205 2537 20
1226 2506 1336 2537 dicatur
1350 2507 1373 2536 E
1388 2507 1416 2537 U
1432 2507 1457 2544 ψ
1472 2516 1489 2536 2
1504 2507 1632 2543 ditantur!
