<?xml version="1.0" encoding="UTF-8"?>
<!DOCTYPE html PUBLIC "-//W3C//DTD XHTML 1.0 Transitional//EN"
    "http://www.w3.org/TR/xhtml1/DTD/xhtml1-transitional.dtd">
<html xmlns="http://www.w3.org/1999/xhtml" xml:lang="en" lang="en">
 <head>
  <title>
</title>
<meta http-equiv="Content-Type" content="text/html;charset=utf-8" />
  <meta name='ocr-system' content='tesseract 3.04.00' />
  <meta name='ocr-capabilities' content='ocr_page ocr_carea ocr_par ocr_line ocrx_word'/>
</head>
<body>
  <div class='ocr_page' id='page_1' title='image "./operacumindicibu02ciceuoft_0382.png"; bbox 0 0 2330 2983; ppageno 0'>
   <div class='ocr_carea' id='block_1_1' title="bbox 432 221 1518 279">
    <p class='ocr_par' dir='ltr' id='par_1_1' title="bbox 432 221 1518 279">
     <span class='ocr_line' id='line_1_1' title="bbox 432 221 1518 279; baseline -0.018 0"><span class='ocrx_word' id='word_1_1' title='bbox 432 239 510 279; x_wconf 80' lang='lat'>374</span> <span class='ocrx_word' id='word_1_2' title='bbox 741 221 1518 261; x_wconf 87' lang='lat' dir='ltr'><strong>TUSCULANARUM</strong></span> 
     </span>
    </p>
   </div>
   <div class='ocr_carea' id='block_1_2' title="bbox 431 319 1832 1872">
    <p class='ocr_par' dir='ltr' id='par_1_2' title="bbox 431 319 1824 752">
     <span class='ocr_line' id='line_1_2' title="bbox 432 319 1822 373; baseline -0.001 -13"><span class='ocrx_word' id='word_1_3' title='bbox 432 322 591 368; x_wconf 88' lang='lat' dir='ltr'>Etenim</span> <span class='ocrx_word' id='word_1_4' title='bbox 612 320 802 373; x_wconf 88' lang='lat' dir='ltr'>quidquid</span> <span class='ocrx_word' id='word_1_5' title='bbox 822 320 888 364; x_wconf 89' lang='lat' dir='ltr'>est,</span> <span class='ocrx_word' id='word_1_6' title='bbox 910 320 1016 372; x_wconf 91' lang='lat' dir='ltr'>quod</span> <span class='ocrx_word' id='word_1_7' title='bbox 1036 320 1185 358; x_wconf 89' lang='lat' dir='ltr'>bonurn</span> <span class='ocrx_word' id='word_1_8' title='bbox 1205 319 1263 365; x_wconf 87' lang='lat' dir='ltr'>fit,</span> <span class='ocrx_word' id='word_1_9' title='bbox 1280 320 1320 358; x_wconf 92' lang='lat' dir='ltr'>id</span> <span class='ocrx_word' id='word_1_10' title='bbox 1335 319 1595 373; x_wconf 89' lang='lat' dir='ltr'>expetendum</span> <span class='ocrx_word' id='word_1_11' title='bbox 1609 319 1685 358; x_wconf 88' lang='lat' dir='ltr'>est:</span> <span class='ocrx_word' id='word_1_12' title='bbox 1717 321 1822 372; x_wconf 90' lang='lat' dir='ltr'>quod</span> 
     </span>
     <span class='ocr_line' id='line_1_3' title="bbox 432 384 1821 438; baseline -0.002 -13"><span class='ocrx_word' id='word_1_13' title='bbox 432 397 560 425; x_wconf 89' lang='lat' dir='ltr'>autem</span> <span class='ocrx_word' id='word_1_14' title='bbox 579 384 837 438; x_wconf 90' lang='lat' dir='ltr'>expetendum</span> <span class='ocrx_word' id='word_1_15' title='bbox 856 384 922 430; x_wconf 88' lang='lat' dir='ltr'>est,</span> <span class='ocrx_word' id='word_1_16' title='bbox 939 385 979 423; x_wconf 90' lang='lat' dir='ltr'>id</span> <span class='ocrx_word' id='word_1_17' title='bbox 995 394 1095 424; x_wconf 90' lang='lat' dir='ltr'>certe</span> <span class='ocrx_word' id='word_1_18' title='bbox 1114 385 1405 438; x_wconf 89' lang='lat' dir='ltr'>approbandum</span> <span class='ocrx_word' id='word_1_19' title='bbox 1424 399 1433 423; x_wconf 90' lang='lat'>:</span> <span class='ocrx_word' id='word_1_20' title='bbox 1456 385 1562 437; x_wconf 94' lang='lat' dir='ltr'>quod</span> <span class='ocrx_word' id='word_1_21' title='bbox 1576 398 1664 423; x_wconf 93' lang='lat' dir='ltr'>vero</span> <span class='ocrx_word' id='word_1_22' title='bbox 1683 398 1821 437; x_wconf 90' lang='lat' dir='ltr'>appro-</span> 
     </span>
     <span class='ocr_line' id='line_1_4' title="bbox 432 449 1823 503; baseline -0.001 -15"><span class='ocrx_word' id='word_1_23' title='bbox 432 452 546 496; x_wconf 88' lang='lat' dir='ltr'>baris,</span> <span class='ocrx_word' id='word_1_24' title='bbox 567 451 605 488; x_wconf 90' lang='lat' dir='ltr'>id</span> <span class='ocrx_word' id='word_1_25' title='bbox 625 459 777 503; x_wconf 88' lang='lat' dir='ltr'>gratum</span> <span class='ocrx_word' id='word_1_26' title='bbox 796 459 1075 502; x_wconf 89' lang='lat' dir='ltr'>acceptumque</span> <span class='ocrx_word' id='word_1_27' title='bbox 1091 449 1336 488; x_wconf 89' lang='lat' dir='ltr'>habendum:</span> <span class='ocrx_word' id='word_1_28' title='bbox 1359 463 1448 503; x_wconf 87' lang='lat' dir='ltr'>ergo</span> <span class='ocrx_word' id='word_1_29' title='bbox 1467 451 1583 488; x_wconf 92' lang='lat' dir='ltr'>etiam</span> <span class='ocrx_word' id='word_1_30' title='bbox 1602 450 1767 502; x_wconf 88' lang='lat' dir='ltr'>dignitas</span> <span class='ocrx_word' id='word_1_31' title='bbox 1787 450 1823 487; x_wconf 90' lang='lat' dir='ltr'>ei</span> 
     </span>
     <span class='ocr_line' id='line_1_5' title="bbox 432 515 1823 567; baseline 0 -13"><span class='ocrx_word' id='word_1_32' title='bbox 432 516 633 555; x_wconf 91' lang='lat' dir='ltr'>tribuenda</span> <span class='ocrx_word' id='word_1_33' title='bbox 651 515 716 554; x_wconf 91' lang='lat' dir='ltr'>est.</span> <span class='ocrx_word' id='word_1_34' title='bbox 767 515 885 567; x_wconf 87' lang='lat' dir='ltr'>Qod</span> <span class='ocrx_word' id='word_1_35' title='bbox 905 515 930 553; x_wconf 87' lang='lat' dir='ltr'>fi</span> <span class='ocrx_word' id='word_1_36' title='bbox 950 516 1003 554; x_wconf 91' lang='lat' dir='ltr'>ita</span> <span class='ocrx_word' id='word_1_37' title='bbox 1020 515 1086 561; x_wconf 90' lang='lat' dir='ltr'>est,</span> <span class='ocrx_word' id='word_1_38' title='bbox 1115 516 1303 554; x_wconf 86' lang='lat' dir='ltr'>laudabile</span> <span class='ocrx_word' id='word_1_39' title='bbox 1328 516 1374 554; x_wconf 86' lang='lat' dir='ltr'>fit</span> <span class='ocrx_word' id='word_1_40' title='bbox 1402 515 1544 554; x_wconf 84' lang='lat' dir='ltr'>necesse</span> <span class='ocrx_word' id='word_1_41' title='bbox 1562 515 1642 554; x_wconf 87' lang='lat' dir='ltr'>est:</span> <span class='ocrx_word' id='word_1_42' title='bbox 1674 516 1823 554; x_wconf 88' lang='lat' dir='ltr'>bonum</span> 
     </span>
     <span class='ocr_line' id='line_1_6' title="bbox 432 580 1821 634; baseline -0.001 -14"><span class='ocrx_word' id='word_1_43' title='bbox 432 582 552 634; x_wconf 88' lang='lat' dir='ltr'>igitur</span> <span class='ocrx_word' id='word_1_44' title='bbox 570 595 686 620; x_wconf 89' lang='lat' dir='ltr'>omne</span> <span class='ocrx_word' id='word_1_45' title='bbox 707 580 920 619; x_wconf 88' lang='lat' dir='ltr'>laudabile:</span> <span class='ocrx_word' id='word_1_46' title='bbox 953 594 1000 619; x_wconf 90' lang='lat' dir='ltr'>ex</span> <span class='ocrx_word' id='word_1_47' title='bbox 1019 595 1097 633; x_wconf 94' lang='lat' dir='ltr'>quo</span> <span class='ocrx_word' id='word_1_48' title='bbox 1116 581 1296 626; x_wconf 88' lang='lat' dir='ltr'>efficitur,</span> <span class='ocrx_word' id='word_1_49' title='bbox 1327 591 1383 626; x_wconf 87' lang='lat' dir='ltr'>ut,</span> <span class='ocrx_word' id='word_1_50' title='bbox 1405 581 1510 634; x_wconf 90' lang='lat' dir='ltr'>quod</span> <span class='ocrx_word' id='word_1_51' title='bbox 1532 581 1577 619; x_wconf 88' lang='lat' dir='ltr'>fit</span> <span class='ocrx_word' id='word_1_52' title='bbox 1602 580 1821 625; x_wconf 87' lang='lat' dir='ltr'>honestum,</span> 
     </span>
     <span class='ocr_line' id='line_1_7' title="bbox 431 646 1824 699; baseline -0.001 -14"><span class='ocrx_word' id='word_1_53' title='bbox 431 647 471 685; x_wconf 92' lang='lat' dir='ltr'>id</span> <span class='ocrx_word' id='word_1_54' title='bbox 492 647 536 685; x_wconf 85' lang='lat' dir='ltr'>fit</span> <span class='ocrx_word' id='word_1_55' title='bbox 555 647 680 685; x_wconf 88' lang='lat' dir='ltr'>solum</span> <span class='ocrx_word' id='word_1_56' title='bbox 701 647 862 685; x_wconf 90' lang='lat' dir='ltr'>bonum.</span> <span class='ocrx_word' id='word_1_57' title='bbox 894 646 1012 698; x_wconf 81' lang='lat' dir='ltr'>Qod</span> <span class='ocrx_word' id='word_1_58' title='bbox 1032 647 1072 685; x_wconf 90' lang='lat' dir='ltr'>ni</span> <span class='ocrx_word' id='word_1_59' title='bbox 1098 647 1150 685; x_wconf 91' lang='lat' dir='ltr'>ita</span> <span class='ocrx_word' id='word_1_60' title='bbox 1171 647 1388 685; x_wconf 85' lang='lat' dir='ltr'>tenebimus</span> <span class='ocrx_word' id='word_1_61' title='bbox 1406 665 1418 691; x_wconf 90' lang='lat'>;</span> <span class='ocrx_word' id='word_1_62' title='bbox 1450 647 1573 685; x_wconf 90' lang='lat' dir='ltr'>multa</span> <span class='ocrx_word' id='word_1_63' title='bbox 1591 656 1717 691; x_wconf 90' lang='lat' dir='ltr'>erunt,</span> <span class='ocrx_word' id='word_1_64' title='bbox 1739 660 1824 699; x_wconf 87' lang='lat' dir='ltr'>quae</span> 
     </span>
     <span class='ocr_line' id='line_1_8' title="bbox 433 711 948 752; baseline -0.004 -2"><span class='ocrx_word' id='word_1_65' title='bbox 433 713 544 752; x_wconf 87' lang='lat' dir='ltr'>nobis</span> <span class='ocrx_word' id='word_1_66' title='bbox 565 713 665 750; x_wconf 88' lang='lat' dir='ltr'>bona</span> <span class='ocrx_word' id='word_1_67' title='bbox 684 711 844 750; x_wconf 89' lang='lat' dir='ltr'>dicenda</span> <span class='ocrx_word' id='word_1_68' title='bbox 863 711 948 749; x_wconf 86' lang='lat' dir='ltr'>fint.</span> 
     </span>
    </p>

    <p class='ocr_par' dir='ltr' id='par_1_3' title="bbox 431 775 1829 1414">
     <span class='ocr_line' id='line_1_9' title="bbox 487 775 1824 828; baseline -0.001 -13"><span class='ocrx_word' id='word_1_69' title='bbox 487 778 599 815; x_wconf 85' lang='lat' dir='ltr'><strong>XVI.</strong></span> <span class='ocrx_word' id='word_1_70' title='bbox 633 777 789 814; x_wconf 88' lang='lat' dir='ltr'>Omitto</span> <span class='ocrx_word' id='word_1_71' title='bbox 809 776 984 820; x_wconf 70' lang='lat' dir='ltr'>divitias,</span> <span class='ocrx_word' id='word_1_72' title='bbox 1016 789 1123 828; x_wconf 87' lang='lat' dir='ltr'>quas,</span> <span class='ocrx_word' id='word_1_73' title='bbox 1145 789 1236 814; x_wconf 91' lang='lat' dir='ltr'>cum</span> <span class='ocrx_word' id='word_1_74' title='bbox 1257 776 1397 828; x_wconf 89' lang='lat' dir='ltr'>quivis,</span> <span class='ocrx_word' id='word_1_75' title='bbox 1427 775 1601 828; x_wconf 90' lang='lat' dir='ltr'>quamvis</span> <span class='ocrx_word' id='word_1_76' title='bbox 1628 775 1824 827; x_wconf 89' lang='lat' dir='ltr'>indignus,</span> 
     </span>
     <span class='ocr_line' id='line_1_10' title="bbox 431 839 1827 894; baseline -0.001 -14"><span class='ocrx_word' id='word_1_77' title='bbox 431 842 572 882; x_wconf 88' lang='lat' dir='ltr'>habere</span> <span class='ocrx_word' id='word_1_78' title='bbox 592 841 720 894; x_wconf 87' lang='lat' dir='ltr'>poffit,</span> <span class='ocrx_word' id='word_1_79' title='bbox 742 841 780 878; x_wconf 92' lang='lat' dir='ltr'>in</span> <span class='ocrx_word' id='word_1_80' title='bbox 801 841 913 879; x_wconf 92' lang='lat' dir='ltr'>bonis</span> <span class='ocrx_word' id='word_1_81' title='bbox 933 854 1011 879; x_wconf 89' lang='lat' dir='ltr'>non</span> <span class='ocrx_word' id='word_1_82' title='bbox 1031 854 1207 879; x_wconf 90' lang='lat' dir='ltr'>numero.</span> <span class='ocrx_word' id='word_1_83' title='bbox 1250 841 1369 892; x_wconf 84' lang='lat' dir='ltr'>Qod</span> <span class='ocrx_word' id='word_1_84' title='bbox 1399 841 1504 878; x_wconf 90' lang='lat' dir='ltr'>enim</span> <span class='ocrx_word' id='word_1_85' title='bbox 1524 840 1577 878; x_wconf 91' lang='lat' dir='ltr'>est</span> <span class='ocrx_word' id='word_1_86' title='bbox 1595 840 1759 884; x_wconf 88' lang='lat' dir='ltr'>bonum,</span> <span class='ocrx_word' id='word_1_87' title='bbox 1787 839 1827 878; x_wconf 91' lang='lat' dir='ltr'>id</span> 
     </span>
     <span class='ocr_line' id='line_1_11' title="bbox 433 905 1826 959; baseline -0.001 -14"><span class='ocrx_word' id='word_1_88' title='bbox 433 920 512 945; x_wconf 86' lang='lat' dir='ltr'>non</span> <span class='ocrx_word' id='word_1_89' title='bbox 532 907 658 959; x_wconf 87' lang='lat' dir='ltr'>quivis</span> <span class='ocrx_word' id='word_1_90' title='bbox 678 905 816 943; x_wconf 88' lang='lat' dir='ltr'>habere</span> <span class='ocrx_word' id='word_1_91' title='bbox 834 905 969 958; x_wconf 89' lang='lat' dir='ltr'>potest.</span> <span class='ocrx_word' id='word_1_92' title='bbox 1017 906 1173 945; x_wconf 89' lang='lat' dir='ltr'>Omitto</span> <span class='ocrx_word' id='word_1_93' title='bbox 1197 906 1439 945; x_wconf 87' lang='lat' dir='ltr'>nobilitatem</span> <span class='ocrx_word' id='word_1_94' title='bbox 1458 905 1680 958; x_wconf 87' lang='lat' dir='ltr'>famamque</span> <span class='ocrx_word' id='word_1_95' title='bbox 1699 919 1826 958; x_wconf 93' lang='lat' dir='ltr'>popu-</span> 
     </span>
     <span class='ocr_line' id='line_1_12' title="bbox 433 971 1825 1024; baseline 0 -16"><span class='ocrx_word' id='word_1_96' title='bbox 433 971 565 1016; x_wconf 88' lang='lat' dir='ltr'>larem,</span> <span class='ocrx_word' id='word_1_97' title='bbox 610 971 815 1010; x_wconf 89' lang='lat' dir='ltr'>stultorum</span> <span class='ocrx_word' id='word_1_98' title='bbox 856 971 1202 1024; x_wconf 87' lang='lat' dir='ltr'>improborumque</span> <span class='ocrx_word' id='word_1_99' title='bbox 1234 971 1415 1010; x_wconf 89' lang='lat' dir='ltr'>consensu</span> <span class='ocrx_word' id='word_1_100' title='bbox 1448 972 1667 1010; x_wconf 85' lang='lat' dir='ltr'>excitatam.</span> <span class='ocrx_word' id='word_1_101' title='bbox 1714 971 1825 1014; x_wconf 86' lang='lat' dir='ltr'>Haec,</span> 
     </span>
     <span class='ocr_line' id='line_1_13' title="bbox 434 1034 1828 1088; baseline -0.001 -14"><span class='ocrx_word' id='word_1_102' title='bbox 434 1050 520 1088; x_wconf 84' lang='lat' dir='ltr'>quae</span> <span class='ocrx_word' id='word_1_103' title='bbox 540 1036 627 1074; x_wconf 87' lang='lat' dir='ltr'>sunt</span> <span class='ocrx_word' id='word_1_104' title='bbox 657 1036 833 1079; x_wconf 84' lang='lat' dir='ltr'>minima,</span> <span class='ocrx_word' id='word_1_105' title='bbox 864 1044 991 1073; x_wconf 88' lang='lat' dir='ltr'>tamen</span> <span class='ocrx_word' id='word_1_106' title='bbox 1021 1036 1120 1074; x_wconf 91' lang='lat' dir='ltr'>bona</span> <span class='ocrx_word' id='word_1_107' title='bbox 1145 1036 1321 1074; x_wconf 90' lang='lat' dir='ltr'>dicantur</span> <span class='ocrx_word' id='word_1_108' title='bbox 1348 1036 1490 1074; x_wconf 83' lang='lat' dir='ltr'>neceffe</span> <span class='ocrx_word' id='word_1_109' title='bbox 1519 1035 1572 1074; x_wconf 91' lang='lat' dir='ltr'>est</span> <span class='ocrx_word' id='word_1_110' title='bbox 1588 1054 1600 1080; x_wconf 70' lang='grc' dir='ltr'>ς</span> <span class='ocrx_word' id='word_1_111' title='bbox 1632 1034 1828 1074; x_wconf 86' lang='lat' dir='ltr'>candiduli</span> 
     </span>
     <span class='ocr_line' id='line_1_14' title="bbox 434 1099 1827 1153; baseline -0.001 -14"><span class='ocrx_word' id='word_1_112' title='bbox 434 1101 580 1146; x_wconf 89' lang='lat' dir='ltr'>dentes,</span> <span class='ocrx_word' id='word_1_113' title='bbox 612 1100 757 1138; x_wconf 89' lang='lat' dir='ltr'>venusti</span> <span class='ocrx_word' id='word_1_114' title='bbox 786 1099 903 1144; x_wconf 92' lang='lat' dir='ltr'>oculi,</span> <span class='ocrx_word' id='word_1_115' title='bbox 933 1101 1040 1138; x_wconf 90' lang='lat' dir='ltr'>color</span> <span class='ocrx_word' id='word_1_116' title='bbox 1071 1101 1205 1145; x_wconf 86' lang='lat' dir='ltr'>suavis,</span> <span class='ocrx_word' id='word_1_117' title='bbox 1235 1109 1273 1139; x_wconf 91' lang='lat' dir='ltr'>et</span> <span class='ocrx_word' id='word_1_118' title='bbox 1305 1114 1359 1146; x_wconf 91' lang='lat' dir='ltr'>ea,</span> <span class='ocrx_word' id='word_1_119' title='bbox 1404 1115 1488 1153; x_wconf 86' lang='lat' dir='ltr'>quae</span> <span class='ocrx_word' id='word_1_120' title='bbox 1521 1101 1710 1152; x_wconf 83' lang='lat' dir='ltr'>Euryclea</span> <span class='ocrx_word' id='word_1_121' title='bbox 1742 1100 1827 1138; x_wconf 91' lang='lat' dir='ltr'>lau-</span> 
     </span>
     <span class='ocr_line' id='line_1_15' title="bbox 432 1165 1826 1219; baseline -0.001 -15"><span class='ocrx_word' id='word_1_122' title='bbox 432 1166 499 1204; x_wconf 88' lang='lat' dir='ltr'>dat</span> <span class='ocrx_word' id='word_1_123' title='bbox 533 1165 655 1217; x_wconf 87' lang='lat' dir='ltr'>Ulyffi</span> <span class='ocrx_word' id='word_1_124' title='bbox 690 1165 804 1217; x_wconf 86' lang='lat' dir='ltr'>pedes</span> <span class='ocrx_word' id='word_1_125' title='bbox 837 1165 1009 1210; x_wconf 88' lang='lat' dir='ltr'>abluens,</span> <span class='ocrx_word' id='word_1_126' title='bbox 1050 1165 1202 1206; x_wconf 85' lang='lat' dir='ltr'>lenitudo</span> <span class='ocrx_word' id='word_1_127' title='bbox 1230 1167 1412 1211; x_wconf 82' lang='lat' dir='ltr'>orationis,</span> <span class='ocrx_word' id='word_1_128' title='bbox 1450 1165 1626 1205; x_wconf 85' lang='lat' dir='ltr'>mollitudo</span> <span class='ocrx_word' id='word_1_129' title='bbox 1657 1165 1826 1219; x_wconf 84' lang='lat' dir='ltr'>corporis.</span> 
     </span>
     <span class='ocr_line' id='line_1_16' title="bbox 435 1229 1829 1283; baseline 0 -15"><span class='ocrx_word' id='word_1_130' title='bbox 435 1232 494 1268; x_wconf 80' lang='lat' dir='ltr'>Ea</span> <span class='ocrx_word' id='word_1_131' title='bbox 513 1231 538 1268; x_wconf 87' lang='lat' dir='ltr'>fi</span> <span class='ocrx_word' id='word_1_132' title='bbox 567 1231 667 1268; x_wconf 89' lang='lat' dir='ltr'>bona</span> <span class='ocrx_word' id='word_1_133' title='bbox 686 1229 886 1274; x_wconf 88' lang='lat' dir='ltr'>ducemus,</span> <span class='ocrx_word' id='word_1_134' title='bbox 908 1230 1003 1281; x_wconf 92' lang='lat' dir='ltr'>quid</span> <span class='ocrx_word' id='word_1_135' title='bbox 1031 1231 1103 1268; x_wconf 88' lang='lat' dir='ltr'>erit</span> <span class='ocrx_word' id='word_1_136' title='bbox 1123 1231 1163 1268; x_wconf 88' lang='lat' dir='ltr'>in</span> <span class='ocrx_word' id='word_1_137' title='bbox 1184 1230 1403 1283; x_wconf 85' lang='lat' dir='ltr'>philosophi</span> <span class='ocrx_word' id='word_1_138' title='bbox 1433 1232 1629 1282; x_wconf 88' lang='lat' dir='ltr'>gravitate,</span> <span class='ocrx_word' id='word_1_139' title='bbox 1650 1230 1768 1281; x_wconf 67' lang='lat' dir='ltr'>quam</span> <span class='ocrx_word' id='word_1_140' title='bbox 1787 1231 1829 1268; x_wconf 90' lang='lat' dir='ltr'>in</span> 
     </span>
     <span class='ocr_line' id='line_1_17' title="bbox 435 1294 1828 1348; baseline 0 -15"><span class='ocrx_word' id='word_1_141' title='bbox 435 1295 543 1348; x_wconf 90' lang='lat' dir='ltr'>vulgi</span> <span class='ocrx_word' id='word_1_142' title='bbox 576 1295 759 1348; x_wconf 91' lang='lat' dir='ltr'>opinione</span> <span class='ocrx_word' id='word_1_143' title='bbox 793 1294 1075 1347; x_wconf 89' lang='lat' dir='ltr'>stultorumque</span> <span class='ocrx_word' id='word_1_144' title='bbox 1108 1295 1234 1340; x_wconf 90' lang='lat' dir='ltr'>turba,</span> <span class='ocrx_word' id='word_1_145' title='bbox 1264 1296 1369 1348; x_wconf 91' lang='lat' dir='ltr'>quod</span> <span class='ocrx_word' id='word_1_146' title='bbox 1402 1295 1551 1334; x_wconf 87' lang='lat' dir='ltr'>dicatur</span> <span class='ocrx_word' id='word_1_147' title='bbox 1569 1305 1634 1333; x_wconf 90' lang='lat' dir='ltr'>aut</span> <span class='ocrx_word' id='word_1_148' title='bbox 1663 1295 1828 1348; x_wconf 87' lang='lat' dir='ltr'>gravius,</span> 
     </span>
     <span class='ocr_line' id='line_1_18' title="bbox 437 1360 933 1414; baseline -0.006 -15"><span class='ocrx_word' id='word_1_149' title='bbox 437 1370 502 1399; x_wconf 91' lang='lat' dir='ltr'>aut</span> <span class='ocrx_word' id='word_1_150' title='bbox 521 1360 700 1414; x_wconf 87' lang='lat' dir='ltr'>grandius</span> <span class='ocrx_word' id='word_1_151' title='bbox 717 1361 731 1397; x_wconf 89' lang='lat'>?</span> <span class='ocrx_word' id='word_1_152' title='bbox 927 1404 933 1407; x_wconf 18' lang='grc' dir='ltr'>η</span> 
     </span>
    </p>

    <p class='ocr_par' dir='ltr' id='par_1_4' title="bbox 437 1426 1832 1872">
     <span class='ocr_line' id='line_1_19' title="bbox 491 1426 1830 1481; baseline 0.001 -17"><span class='ocrx_word' id='word_1_153' title='bbox 491 1427 546 1464; x_wconf 84' lang='lat' dir='ltr'>At</span> <span class='ocrx_word' id='word_1_154' title='bbox 581 1427 687 1465; x_wconf 90' lang='lat' dir='ltr'>enim</span> <span class='ocrx_word' id='word_1_155' title='bbox 720 1426 851 1465; x_wconf 90' lang='lat' dir='ltr'>eadem</span> <span class='ocrx_word' id='word_1_156' title='bbox 888 1426 1006 1465; x_wconf 79' lang='lat' dir='ltr'>Stoici</span> <span class='ocrx_word' id='word_1_157' title='bbox 1027 1428 1216 1481; x_wconf 66' lang='lat' dir='ltr'>praectpua</span> <span class='ocrx_word' id='word_1_158' title='bbox 1241 1428 1300 1466; x_wconf 93' lang='lat' dir='ltr'>vel</span> <span class='ocrx_word' id='word_1_159' title='bbox 1336 1427 1514 1481; x_wconf 60' lang='lat' dir='ltr'>produft‘a</span> <span class='ocrx_word' id='word_1_160' title='bbox 1551 1427 1701 1472; x_wconf 68' lang='lat' dir='ltr'>dicunt,</span> <span class='ocrx_word' id='word_1_161' title='bbox 1744 1439 1830 1480; x_wconf 79' lang='lat' dir='ltr'>qua:</span> 
     </span>
     <span class='ocr_line' id='line_1_20' title="bbox 437 1484 1831 1546; baseline 0.001 -16"><span class='ocrx_word' id='word_1_162' title='bbox 437 1491 538 1530; x_wconf 89' lang='lat' dir='ltr'>bona</span> <span class='ocrx_word' id='word_1_163' title='bbox 556 1491 630 1529; x_wconf 84' lang='lat' dir='ltr'>isti.</span> <span class='ocrx_word' id='word_1_164' title='bbox 676 1492 827 1529; x_wconf 90' lang='lat' dir='ltr'>Dicunt</span> <span class='ocrx_word' id='word_1_165' title='bbox 846 1492 905 1529; x_wconf 92' lang='lat' dir='ltr'>illi</span> <span class='ocrx_word' id='word_1_166' title='bbox 925 1493 1084 1543; x_wconf 88' lang='lat' dir='ltr'>quidem</span> <span class='ocrx_word' id='word_1_167' title='bbox 1099 1511 1111 1537; x_wconf 81' lang='lat'>3</span> <span class='ocrx_word' id='word_1_168' title='bbox 1143 1493 1205 1531; x_wconf 91' lang='lat' dir='ltr'>sed</span> <span class='ocrx_word' id='word_1_169' title='bbox 1224 1492 1284 1531; x_wconf 91' lang='lat' dir='ltr'>his</span> <span class='ocrx_word' id='word_1_170' title='bbox 1315 1484 1436 1532; x_wconf 78' lang='lat' dir='ltr'>vita⁵m</span> <span class='ocrx_word' id='word_1_171' title='bbox 1466 1494 1615 1532; x_wconf 89' lang='lat' dir='ltr'>beatam</span> <span class='ocrx_word' id='word_1_172' title='bbox 1643 1492 1831 1546; x_wconf 85' lang='lat' dir='ltr'>compleri</span> 
     </span>
     <span class='ocr_line' id='line_1_21' title="bbox 439 1555 1830 1610; baseline 0.001 -14"><span class='ocrx_word' id='word_1_173' title='bbox 439 1566 607 1609; x_wconf 86' lang='lat' dir='ltr'>negant:</span> <span class='ocrx_word' id='word_1_174' title='bbox 639 1555 681 1594; x_wconf 94' lang='lat' dir='ltr'>hi</span> <span class='ocrx_word' id='word_1_175' title='bbox 711 1565 839 1594; x_wconf 89' lang='lat' dir='ltr'>autem</span> <span class='ocrx_word' id='word_1_176' title='bbox 860 1556 936 1595; x_wconf 86' lang='lat' dir='ltr'>fine</span> <span class='ocrx_word' id='word_1_177' title='bbox 955 1557 1000 1595; x_wconf 88' lang='lat' dir='ltr'>iis</span> <span class='ocrx_word' id='word_1_178' title='bbox 1021 1557 1092 1596; x_wconf 83' lang='lat' dir='ltr'>effe</span> <span class='ocrx_word' id='word_1_179' title='bbox 1112 1557 1259 1596; x_wconf 89' lang='lat' dir='ltr'>nullam</span> <span class='ocrx_word' id='word_1_180' title='bbox 1279 1567 1416 1610; x_wconf 88' lang='lat' dir='ltr'>putant</span> <span class='ocrx_word' id='word_1_181' title='bbox 1432 1577 1444 1603; x_wconf 67' lang='grc' dir='ltr'><strong><em>ς</em></strong></span> <span class='ocrx_word' id='word_1_182' title='bbox 1476 1568 1554 1604; x_wconf 90' lang='lat' dir='ltr'>aut,</span> <span class='ocrx_word' id='word_1_183' title='bbox 1582 1559 1609 1597; x_wconf 88' lang='lat' dir='ltr'>fi</span> <span class='ocrx_word' id='word_1_184' title='bbox 1636 1559 1680 1597; x_wconf 89' lang='lat' dir='ltr'>fit</span> <span class='ocrx_word' id='word_1_185' title='bbox 1709 1558 1830 1605; x_wconf 89' lang='lat' dir='ltr'>beata,</span> 
     </span>
     <span class='ocr_line' id='line_1_22' title="bbox 441 1621 1831 1674; baseline 0.001 -14"><span class='ocrx_word' id='word_1_186' title='bbox 441 1621 693 1661; x_wconf 86' lang='lat' dir='ltr'>beatiffimam</span> <span class='ocrx_word' id='word_1_187' title='bbox 713 1631 814 1660; x_wconf 91' lang='lat' dir='ltr'>certe</span> <span class='ocrx_word' id='word_1_188' title='bbox 835 1632 987 1674; x_wconf 89' lang='lat' dir='ltr'>negant.</span> <span class='ocrx_word' id='word_1_189' title='bbox 1018 1623 1104 1661; x_wconf 91' lang='lat' dir='ltr'>Nos</span> <span class='ocrx_word' id='word_1_190' title='bbox 1124 1631 1252 1661; x_wconf 88' lang='lat' dir='ltr'>autem</span> <span class='ocrx_word' id='word_1_191' title='bbox 1270 1623 1451 1662; x_wconf 88' lang='lat' dir='ltr'>volumus</span> <span class='ocrx_word' id='word_1_192' title='bbox 1471 1623 1746 1669; x_wconf 82' lang='lat' dir='ltr'>beatiffimam3</span> <span class='ocrx_word' id='word_1_193' title='bbox 1769 1624 1831 1662; x_wconf 89' lang='lat' dir='ltr'>id-</span> 
     </span>
     <span class='ocr_line' id='line_1_23' title="bbox 440 1687 1830 1743; baseline 0.002 -18"><span class='ocrx_word' id='word_1_194' title='bbox 440 1701 516 1740; x_wconf 92' lang='lat' dir='ltr'>que</span> <span class='ocrx_word' id='word_1_195' title='bbox 544 1687 655 1725; x_wconf 91' lang='lat' dir='ltr'>nobis</span> <span class='ocrx_word' id='word_1_196' title='bbox 675 1687 863 1725; x_wconf 90' lang='lat' dir='ltr'>Socratica</span> <span class='ocrx_word' id='word_1_197' title='bbox 878 1687 943 1724; x_wconf 92' lang='lat' dir='ltr'>illa</span> <span class='ocrx_word' id='word_1_198' title='bbox 961 1688 1204 1726; x_wconf 75' lang='lat' dir='ltr'>conclusione</span> <span class='ocrx_word' id='word_1_199' title='bbox 1222 1689 1485 1728; x_wconf 89' lang='lat' dir='ltr'>confirmatur.</span> <span class='ocrx_word' id='word_1_200' title='bbox 1518 1690 1579 1728; x_wconf 91' lang='lat' dir='ltr'>Sic</span> <span class='ocrx_word' id='word_1_201' title='bbox 1598 1690 1702 1728; x_wconf 90' lang='lat' dir='ltr'>enim</span> <span class='ocrx_word' id='word_1_202' title='bbox 1722 1689 1830 1743; x_wconf 92' lang='lat' dir='ltr'>prin-</span> 
     </span>
     <span class='ocr_line' id='line_1_24' title="bbox 440 1750 1832 1808; baseline 0.002 -18"><span class='ocrx_word' id='word_1_203' title='bbox 440 1765 527 1805; x_wconf 91' lang='lat' dir='ltr'>ceps</span> <span class='ocrx_word' id='word_1_204' title='bbox 549 1752 613 1790; x_wconf 89' lang='lat' dir='ltr'>ille</span> <span class='ocrx_word' id='word_1_205' title='bbox 633 1750 885 1805; x_wconf 84' lang='lat' dir='ltr'>philosophiae</span> <span class='ocrx_word' id='word_1_206' title='bbox 904 1751 1119 1798; x_wconf 74' lang='lat' dir='ltr'>differebat,</span> <span class='ocrx_word' id='word_1_207' title='bbox 1141 1754 1267 1805; x_wconf 73' lang='lat' dir='ltr'>Qalis</span> <span class='ocrx_word' id='word_1_208' title='bbox 1279 1754 1440 1808; x_wconf 60' lang='lat' dir='ltr'>cujtgsque</span> <span class='ocrx_word' id='word_1_209' title='bbox 1457 1755 1570 1793; x_wconf 86' lang='lat' dir='ltr'>animi</span> <span class='ocrx_word' id='word_1_210' title='bbox 1579 1755 1727 1808; x_wconf 65' lang='lat' dir='ltr'>cfii’c&#39;lus</span> <span class='ocrx_word' id='word_1_211' title='bbox 1741 1755 1832 1808; x_wconf 63' lang='lat' dir='ltr'>effa,</span> 
     </span>
     <span class='ocr_line' id='line_1_25' title="bbox 441 1817 1831 1872; baseline 0.001 -16"><span class='ocrx_word' id='word_1_212' title='bbox 441 1818 547 1856; x_wconf 86' lang='lat' dir='ltr'>talem</span> <span class='ocrx_word' id='word_1_213' title='bbox 562 1817 621 1871; x_wconf 76' lang='lat' dir='ltr'>aeff’</span> <span class='ocrx_word' id='word_1_214' title='bbox 639 1817 806 1856; x_wconf 84' lang='lat' dir='ltr'>hominem</span> <span class='ocrx_word' id='word_1_215' title='bbox 818 1833 831 1855; x_wconf 89' lang='lat'><em>:</em></span> <span class='ocrx_word' id='word_1_216' title='bbox 862 1818 976 1870; x_wconf 81' lang='lat' dir='ltr'>qualis</span> <span class='ocrx_word' id='word_1_217' title='bbox 993 1828 1111 1856; x_wconf 84' lang='lat' dir='ltr'>autem</span> <span class='ocrx_word' id='word_1_218' title='bbox 1130 1819 1198 1871; x_wconf 78' lang='lat' dir='ltr'>ipst</span> <span class='ocrx_word' id='word_1_219' title='bbox 1216 1819 1313 1858; x_wconf 88' lang='lat' dir='ltr'>homo</span> <span class='ocrx_word' id='word_1_220' title='bbox 1331 1818 1421 1872; x_wconf 53' lang='lat' dir='ltr'>estet,</span> <span class='ocrx_word' id='word_1_221' title='bbox 1451 1820 1556 1857; x_wconf 79' lang='lat' dir='ltr'>talem</span> <span class='ocrx_word' id='word_1_222' title='bbox 1574 1819 1645 1870; x_wconf 71' lang='lat' dir='ltr'>ejus</span> <span class='ocrx_word' id='word_1_223' title='bbox 1674 1818 1733 1872; x_wconf 73' lang='lat' dir='ltr'><em>ff</em></span> <span class='ocrx_word' id='word_1_224' title='bbox 1747 1834 1831 1858; x_wconf 83' lang='lat' dir='ltr'>ora-</span> 
     </span>
    </p>
   </div>
   <div class='ocr_carea' id='block_1_3' title="bbox 442 1882 1833 2001">
    <p class='ocr_par' dir='ltr' id='par_1_5' title="bbox 442 1882 1833 2001">
     <span class='ocr_line' id='line_1_26' title="bbox 442 1882 1833 1936; baseline 0.001 -16"><span class='ocrx_word' id='word_1_225' title='bbox 442 1883 593 1927; x_wconf 73' lang='lat' dir='ltr'>tionem,</span> <span class='ocrx_word' id='word_1_226' title='bbox 623 1883 780 1921; x_wconf 85' lang='lat' dir='ltr'>orationi</span> <span class='ocrx_word' id='word_1_227' title='bbox 794 1891 912 1920; x_wconf 82' lang='lat' dir='ltr'>autem</span> <span class='ocrx_word' id='word_1_228' title='bbox 923 1883 1191 1933; x_wconf 68' lang='lat' dir='ltr'>fizHafimiltia,</span> <span class='ocrx_word' id='word_1_229' title='bbox 1203 1883 1327 1936; x_wconf 74' lang='lat' dir='ltr'>faHis</span> <span class='ocrx_word' id='word_1_230' title='bbox 1344 1884 1476 1923; x_wconf 77' lang='lat' dir='ltr'>vitam.</span> <span class='ocrx_word' id='word_1_231' title='bbox 1514 1882 1686 1922; x_wconf 68' lang='lat' dir='ltr'>Affectus</span> <span class='ocrx_word' id='word_1_232' title='bbox 1705 1892 1833 1922; x_wconf 84' lang='lat' dir='ltr'>autem</span> 
     </span>
     <span class='ocr_line' id='line_1_27' title="bbox 443 1947 1832 2001; baseline 0.001 -16"><span class='ocrx_word' id='word_1_233' title='bbox 443 1948 563 1985; x_wconf 86' lang='lat' dir='ltr'>animi</span> <span class='ocrx_word' id='word_1_234' title='bbox 585 1947 625 1984; x_wconf 91' lang='lat' dir='ltr'>in</span> <span class='ocrx_word' id='word_1_235' title='bbox 642 1947 744 1985; x_wconf 93' lang='lat' dir='ltr'>bono</span> <span class='ocrx_word' id='word_1_236' title='bbox 760 1947 841 1984; x_wconf 91' lang='lat' dir='ltr'>viro</span> <span class='ocrx_word' id='word_1_237' title='bbox 861 1947 1062 1984; x_wconf 88' lang='lat' dir='ltr'>laudabilis</span> <span class='ocrx_word' id='word_1_238' title='bbox 1078 1965 1090 1991; x_wconf 62' lang='grc' dir='ltr'>ς</span> <span class='ocrx_word' id='word_1_239' title='bbox 1121 1956 1159 1985; x_wconf 92' lang='lat' dir='ltr'>et</span> <span class='ocrx_word' id='word_1_240' title='bbox 1178 1948 1256 1986; x_wconf 88' lang='lat' dir='ltr'>vita</span> <span class='ocrx_word' id='word_1_241' title='bbox 1274 1949 1393 2001; x_wconf 88' lang='lat' dir='ltr'>igitur</span> <span class='ocrx_word' id='word_1_242' title='bbox 1409 1949 1607 1987; x_wconf 86' lang='lat' dir='ltr'>laudabilis</span> <span class='ocrx_word' id='word_1_243' title='bbox 1625 1949 1716 1986; x_wconf 95' lang='lat' dir='ltr'>boni</span> <span class='ocrx_word' id='word_1_244' title='bbox 1737 1950 1806 1987; x_wconf 85' lang='lat' dir='ltr'>viri</span> <span class='ocrx_word' id='word_1_245' title='bbox 1822 1964 1832 1987; x_wconf 71' lang='grc' dir='ltr'><em>τ</em></span> 
     </span>
    </p>
   </div>
   <div class='ocr_carea' id='block_1_4' title="bbox 443 2011 1836 2591">
    <p class='ocr_par' dir='ltr' id='par_1_6' title="bbox 443 2011 1833 2121">
     <span class='ocr_line' id='line_1_28' title="bbox 443 2011 1833 2065; baseline 0.002 -16"><span class='ocrx_word' id='word_1_246' title='bbox 443 2021 482 2050; x_wconf 91' lang='lat' dir='ltr'>et</span> <span class='ocrx_word' id='word_1_247' title='bbox 501 2011 656 2050; x_wconf 88' lang='lat' dir='ltr'>honesta</span> <span class='ocrx_word' id='word_1_248' title='bbox 670 2025 772 2064; x_wconf 92' lang='lat' dir='ltr'>ergo,</span> <span class='ocrx_word' id='word_1_249' title='bbox 793 2012 976 2063; x_wconf 85' lang='lat' dir='ltr'>quoniam</span> <span class='ocrx_word' id='word_1_250' title='bbox 992 2011 1216 2051; x_wconf 86' lang='lat' dir='ltr'>laudabilis:</span> <span class='ocrx_word' id='word_1_251' title='bbox 1238 2026 1284 2052; x_wconf 85' lang='lat' dir='ltr'>ex</span> <span class='ocrx_word' id='word_1_252' title='bbox 1304 2014 1460 2065; x_wconf 85' lang='lat' dir='ltr'>quibus,</span> <span class='ocrx_word' id='word_1_253' title='bbox 1477 2013 1668 2052; x_wconf 91' lang='lat' dir='ltr'>bonorum</span> <span class='ocrx_word' id='word_1_254' title='bbox 1685 2014 1833 2053; x_wconf 85' lang='lat' dir='ltr'>beatam</span> 
     </span>
     <span class='ocr_line' id='line_1_29' title="bbox 445 2077 949 2121; baseline 0.002 -6"><span class='ocrx_word' id='word_1_255' title='bbox 445 2078 563 2116; x_wconf 89' lang='lat' dir='ltr'>vitam</span> <span class='ocrx_word' id='word_1_256' title='bbox 581 2077 665 2121; x_wconf 83' lang='lat' dir='ltr'>effe,</span> <span class='ocrx_word' id='word_1_257' title='bbox 692 2077 949 2116; x_wconf 85' lang='lat' dir='ltr'>concluditur.</span> 
     </span>
    </p>

    <p class='ocr_par' dir='ltr' id='par_1_7' title="bbox 447 2142 1836 2591">
     <span class='ocr_line' id='line_1_30' title="bbox 500 2142 1833 2198; baseline 0.002 -17"><span class='ocrx_word' id='word_1_258' title='bbox 500 2143 675 2188; x_wconf 88' lang='lat' dir='ltr'>Etenim,</span> <span class='ocrx_word' id='word_1_259' title='bbox 694 2142 789 2194; x_wconf 86' lang='lat' dir='ltr'>proh</span> <span class='ocrx_word' id='word_1_260' title='bbox 813 2144 985 2182; x_wconf 89' lang='lat' dir='ltr'>Deorum</span> <span class='ocrx_word' id='word_1_261' title='bbox 1005 2153 1118 2196; x_wconf 90' lang='lat' dir='ltr'>atque</span> <span class='ocrx_word' id='word_1_262' title='bbox 1134 2143 1341 2183; x_wconf 88' lang='lat' dir='ltr'>hominum</span> <span class='ocrx_word' id='word_1_263' title='bbox 1362 2144 1502 2183; x_wconf 78' lang='lat' dir='ltr'>fidem!</span> <span class='ocrx_word' id='word_1_264' title='bbox 1534 2159 1717 2197; x_wconf 88' lang='lat' dir='ltr'>parumne</span> <span class='ocrx_word' id='word_1_265' title='bbox 1737 2159 1833 2198; x_wconf 88' lang='lat' dir='ltr'>cog-</span> 
     </span>
     <span class='ocr_line' id='line_1_31' title="bbox 448 2207 1834 2263; baseline 0.002 -17"><span class='ocrx_word' id='word_1_266' title='bbox 448 2208 575 2246; x_wconf 90' lang='lat' dir='ltr'>nitum</span> <span class='ocrx_word' id='word_1_267' title='bbox 594 2208 646 2246; x_wconf 90' lang='lat' dir='ltr'>est</span> <span class='ocrx_word' id='word_1_268' title='bbox 666 2207 920 2260; x_wconf 88' lang='lat' dir='ltr'>superioribus</span> <span class='ocrx_word' id='word_1_269' title='bbox 942 2209 1073 2247; x_wconf 91' lang='lat' dir='ltr'>nostris</span> <span class='ocrx_word' id='word_1_270' title='bbox 1094 2209 1428 2263; x_wconf 79' lang='lat' dir='ltr'>disputationibuS,</span> <span class='ocrx_word' id='word_1_271' title='bbox 1452 2224 1497 2248; x_wconf 85' lang='lat' dir='ltr'>an</span> <span class='ocrx_word' id='word_1_272' title='bbox 1518 2211 1776 2250; x_wconf 61' lang='lat' dir='ltr'>delectationis</span> <span class='ocrx_word' id='word_1_273' title='bbox 1796 2220 1834 2249; x_wconf 89' lang='lat' dir='ltr'>et</span> 
     </span>
     <span class='ocr_line' id='line_1_32' title="bbox 447 2273 1834 2328; baseline 0.002 -17"><span class='ocrx_word' id='word_1_274' title='bbox 447 2274 517 2311; x_wconf 90' lang='lat' dir='ltr'>otii</span> <span class='ocrx_word' id='word_1_275' title='bbox 538 2273 787 2312; x_wconf 87' lang='lat' dir='ltr'>consumendi</span> <span class='ocrx_word' id='word_1_276' title='bbox 803 2273 912 2311; x_wconf 73' lang='lat' dir='ltr'>causa</span> <span class='ocrx_word' id='word_1_277' title='bbox 932 2273 1050 2312; x_wconf 89' lang='lat' dir='ltr'>locuti</span> <span class='ocrx_word' id='word_1_278' title='bbox 1073 2275 1216 2319; x_wconf 88' lang='lat' dir='ltr'>sumus,</span> <span class='ocrx_word' id='word_1_279' title='bbox 1239 2275 1444 2328; x_wconf 88' lang='lat' dir='ltr'>sapientem</span> <span class='ocrx_word' id='word_1_280' title='bbox 1468 2276 1514 2313; x_wconf 89' lang='lat' dir='ltr'>ab</span> <span class='ocrx_word' id='word_1_281' title='bbox 1533 2277 1641 2314; x_wconf 91' lang='lat' dir='ltr'>omni</span> <span class='ocrx_word' id='word_1_282' title='bbox 1662 2277 1834 2315; x_wconf 89' lang='lat' dir='ltr'>concita-</span> 
     </span>
     <span class='ocr_line' id='line_1_33' title="bbox 448 2338 1836 2395; baseline 0.003 -19"><span class='ocrx_word' id='word_1_283' title='bbox 448 2339 552 2377; x_wconf 89' lang='lat' dir='ltr'>tione</span> <span class='ocrx_word' id='word_1_284' title='bbox 573 2338 708 2383; x_wconf 88' lang='lat' dir='ltr'>animi,</span> <span class='ocrx_word' id='word_1_285' title='bbox 730 2352 847 2391; x_wconf 89' lang='lat' dir='ltr'>quam</span> <span class='ocrx_word' id='word_1_286' title='bbox 869 2339 1193 2391; x_wconf 87' lang='lat' dir='ltr'>perturbationem</span> <span class='ocrx_word' id='word_1_287' title='bbox 1209 2354 1318 2385; x_wconf 87' lang='lat' dir='ltr'>voco,</span> <span class='ocrx_word' id='word_1_288' title='bbox 1340 2340 1485 2392; x_wconf 86' lang='lat' dir='ltr'>semper</span> <span class='ocrx_word' id='word_1_289' title='bbox 1504 2342 1658 2379; x_wconf 82' lang='lat' dir='ltr'>vacare?</span> <span class='ocrx_word' id='word_1_290' title='bbox 1691 2341 1836 2395; x_wconf 88' lang='lat' dir='ltr'>semper</span> 
     </span>
     <span class='ocr_line' id='line_1_34' title="bbox 451 2403 1833 2460; baseline 0.003 -19"><span class='ocrx_word' id='word_1_291' title='bbox 451 2404 486 2440; x_wconf 89' lang='lat' dir='ltr'>in</span> <span class='ocrx_word' id='word_1_292' title='bbox 509 2404 639 2442; x_wconf 90' lang='lat' dir='ltr'>animo</span> <span class='ocrx_word' id='word_1_293' title='bbox 657 2404 737 2455; x_wconf 91' lang='lat' dir='ltr'>ejus</span> <span class='ocrx_word' id='word_1_294' title='bbox 759 2403 829 2442; x_wconf 90' lang='lat' dir='ltr'>esse</span> <span class='ocrx_word' id='word_1_295' title='bbox 848 2403 1138 2456; x_wconf 77' lang='lat' dir='ltr'>placidissimam</span> <span class='ocrx_word' id='word_1_296' title='bbox 1159 2418 1292 2457; x_wconf 88' lang='lat' dir='ltr'>pacem</span> <span class='ocrx_word' id='word_1_297' title='bbox 1310 2406 1324 2442; x_wconf 86' lang='lat'>?</span> <span class='ocrx_word' id='word_1_298' title='bbox 1360 2406 1430 2443; x_wconf 88' lang='lat' dir='ltr'>Vir</span> <span class='ocrx_word' id='word_1_299' title='bbox 1450 2406 1566 2458; x_wconf 86' lang='lat' dir='ltr'>igitur</span> <span class='ocrx_word' id='word_1_300' title='bbox 1587 2416 1833 2460; x_wconf 88' lang='lat' dir='ltr'>temperatus,</span> 
     </span>
     <span class='ocr_line' id='line_1_35' title="bbox 449 2468 1834 2522; baseline 0.002 -16"><span class='ocrx_word' id='word_1_301' title='bbox 449 2469 635 2513; x_wconf 89' lang='lat' dir='ltr'>constans,</span> <span class='ocrx_word' id='word_1_302' title='bbox 667 2468 740 2507; x_wconf 85' lang='lat' dir='ltr'>fine</span> <span class='ocrx_word' id='word_1_303' title='bbox 772 2478 893 2514; x_wconf 90' lang='lat' dir='ltr'>metu,</span> <span class='ocrx_word' id='word_1_304' title='bbox 924 2468 998 2507; x_wconf 79' lang='lat' dir='ltr'>sine</span> <span class='ocrx_word' id='word_1_305' title='bbox 1032 2470 1266 2522; x_wconf 66' lang='lat' dir='ltr'>aegritudine,</span> <span class='ocrx_word' id='word_1_306' title='bbox 1302 2470 1377 2509; x_wconf 84' lang='lat' dir='ltr'>fine</span> <span class='ocrx_word' id='word_1_307' title='bbox 1408 2471 1597 2510; x_wconf 82' lang='lat' dir='ltr'>alacritate</span> <span class='ocrx_word' id='word_1_308' title='bbox 1631 2472 1721 2517; x_wconf 87' lang='lat' dir='ltr'>ulla,</span> <span class='ocrx_word' id='word_1_309' title='bbox 1760 2472 1834 2510; x_wconf 76' lang='lat' dir='ltr'>sine</span> 
     </span>
     <span class='ocr_line' id='line_1_36' title="bbox 451 2533 1833 2591; baseline 0.003 -20"><span class='ocrx_word' id='word_1_310' title='bbox 451 2533 624 2579; x_wconf 85' lang='lat' dir='ltr'>libidine,</span> <span class='ocrx_word' id='word_1_311' title='bbox 656 2548 781 2573; x_wconf 88' lang='lat' dir='ltr'>nonne</span> <span class='ocrx_word' id='word_1_312' title='bbox 803 2534 932 2573; x_wconf 89' lang='lat' dir='ltr'>beatus</span> <span class='ocrx_word' id='word_1_313' title='bbox 951 2535 964 2572; x_wconf 71' lang='grc' dir='ltr'><em>Ρ</em></span> <span class='ocrx_word' id='word_1_314' title='bbox 995 2537 1050 2574; x_wconf 88' lang='lat' dir='ltr'>At</span> <span class='ocrx_word' id='word_1_315' title='bbox 1079 2535 1224 2589; x_wconf 87' lang='lat' dir='ltr'>semper</span> <span class='ocrx_word' id='word_1_316' title='bbox 1245 2535 1386 2589; x_wconf 86' lang='lat' dir='ltr'>sapiens</span> <span class='ocrx_word' id='word_1_317' title='bbox 1408 2537 1491 2576; x_wconf 83' lang='lat' dir='ltr'>talis</span> <span class='ocrx_word' id='word_1_318' title='bbox 1510 2552 1519 2575; x_wconf 75' lang='grc' dir='ltr'><strong><em>ι</em></strong></span> <span class='ocrx_word' id='word_1_319' title='bbox 1551 2537 1696 2591; x_wconf 85' lang='lat' dir='ltr'>semper</span> <span class='ocrx_word' id='word_1_320' title='bbox 1717 2537 1833 2590; x_wconf 86' lang='lat' dir='ltr'>igitur</span> 
     </span>
    </p>
   </div>
  </div>
 </body>
</html>
