2330 2983
583 286 662 326 470
842 269 935 308 DE
992 265 1318 306 NATURA
1374 263 1711 306 DEORUM

581 373 710 426 Qem
731 377 885 423 propter

717 436 849 488 Pisi-es,
870 446 1017 488 quorum
1035 432 1131 471 alter
1142 432 1292 485 paulum
1303 431 1526 484 praelabitur
1543 441 1642 477 ante,

718 503 774 540 Et
791 501 904 554 magis
922 499 1110 551 horriferis
1127 499 1298 552 aquilonis
1315 498 1485 551 tangitur
1502 499 1617 537 auris.

637 567 789 608 XLIV.
820 567 884 606 Ad
905 566 1016 620 pedes
1035 565 1292 604 Andromedae
1312 564 1466 603 Perseus
1486 564 1725 610 describitur,

719 633 979 686 Quemstemma
997 631 1044 670 ab
1061 631 1199 684 regione
1216 629 1386 684 aquilonis
1391 630 1548 684 flamina
1558 631 1720 684 pulsant.

718 702 778 739 At
789 707 944 752 propter
958 697 1091 736 laevum
1103 710 1216 748 genus
1234 696 1330 734 omni
1343 710 1386 733 ex
1396 703 1510 747 parte
1526 695 1659 735 locatas

719 766 872 805 Parvus
893 762 1068 815 Vergilias
1083 762 1185 800 tenui
1199 774 1277 799 cum
1292 761 1366 799 luce
1385 759 1531 799 videbis.

718 830 807 870 Inde
825 828 930 868 Fides
947 827 1077 865 leviter
1084 826 1214 879 postam,
1233 834 1270 864 et
1287 838 1441 864 connexa
1457 824 1617 864 videtur.

719 894 807 935 Inde
825 894 870 946 est
885 893 955 932 ales
973 892 1054 931 avis
1072 892 1146 930 lato
1149 891 1224 944 βψ
1241 890 1391 943 tegmine
1404 890 1496 929 caeli.

583 961 713 1014 Capiti
734 969 862 999 autem
882 958 988 1011 Equi
1009 957 1202 1011 proximat
1222 956 1384 1010 Aquarii
1414 955 1558 1001 dextra,
1591 954 1769 1009 totusque
1796 955 1974 1010 deinceps

582 1028 790 1081 Aquarius.

720 1090 759 1133 ‘T
754 1107 812 1132 um
827 1090 980 1145 gelidum
998 1089 1117 1130 valido
1134 1089 1175 1129 de
1186 1088 1466 1143 pedore-frigus
1482 1087 1665 1135 anhelans,

721 1155 878 1207 Corpore
881 1152 1049 1206 stmifero
1066 1165 1193 1204 magno
1213 1151 1456 1203 Capricornus
1469 1149 1506 1188 in
1525 1149 1619 1188 orbe.

718 1221 831 1272 Qem
849 1233 927 1258 cum
937 1226 1111 1272 perpetuo
1129 1215 1275 1269 vestivit
1293 1215 1422 1254 lumine
1441 1212 1567 1260 Titan,

720 1285 1045 1337 Brumalifleblens
1062 1291 1268 1335 contorquet
1287 1289 1440 1334 tempore
1457 1295 1620 1321 currum.

583 1351 692 1393 Hinc
711 1359 842 1390 autern
861 1349 1055 1402 aspicitur,

721 1418 774 1457 Ut
778 1415 854 1470 fise
871 1413 1042 1468 ostendens
1057 1412 1204 1465 emergit
1224 1412 1391 1465 Scorpius
1408 1413 1482 1450 alte

720 1481 917 1537 Posteriore
934 1480 1084 1520 trahens
1089 1479 1227 1533 flexum
1245 1479 1291 1518 vi
1304 1478 1460 1532 corporis
1477 1490 1616 1523 arcum,

720 1549 832 1600 Qem
843 1555 997 1600 propter
1015 1547 1131 1585 nitens
1142 1544 1270 1598 pennis
1289 1544 1520 1584 convolvitur
1538 1544 1622 1582 ales.

720 1615 781 1654 At
793 1622 947 1666 propter
951 1614 996 1666 se
1016 1611 1154 1664 Aquila
1172 1610 1320 1647 ardenti
1333 1624 1413 1648 cum
1432 1619 1575 1662 corpore
1583 1618 1729 1662 portat.

583 1679 737 1722 Deinde
757 1677 994 1731 Delphinus.
1064 1692 1066 1694 ·

722 1743 862 1784 Exinde
882 1742 996 1781 Orion
1015 1741 1148 1795 obliquo
1167 1749 1310 1794 corpore
1328 1740 1457 1779 nitens.

585 1814 719 1867 Qem
738 1809 981 1863 subsequens,

722 1879 758 1918 F
758 1875 903 1916 ervidus
922 1875 978 1913 ille
997 1873 1108 1912 Canis
1112 1872 1302 1926 stellarum
1319 1873 1394 1913 luce
1411 1872 1580 1926 refulget.

586 1945 674 1984 Post
691 1944 800 1996 lepus
821 1939 1075 1991 subsequitur,

723 2010 756 2048 C
757 2007 954 2047 urriculum
972 2019 1153 2058 nunquam
1171 2003 1290 2058 defiffl
1308 2015 1451 2057 corpore
1456 2004 1603 2058 sedans.

724 2077 782 2114 At
804 2073 913 2112 Canis
932 2071 983 2111 ad
997 2070 1143 2110 caudam
1148 2071 1299 2124 serpens
1310 2069 1520 2123 prolabitur
1543 2071 1658 2122 Argo.

724 2143 836 2180 Hanc
855 2139 963 2178 Aries
984 2138 1088 2191 tegit,
1117 2145 1152 2175 et
1157 2137 1340 2190 squamoso
1359 2144 1502 2189 corpore
1520 2135 1651 2189 Pfies,

722 2207 899 2247 Fluminis
917 2204 1045 2258 illustri
1061 2212 1264 2257 tangentem
1281 2212 1424 2257 corpore
1442 2202 1555 2255 ripas,

587 2288 705 2329 quem
723 2273 838 2326 longe
858 2271 1084 2326 serpentem,
1105 2278 1144 2307 et
1162 2278 1382 2308 manantem
1402 2267 1558 2321 aspicies
1576 2281 1585 2305 :

940 2348 1160 2392 proceraque
1181 2336 1306 2375 Vincla
1325 2334 1472 2380 videbis,

728 2407 817 2458 Qae
836 2404 992 2444 retinent
1013 2403 1128 2456 Pisces
1147 2401 1342 2441 caudarum
1359 2415 1383 2439 a
1393 2407 1505 2453 parte
1523 2399 1652 2438 locata.

726 2472 813 2512 Inde
832 2472 947 2525 Nepae
963 2484 1082 2509 cernes
1094 2477 1246 2523 propter
1247 2466 1431 2520 fulgentis
1449 2479 1607 2510 acumen,

726 2541 860 2582 Aram,
883 2550 987 2591 quam
992 2536 1095 2589 flatu
1106 2534 1302 2589 permulcet
1308 2532 1466 2588 spiritus
1484 2531 1609 2585 austri.

595 2608 749 2658 Propter
770 2619 853 2658 quae
868 2605 1081 2643 Centaurus
