2330 2983
572 267 651 321 516
819 263 916 303 DE
973 259 1310 300 NATURA
1367 260 1717 302 DEORUM

571 377 664 403 cum
687 362 760 401 diis
790 362 931 414 gratias
958 361 1129 414 agimuS‚
1161 369 1249 398 tum
1282 358 1385 398 nihil
1417 360 1554 399 nostrae
1583 361 1691 399 laudi
1723 360 1966 414 assumptum

571 431 824 469 arbitramur.
855 427 970 466 Num
992 428 1098 480 quiS‚
1133 427 1241 479 quod
1263 426 1390 465 bonus
1411 427 1470 464 vir
1490 427 1595 472 esset,
1624 427 1766 480 gratias
1787 427 1863 466 diis
1884 427 1966 480 egit

572 495 782 547 unquam?
816 495 871 532 At
895 492 1003 547 quod
1035 493 1158 537 dives,
1189 493 1297 546 quod
1329 492 1560 538 honoratus,
1593 493 1700 546 quod
1733 493 1965 532 incolumis.

575 562 798 614 Jovemque
828 561 1030 613 optimum
1050 569 1090 598 et
1120 560 1342 598 maximum
1365 560 1417 598 ob
1451 573 1511 598 eas
1540 573 1597 598 res
1634 560 1849 613 appellant,
1886 573 1966 598 non

574 627 683 681 quod
704 626 932 679 nosjust08‚
966 635 1216 679 temperatos,
1253 626 1440 679 sapientes
1472 626 1631 670 efficiat,
1664 626 1726 664 sed
1747 625 1856 678 quod
1891 625 1965 664 sal-

574 707 660 740 vos,
699 693 936 737 incolumes,
976 692 1202 745 opulentos,
1238 691 1432 744 copiosos.
1482 693 1627 745 Neque
1658 692 1827 730 Herculi
1857 691 1967 744 quis-

572 773 693 813 quam
714 760 924 798 decumam
947 759 1055 796 vovit
1076 770 1268 810 unquam,
1306 757 1331 794 si
1358 757 1508 810 sapiens
1528 757 1652 796 faCtus
1674 757 1779 796 esset.
1826 759 1968 809 Qan-

572 840 694 880 quam
716 825 973 879 Pythagoras,
1007 837 1100 862 cum
1120 824 1162 862 in
1182 823 1399 876 geometria
1419 822 1607 875 quiddam
1627 824 1719 862 novi
1746 823 1967 868 invenisset,

574 893 695 932 mufis
728 892 870 930 bovem
902 889 1120 929 immolasse
1146 889 1322 928 dicitur:
1355 888 1419 927 sed
1452 888 1494 927 id
1526 889 1690 941 quidem
1721 901 1800 927 non
1835 888 1967 935 credo,

573 959 764 1012 quoniam
785 958 854 996 ille
874 971 922 996 ne
944 956 1128 1010 Apollini
1150 956 1313 1010 quidem
1335 955 1456 994 Delio
1481 954 1647 995 hostiam
1669 955 1876 994 immolare
1895 969 1967 995 vo-

575 1025 668 1071 luit,
700 1039 749 1063 ne
770 1038 874 1063 aram
907 1023 1094 1076 sanguine
1114 1023 1346 1077 aspergeret.
1390 1022 1455 1061 Ad
1477 1036 1560 1061 rem
1581 1032 1712 1061 autem
1734 1032 1778 1060 ut
1798 1021 1968 1066 redeam,

566 1091 770 1144 judicium
791 1090 868 1130 hoc
889 1091 1073 1130 omnium
1095 1089 1326 1128 mortalium
1346 1089 1415 1134 est,
1446 1087 1648 1127 fortunam
1680 1103 1701 1127 a
1730 1089 1802 1127 deo
1827 1098 1968 1142 peten-

575 1158 682 1204 dam,
727 1171 749 1195 a
787 1156 823 1195 se
859 1156 942 1209 ipso
977 1155 1207 1194 sumendam
1243 1154 1316 1193 effe
1352 1154 1594 1207 sapientiam.
1648 1155 1840 1208 Qamvis
1874 1155 1969 1192 licet

575 1225 710 1263 Menti
730 1223 906 1266 delubra,
937 1231 977 1260 et
998 1221 1166 1266 Virtuti,
1196 1230 1235 1259 et
1265 1220 1378 1258 Fidei
1400 1220 1701 1265 consecremus3
1734 1230 1865 1259 tamen
1886 1219 1971 1259 haec

574 1292 616 1330 in
639 1291 753 1329 nobis
775 1289 865 1343 ips1s
887 1288 955 1326 fita
976 1287 1156 1325 videmus
1176 1301 1185 1325 ε
1218 1286 1314 1340 spei,
1349 1286 1496 1331 salutis,
1519 1288 1622 1339 opis,
1645 1287 1816 1325 vitstoriae
1836 1286 1967 1325 facul-

575 1366 631 1396 tas
655 1371 675 1394 a
695 1356 770 1394 diis
791 1353 1008 1408 expetenda
1027 1353 1092 1391 est.
1142 1352 1424 1405 Improborum
1446 1353 1570 1405 igitur
1590 1353 1879 1406 prosperitates,
1909 1352 1969 1391 se-

574 1422 792 1476 cundaeque
812 1435 870 1460 res
893 1420 1133 1472 redarguunt
1165 1420 1229 1472 (ut
1261 1418 1461 1472 Diogenes
1493 1419 1668 1470 dicebat)
1693 1419 1776 1458 vim
1807 1432 1971 1459 omnem

574 1489 738 1529 deorum
759 1502 802 1527 ac
824 1486 1070 1541 potestatem.

630 1556 849 1595 XXXVII.
881 1557 936 1593 At
958 1565 1247 1605 nonnunquam
1269 1551 1393 1591 bonos
1415 1551 1545 1590 exitus
1566 1551 1713 1591 habent
1735 1552 1846 1592 boni.
1890 1551 1970 1592 Eos

575 1623 739 1678 quidem
760 1621 1035 1665 adscribimus,
1065 1618 1399 1670 attribuimusque
1420 1618 1498 1656 fine
1520 1619 1600 1656 ulla
1622 1620 1771 1658 ratione
1792 1619 1867 1657 diis
1888 1620 1969 1658 im-

575 1688 824 1729 mortalibus.
856 1688 913 1725 At
935 1685 1141 1738 Diagoras,
1173 1697 1266 1723 cum
1289 1683 1597 1723 Samothraciam
1619 1685 1794 1730 venisset,
1817 1684 1970 1724 Atheos

576 1757 646 1795 ille
666 1755 735 1809 qui
757 1754 919 1798 dicitur,
951 1760 1068 1804 atque
1091 1751 1125 1789 ei
1147 1750 1311 1803 quidam
1338 1750 1503 1796 amicus,
1535 1751 1617 1796 Tu,
1651 1751 1721 1804 qui
1742 1751 1834 1790 deos
1855 1761 1969 1804 putas

573 1821 746 1861 humana
769 1819 981 1872 negligere,
1018 1831 1149 1856 nonne
1181 1817 1474 1862 animadvertis,
1510 1831 1557 1855 ex
1580 1826 1638 1856 tot
1665 1817 1809 1856 tabulis
1836 1818 1969 1871 pislis,

575 1903 698 1941 quarn
730 1886 849 1925 multi
884 1885 984 1922 votis
1015 1885 1098 1922 vim
1131 1883 1370 1936 tempestatis
1396 1882 1622 1936 effugerint,
1660 1884 1701 1921 in
1729 1894 1972 1937 portumque

576 1956 669 1995 salvi
693 1953 940 2007 pervenerint
959 1952 971 1988 ?
1004 1951 1146 2001 Itafit,
1177 1951 1309 2004 inquit
1329 1966 1337 1989 :
1371 1950 1428 1989 illi
1445 1950 1537 1989 enim
1558 1952 1732 2004 nusquam
1750 1951 1966 2004 pic‘t‘istmt,

577 2021 643 2075 qui
661 2017 1066 2071 naqfragiafi'cerunt‚
1099 2015 1138 2053 in
1158 2016 1324 2067 marique
1337 2016 1546 2068 perierunt.
1579 2016 1783 2068 Idemque,
1817 2030 1910 2054 cum
1933 2017 1970 2054 ei

576 2085 777 2139 naviganti
806 2086 975 2122 vc&orcs
1007 2082 1161 2121 adversa
1191 2081 1418 2135 tempestate
1452 2081 1582 2120 timidi
1615 2093 1653 2120 et
1682 2083 1878 2135 perterriti
1906 2083 1972 2121 di-

577 2163 727 2197 cerent,
764 2165 841 2189 non
877 2151 1019 2202 injuria
1042 2150 1109 2188 fibi
1146 2149 1247 2188 illud
1268 2148 1456 2194 accidere,
1494 2149 1563 2202 qui
1597 2149 1711 2187 illum
1746 2150 1784 2186 in
1807 2149 1971 2188 eandem

579 2234 717 2260 navem
740 2217 996 2271 recepill‘cnt5
1030 2216 1198 2254 ostendit
1232 2216 1286 2254 eis
1320 2217 1359 2254 in
1394 2215 1531 2253 codem
1566 2216 1677 2254 cursu
1709 2215 1853 2254 multas
1875 2216 1969 2255 alias

577 2289 812 2331 laborantes,
844 2284 1099 2338 quaesivitque
1131 2297 1226 2321 num
1259 2283 1377 2321 etiam
1412 2283 1451 2320 in
1487 2283 1532 2320 iis
1563 2283 1725 2321 navibus
1755 2283 1971 2335 Diagoram

577 2354 666 2393 vehi
690 2352 906 2391 crederent.
953 2351 1016 2388 Sic
1049 2350 1153 2388 enim
1189 2364 1244 2387 rcs
1279 2350 1314 2387 sc
1348 2349 1480 2394 hab-ct,
1516 2359 1557 2387 ut
1590 2349 1635 2387 ad
1659 2350 1880 2402 prosperam
1901 2349 1971 2387 ad·-

579 2421 772 2459 vcrsamve
813 2417 1028 2462 fortunam,
1070 2416 1197 2470 qu.1lis
1239 2416 1299 2460 lis,
1336 2427 1401 2454 aut
1438 2415 1776 2468 quemadmodum
1809 2415 1970 2461 vixeris,

577 2486 678 2526 nihil
715 2485 876 2523 intersit.

632 2551 728 2591 Non
752 2550 1082 2596 animadvertunt,
1118 2549 1265 2604 inquit,
1302 2548 1436 2588 omnia
1468 2548 1549 2588 dii:
1583 2562 1631 2587 nc
1662 2562 1770 2602 reges
1793 2546 1970 2602 quidem.
