2330 2983
575 223 653 258 ω
989 209 1093 247 DE
1178 208 1561 249 F1N113us

618 305 750 344 XVII.
775 306 826 343 Et
846 303 971 343 adhuc
990 305 1150 357 quidem
1171 306 1224 344 ita
1243 306 1354 345 nobis
1374 307 1560 360 progressa
1579 306 1675 349 ratio
1694 306 1759 354 est,
1777 317 1819 347 ut
1838 319 1879 348 ea
1894 310 1969 349 du-

571 380 720 407 <eretur
739 370 864 408 omnis
885 383 905 407 a
919 370 1043 422 prima
1057 372 1393 410 commendatione
1408 382 1562 411 naturae.
1587 373 1707 412 Nunc
1721 383 1850 412 autem
1866 375 1970 414 aliud

565 436 648 487 jam
668 435 959 487 argumentandi
978 435 1181 488 sequamur
1199 450 1333 490 genus,
1365 448 1409 476 ut
1428 452 1504 476 non
1526 439 1664 484 solum,
1681 439 1772 492 quia
1790 453 1859 478 nos
1876 440 1968 478 dili-

570 513 722 552 gamus,
743 500 805 538 sed
825 501 914 553 quia
932 501 1116 555 cujusque
1136 504 1252 555 partis
1273 512 1414 542 naturae
1433 514 1470 542 et
1490 505 1529 542 in
1550 518 1706 558 corpore
1726 516 1764 544 et
1783 506 1823 544 in
1840 506 1970 546 animo

572 566 636 603 sua
664 579 824 618 quaeque
845 567 900 604 vis
921 566 987 612 est,
1017 567 1176 613 idcirco,
1204 569 1245 607 in
1271 568 1331 607 his
1365 571 1476 608 rebus
1498 569 1661 616 summa,
1694 571 1817 609 nostra
1836 571 1969 624 sponte

572 645 809 670 moveamur.
869 634 1001 685 Atque
1032 642 1074 671 ut
1101 647 1120 671 a
1139 647 1297 686 corpore
1326 635 1463 680 ordiar,
1494 635 1660 681 videsne,
1688 646 1744 681 ut,
1777 637 1802 675 s1
1823 649 1899 689 qua
1928 637 1968 674 in

571 697 757 734 membris
779 710 901 749 prava,
923 706 987 735 aut
1006 697 1217 743 debilitata,
1239 708 1302 737 aut
1322 699 1534 738 imminuta
1551 701 1638 746 sint,
1665 701 1862 739 occultent
1893 700 1967 740 ho-

571 762 723 799 mines?
755 772 796 799 ut
816 763 932 799 etiam
953 762 1185 801 contendant
1215 773 1253 801 et
1283 764 1492 809 elaborent,
1520 765 1546 802 fi
1573 765 1720 803 efficere
1740 765 1893 818 poffint‚
1925 775 1969 804 ut

570 837 635 865 aut
656 841 732 864 non
753 837 925 879 appareat
943 829 1112 880 corporis
1133 829 1287 874 vitium,
1309 838 1374 867 aut
1393 843 1511 881 quam
1531 831 1743 869 minimum
1765 832 1967 884 appareat?

569 892 789 945 multosque
818 893 933 930 etiam
967 892 1115 932 dolores
1135 894 1343 933 curationis
1376 895 1485 933 causa
1503 894 1724 949 perferant?
1756 906 1812 942 ut,
1845 897 1871 935 fi
1891 897 1969 950 ipse

568 959 655 996 usus
687 958 956 996 membrorum
989 972 1067 997 non
1098 959 1216 998 modo
1246 974 1323 999 non
1357 962 1492 1014 major,
1528 975 1662 1000 verum
1688 963 1805 1001 etiam
1839 963 1969 1002 minor

567 1023 721 1062 futurus
742 1025 800 1068 fit,
821 1024 955 1062 eorum
976 1033 1103 1063 tamen
1122 1025 1262 1079 species
1283 1026 1328 1064 ad
1349 1036 1524 1065 naturam
1541 1029 1774 1067 revertatur?
1807 1029 1967 1068 Etenim

565 1104 661 1128 cum
681 1102 815 1128 omnes
836 1090 969 1128 natura
990 1099 1090 1129 totos
1124 1090 1159 1128 se
1184 1092 1415 1144 expetendos
1436 1102 1586 1146 putent,
1623 1107 1692 1132 nec
1713 1094 1753 1133 id
1781 1095 1833 1133 ob
1852 1095 1966 1133 aliam

565 1170 663 1201 rem,
686 1156 746 1194 sed
765 1165 919 1209 propter
938 1156 1060 1209 ips0s;
1092 1157 1234 1196 neceffe
1266 1158 1318 1197 est
1347 1159 1427 1211 ejus
1457 1160 1573 1198 etiam
1602 1169 1724 1213 partes
1744 1170 1900 1214 propter
1929 1161 1965 1199 se

566 1222 708 1275 expeti,
730 1221 834 1273 quod
856 1221 1072 1260 universum
1091 1233 1246 1276 propter
1265 1223 1301 1261 se
1320 1234 1532 1277 expetatur.

620 1287 759 1339 Qid?
787 1288 826 1325 in
848 1297 958 1326 motu
977 1297 1016 1326 et
1034 1288 1075 1326 in
1095 1288 1190 1327 statu
1210 1291 1380 1342 corporis
1401 1289 1550 1328 nihilne
1569 1291 1635 1336 est,
1668 1291 1771 1344 quod
1791 1293 1966 1332 animad-

565 1353 792 1391 vertendum
812 1351 883 1390 effe
903 1352 980 1405 ipsa
999 1354 1295 1406 naturajudicet
1313 1356 1326 1393 ?
1358 1355 1704 1406 Qemadmodum
1723 1357 1809 1410 quis
1825 1359 1966 1396 ambu-

563 1419 633 1464 let,
665 1418 799 1463 sedeat,
835 1418 903 1471 qui
923 1418 1059 1457 duetus
1079 1420 1170 1464 oris,
1198 1420 1267 1472 qui
1292 1420 1421 1459 vultus
1452 1422 1492 1459 in
1523 1435 1681 1475 quoque
1714 1423 1758 1461 fit
1774 1441 1786 1469 ς
1817 1423 1968 1463 nihilne

565 1484 618 1523 est
645 1484 683 1522 in
713 1483 774 1522 his
809 1484 935 1529 rebus,
961 1486 1065 1537 quod
1095 1485 1259 1538 dignum
1286 1486 1408 1525 libero
1431 1496 1496 1525 aut
1521 1487 1729 1541 indignum
1756 1489 1826 1528 effe
1846 1490 1966 1529 duca-

564 1563 652 1588 mus
676 1550 689 1587 ?
720 1550 865 1588 Nonne
886 1550 975 1589 odio
995 1550 1130 1603 dignos
1152 1551 1297 1590 multos
1323 1561 1519 1604 putamus,
1554 1555 1623 1606 qui
1652 1555 1820 1607 quodam
1854 1565 1967 1596 motu

563 1626 630 1654 aut
661 1615 757 1654 statu
781 1615 959 1654 videntur
988 1625 1129 1655 naturae
1149 1616 1275 1670 legem
1307 1626 1344 1656 et
1377 1618 1540 1657 modum
1569 1621 1864 1674 contempfiffe?
1896 1624 1965 1669 Et,

564 1681 750 1734 quoniam
789 1679 870 1719 haec
905 1681 1100 1720 ducuntur
1134 1682 1180 1720 de
1206 1696 1378 1736 corpore,
1418 1684 1514 1736 quid
1548 1685 1614 1731 est,
1650 1699 1718 1724 cur
1757 1699 1834 1726 non
1868 1690 1967 1727 reete

563 1745 816 1801 pulchritudo
853 1746 970 1785 etiam
999 1747 1077 1800 ipsa
1110 1758 1266 1801 propter
1300 1748 1336 1787 se
1369 1750 1580 1802 expetenda
1613 1751 1809 1791 ducatur?
1858 1754 1966 1794 Nam

564 1814 589 1852 fi
624 1813 850 1866 pravitatem
881 1813 1279 1867 imminutionemque
1299 1816 1468 1869 corporis
1502 1826 1658 1870 propter
1677 1818 1711 1857 se
1739 1817 1965 1872 fugiendam

563 1889 746 1932 putamus
763 1897 775 1924 ;
807 1892 875 1917 cur
895 1892 971 1917 non
1001 1880 1132 1925 etiam,
1165 1894 1207 1919 ac
1237 1880 1388 1920 fortass‘e
1418 1883 1554 1935 magis,
1584 1894 1739 1937 propter
1763 1885 1798 1924 se
1831 1885 1967 1926 formae

563 1947 793 1999 dignitatem
814 1944 1015 1998 sequamur
1034 1947 1047 1984 ?
1080 1947 1145 1991 Et,
1167 1947 1193 1986 fi
1227 1949 1509 2001 turpitudinem
1530 1949 1725 2003 fugiamus
1752 1951 1791 1991 in
1814 1952 1907 1992 statu
1927 1963 1966 1993 et

563 2021 674 2050 motu
691 2011 874 2064 corporis,
892 2012 986 2064 quid
1006 2011 1071 2057 est,
1094 2026 1162 2051 cur
1181 2012 1515 2065 pulchritudinem
1532 2029 1609 2053 non
1630 2015 1858 2068 sequamur?
1887 2021 1964 2058 At-

564 2091 640 2131 que
675 2078 790 2116 etiam
822 2077 1097 2124 valetudinem,
1131 2079 1242 2125 vires,
1270 2080 1500 2119 vacuitatem
1527 2081 1669 2120 doloris
1701 2097 1777 2121 non
1809 2095 1964 2139 propter

565 2145 773 2183 utilitatem
795 2143 934 2189 solum,
966 2144 1027 2183 sed
1058 2146 1174 2184 etiam
1194 2145 1290 2199 ipsas
1321 2157 1475 2200 propter
1502 2147 1536 2185 se
1561 2158 1800 2201 expetemus.
1848 2151 1962 2206 Qo-

564 2211 669 2250 niam
690 2211 795 2249 enim
816 2220 947 2249 natura
966 2211 1041 2249 suis
1061 2212 1245 2251 omnibus
1264 2213 1406 2266 expleri
1429 2214 1600 2266 partibus
1630 2215 1726 2260 vult,
1757 2215 1863 2256 hunc
1889 2218 1962 2257 sta-

563 2286 648 2315 tum
669 2276 837 2329 corporis
854 2289 920 2329 per
940 2276 974 2314 se
995 2276 1121 2329 ipsum
1137 2278 1296 2331 expetit,
1313 2279 1380 2331 qui
1397 2278 1448 2317 est
1469 2280 1638 2318 maxime
1657 2295 1677 2319 e
1700 2290 1855 2327 natura;
1878 2297 1963 2336 quae

564 2351 643 2380 tota
662 2341 921 2395 perturbatur,
948 2342 974 2382 fi
1009 2352 1072 2382 aut
1093 2357 1237 2398 aegrum
1272 2358 1409 2399 corpus
1438 2345 1505 2391 est,
1536 2356 1601 2385 aut
1627 2346 1744 2394 dolet,
1775 2358 1839 2389 aut
1862 2360 1964 2390 caret

563 2407 724 2446 viribus.

618 2474 771 2513 XV111.
805 2475 1012 2515 Videamus
1040 2476 1158 2515 animi
1191 2486 1341 2531 partes;
1372 2492 1537 2531 quarum
1568 2479 1620 2519 est
1652 2480 1819 2534 aspectus
1849 2480 1958 2521 illus-

563 2539 656 2579 trior
670 2557 683 2586 ς
717 2554 800 2594 quae
820 2555 899 2596 quo
927 2542 1013 2582 sunt
1032 2543 1265 2591 ext-euicta,
1283 2558 1328 2584 eo
1348 2544 1440 2585 dant
1467 2545 1625 2587 clariora
1644 2547 1786 2587 indicia
1803 2556 1959 2590 natura.
