2330 2983
661 297 936 337 LIBER
993 297 1491 338 SECUNDUS.
1695 301 1773 354 463

522 402 586 439 Ita
603 398 684 438 dum
704 400 949 452 interruptum
967 398 1089 437 credas
1106 399 1260 438 nimbum
1279 400 1433 445 volvier,

521 466 626 503 Dum
645 464 739 518 quod
737 464 890 518 sublime
908 464 1026 502 ventis
1044 465 1220 516 expufficm
1239 465 1325 516 rapi

519 530 668 574 Saxum,
697 539 765 568 aut
777 529 952 582 procellis,
973 529 1036 567 vel
1043 528 1192 581 globosos
1210 528 1371 568 turbines

520 595 680 648 Existere
698 596 783 634 ictos
802 594 904 633 undis
922 594 1209 647 concursantibus
1223 611 1236 638 3

520 660 605 711 Nifi
619 674 707 713 quas
725 659 908 712 terrestres
926 660 1066 698 Pontus
1072 658 1216 712 strages
1234 658 1364 697 conciet
1380 674 1394 697 :

519 726 604 763 Aut
607 726 717 777 forte
737 723 865 764 ‘Triton
871 725 1023 778 fuscina'
1039 733 1202 763 evertens
1206 725 1347 777 specus.

523 790 656 829 Subter
673 790 809 829 radices
821 791 966 843 penitus
984 789 1139 828 undanti
1153 790 1190 828 in
1195 790 1302 842 freto

520 857 652 894 Molem
671 871 713 894 ex
725 855 903 908 profundo
907 857 1057 908 ſszxeam
1075 854 1126 893 ad
1139 856 1261 894 caelum
1280 855 1405 894 vomit.

386 919 552 959 Dubitat
569 922 711 973 primo,
742 934 828 973 quae
848 921 892 959 fit
911 935 954 958 ea
972 930 1117 965 natura,
1139 933 1256 973 quam
1276 921 1398 959 cernit
1418 921 1590 974 ignotam
1608 937 1616 960 :
1649 922 1774 961 idem-

385 997 474 1036 que,
490 986 698 1037 juvenibus
719 986 817 1030 vifis,
838 987 1044 1038 auditoque
1064 986 1219 1024 nautico
1237 995 1366 1031 cantu,

522 1052 624 1090 Sicut
644 1052 750 1090 inciti
773 1061 881 1105 atque
898 1053 1035 1091 alacres
1053 1052 1174 1104 rostris
1186 1052 1417 1104 perfremunt

521 1118 700 1169 Delphini
719 1147 727 1155 .
749 1147 757 1155 .
783 1147 792 1155 .
816 1119 916 1156 Item
936 1118 1008 1155 alia
1026 1117 1151 1154 multa
1165 1135 1178 1161 5
1211 1118 1356 1155 Silvani
1370 1118 1453 1155 melo

521 1183 736 1234 Consimilem
754 1182 806 1221 ad
819 1197 924 1222 aures
942 1194 1087 1221 cantum
1106 1191 1141 1220 et
1159 1181 1320 1220 auditum
1340 1183 1469 1235 refert.

384 1248 490 1301 Ergo
509 1257 553 1287 ut
572 1247 638 1286 hic
656 1249 784 1301 primo
802 1249 952 1301 aspectu
971 1249 1187 1286 inanimum
1203 1248 1388 1300 quiddam
1408 1246 1591 1300 sensuque
1610 1261 1777 1288 vacuum

384 1313 420 1351 se
438 1322 549 1366 putat
577 1326 729 1352 cernere
741 1332 753 1359 5
784 1314 867 1366 post
896 1323 1026 1351 autem
1046 1313 1160 1365 fignis
1180 1313 1420 1357 certioribus,
1450 1312 1563 1365 quale
1581 1313 1626 1351 fit
1645 1313 1699 1358 id,
1731 1314 1778 1352 de

385 1392 465 1431 quo
495 1379 745 1424 dubitaverat,
777 1380 916 1432 incipit
945 1379 1121 1432 suspicari
1136 1397 1148 1423 ς
1180 1379 1230 1416 fic
1251 1377 1471 1432 philosophi
1490 1378 1717 1425 debuerunt,
1749 1380 1776 1417 fi

384 1443 484 1484 forte
503 1459 566 1483 eos
596 1446 744 1498 primus
765 1445 931 1498 aspectus
950 1445 1087 1483 mundi
1106 1445 1408 1490 conturbaverat,
1435 1445 1574 1498 postea,
1604 1459 1696 1484 cum
1715 1446 1776 1483 vi-

384 1509 519 1550 dissent
538 1520 666 1550 motus
685 1512 765 1563 ejus
788 1511 915 1550 finitos
934 1520 971 1549 et
991 1511 1208 1563 aequabiles,
1240 1512 1447 1563 omniaque
1468 1511 1555 1548 ratis
1576 1511 1776 1549 ordinibus

386 1576 592 1621 moderata,
622 1577 937 1627 immutabilique
967 1576 1187 1618 constantia,
1219 1576 1431 1626 intelligere
1460 1574 1573 1612 ineffe
1606 1575 1776 1627 aliquem

385 1651 462 1680 non
481 1641 606 1680 solum
624 1640 880 1679 habitatorem
900 1640 941 1678 in
961 1638 1033 1678 hac
1053 1639 1189 1678 caelesti
1207 1653 1248 1678 ac
1270 1640 1398 1678 divina
1418 1640 1548 1685 domo,
1580 1641 1641 1679 sed
1659 1642 1776 1680 etiam

384 1709 582 1753 restorem,
612 1716 650 1745 et
668 1707 963 1751 moderatorem,
984 1715 1023 1743 et
1041 1715 1224 1757 tanquam
1247 1705 1500 1744 architectum
1520 1707 1616 1744 tanti
1635 1708 1775 1759 operis,

384 1774 556 1826 tantique
576 1764 761 1812 m'uneris.

444 1840 635 1878 XXXVI.
666 1839 788 1877 Nunc
821 1847 950 1876 autem
980 1835 1082 1875 mihi
1106 1836 1282 1874 videntur
1310 1849 1358 1874 ne
1390 1836 1566 1889 suspicari
1599 1837 1773 1889 quidem,

386 1912 526 1955 quanta
541 1903 585 1941 s1t
599 1902 872 1942 admirabilitas
888 1901 1095 1940 caelestium
1115 1913 1242 1939 rerum
1263 1910 1376 1953 atque
1392 1901 1636 1940 terrestrium.
1659 1903 1776 1941 Prin·

386 1970 488 2022 cipio
507 1969 612 2007 enim
632 1978 743 2013 terra,
769 1968 835 2006 fita
854 1968 893 2005 in
914 1967 1041 2006 media
1059 1976 1162 2019 parte
1182 1966 1333 2011 mundi,
1354 1965 1585 2005 circumfusa
1605 1968 1774 2020 undique

384 2035 436 2072 est
455 2034 526 2073 hac
543 2034 741 2072 animabili
756 2033 1001 2086 spirabilique
1020 2041 1165 2077 natura,
1182 2032 1247 2070 cui
1262 2046 1404 2070 nomen
1420 2032 1472 2070 est
1486 2047 1572 2077 aet-3
1591 2033 1773 2072 Graecum

384 2100 483 2138 illud
502 2099 674 2151 quidem,
706 2099 766 2137 sed
786 2107 985 2150 receptum
999 2099 1082 2150 jam
1100 2107 1229 2136 tamen
1250 2097 1317 2136 usu
1337 2111 1357 2135 a
1375 2097 1533 2136 nostris:
1566 2099 1703 2137 tritum
1722 2099 1774 2137 est

384 2167 490 2204 enim
510 2179 579 2218 pro
591 2165 744 2204 Latino.
777 2165 897 2202 Hunc
918 2164 1043 2202 rursus
1064 2163 1307 2216 amplectitur
1325 2164 1534 2202 immensus
1555 2163 1684 2209 aether,
1705 2166 1772 2217 qui

385 2231 530 2269 constat
562 2243 609 2268 ex
638 2229 824 2267 altissimis
844 2229 1014 2281 ignibus.
1055 2229 1288 2267 Mutuemur
1312 2228 1387 2268 hoc
1417 2243 1572 2283 quoque
1597 2230 1771 2275 verbum,

386 2296 607 2349 dicaturque
627 2304 706 2332 tam
725 2294 840 2333 aether
857 2295 1006 2340 Latine,
1023 2307 1140 2346 quam
1159 2294 1299 2333 dicitur
1317 2310 1380 2334 aer
1391 2314 1403 2340 3
1425 2295 1490 2333 etsi
1507 2295 1772 2346 interpretatur

389 2361 590 2405 Pacuvius,

524 2426 618 2469 Hoc,
639 2423 732 2477 quod
743 2438 901 2469 memoro,
923 2423 1033 2478 nestri
1046 2425 1183 2469 caelum,
1209 2426 1321 2463 Graii
1330 2424 1517 2477 perhibent
1535 2423 1686 2461 (ethera.

388 2489 504 2541 Qafi
523 2502 610 2527 vero
630 2502 706 2526 non
727 2489 865 2527 Graius
884 2488 960 2527 hoc
979 2489 1094 2527 dicat.
1125 2491 1179 2527 At
1200 2490 1335 2527 Latine
1356 2489 1540 2539 loquitur,
1565 2487 1591 2524 fi
1610 2487 1769 2539 quidem

388 2569 456 2595 nos
477 2568 552 2594 non
566 2554 667 2607 quafi
685 2554 818 2592 Graece
837 2554 1060 2606 loquentem
1072 2553 1281 2591 audiamus.
1304 2555 1428 2592 Docet
1441 2553 1543 2591 idem
1560 2553 1634 2591 alio
1654 2554 1739 2591 loco
1754 2571 1766 2598 3

524 2621 732 2673 Grajugena
750 2619 789 2659 de
806 2620 864 2674 isto
881 2620 998 2673 aperit
1017 2619 1092 2673 ipsa
1109 2619 1234 2658 oratio.
