2330 2983
570 265 845 304 LIBER
904 263 1401 302 SECUNDUS.
1619 275 1688 312 1¹3

293 363 565 402 concedimus:
589 363 613 400 fi
635 372 827 407 movente,
849 361 953 414 quod
975 371 1100 399 tamen
1122 361 1263 404 dicitis,
1287 361 1391 397 nulla
1412 360 1530 411 turpis
1552 358 1689 409 volup-

294 438 350 467 tas
370 429 454 473 erit,
471 442 556 480 quae
576 427 898 480 praetermittenda
917 426 974 464 s1t.
1017 427 1069 464 Et
1100 426 1212 463 fimul
1234 440 1309 463 non
1336 425 1587 477 proficiscitur
1606 424 1688 460 ani-

295 493 372 532 mal
392 493 491 531 illud
511 493 628 531 modo
648 502 782 530 natum
803 505 823 529 a
843 491 992 529 summa
1008 491 1228 542 voluptate5
1251 504 1335 542 qua:
1355 490 1405 527 est
1426 504 1445 527 a
1461 500 1497 526 te
1516 490 1631 541 poslta
1651 490 1689 526 in

294 572 371 596 non
392 557 570 596 dolendo.

348 625 434 663 Nec
469 633 596 661 tamen
631 632 901 674 argumentum
932 621 1008 660 hoc
1040 622 1230 674 Epicurus
1262 634 1282 658 a
1301 621 1422 673 parvis
1445 619 1593 672 petivit,
1625 627 1688 655 aut

292 690 409 728 etiam
439 702 460 727 a
489 688 632 733 bestiis,
662 702 747 740 quae
781 696 890 741 putat
924 687 995 725 effe
1020 687 1172 739 specula
1198 695 1353 730 naturae,
1385 694 1427 722 ut
1455 685 1610 727 diceret,
1642 684 1688 719 ab

292 754 368 800 his,
390 755 487 793 duce
506 765 651 798 natura,
682 753 781 792 hanc
802 753 1040 806 voluptatem
1061 753 1189 805 expeti
1213 751 1311 790 nihil
1335 751 1502 789 dolendi.
1550 750 1689 801 Neque

292 822 399 859 enim
431 821 513 860 haec
542 833 694 859 movere
722 820 842 873 potest
868 820 1085 872 appetitum
1115 819 1263 856 animi:
1306 831 1376 856 nec
1413 817 1539 855 ullum
1572 815 1687 854 habet

295 889 430 932 ictum,
461 901 540 940 quo
566 887 683 940 pellat
702 887 891 931 animum,
924 887 1038 924 status
1065 884 1130 923 hic
1160 899 1237 923 non
1266 884 1435 922 dolendi.
1495 884 1628 935 Itaque
1647 883 1687 920 in

292 953 368 992 hoc
387 954 522 992 eodem
542 962 676 1005 peccat
698 953 975 1003 Hieronymus.
1040 953 1095 990 At
1127 951 1193 989 ille
1212 951 1336 1003 pellit,
1373 949 1440 1001 qui
1474 949 1687 1002 permulcet

293 1019 440 1058 sensum
460 1019 670 1071 voluptate.
731 1019 863 1070 Itaque
884 1018 1074 1070 Epicurus
1094 1017 1241 1069 semper
1260 1015 1335 1054 hoc
1366 1016 1500 1059 utitur,
1533 1024 1575 1052 ut
1595 1028 1686 1067 pro-

294 1086 371 1130 bet,
394 1085 632 1137 voluptatem
664 1084 796 1121 natura
824 1084 951 1136 expeti
964 1101 975 1128 ς
1008 1083 1112 1135 quod
1139 1096 1182 1120 ea
1200 1082 1388 1134 voluptas,
1411 1095 1496 1133 quae
1516 1081 1556 1118 in
1577 1090 1687 1118 motu

292 1151 350 1196 s1t,
371 1161 408 1189 et
428 1164 560 1203 parvos
579 1149 625 1188 ad
645 1149 680 1187 se
699 1149 841 1187 alliciat
860 1159 898 1187 et
917 1149 1051 1187 bestias
1067 1167 1079 1194 3
1102 1162 1179 1186 non
1199 1148 1265 1185 illa
1279 1147 1435 1191 stabilis,
1450 1147 1490 1184 in
1507 1160 1582 1198 qua
1602 1154 1686 1184 tan-

292 1215 377 1255 tum
407 1215 501 1254 inest
531 1213 630 1253 nihil
662 1214 801 1252 dolere.
848 1214 930 1266 Qi
959 1214 1078 1266 igitur
1107 1213 1301 1257 convenit,
1332 1212 1378 1250 ab
1399 1211 1470 1249 alia
1490 1211 1686 1264 voluptate

292 1283 415 1320 dicere
435 1289 609 1319 naturam
628 1279 832 1333 proficisci,
854 1280 894 1316 in
915 1279 987 1316 alia
1006 1279 1205 1317 summurn
1222 1278 1369 1316 bonum
1385 1290 1523 1329 ponere
1543 1278 1556 1314 ?

348 1348 421 1385 XI.
454 1346 662 1385 Bestiarum
693 1359 781 1383 vero
815 1345 969 1383 nullum
997 1344 1192 1396 judicium
1223 1352 1344 1395 puto:
1376 1343 1550 1394 quamvis
1581 1343 1686 1381 enim

293 1414 501 1465 depravatae
521 1425 598 1449 non
616 1411 701 1455 fint,
719 1424 839 1463 pravae
860 1420 987 1448 tamen
1007 1409 1077 1447 effe
1098 1408 1263 1461 possunt.
1303 1409 1360 1446 Ut
1376 1407 1562 1445 bacillum
1583 1408 1685 1446 aliud

293 1479 346 1516 est
372 1477 557 1516 inflexum
588 1486 626 1514 et
646 1477 888 1514 incurvatum
920 1475 966 1513 de
995 1475 1190 1518 industria,
1221 1473 1324 1511 aliud
1359 1473 1412 1511 ita
1443 1482 1576 1510 natum
1593 1491 1604 1517 3
1636 1474 1686 1512 fic

292 1543 459 1582 ferarum
477 1552 609 1581 natura
628 1555 704 1579 non
725 1541 777 1579 est
797 1540 862 1579 illa
882 1540 1039 1593 quidem
1055 1540 1254 1592 depravata
1268 1538 1370 1576 mala
1388 1537 1603 1591 disciplina,
1625 1539 1686 1577 sed

293 1610 426 1648 natura
455 1608 533 1646 sua.
591 1608 679 1646 Nec
713 1621 814 1652 vero,
856 1616 900 1644 ut
933 1606 1170 1659 voluptatem
1196 1614 1361 1658 expetat,
1397 1613 1530 1642 natura
1556 1615 1687 1643 movet

292 1675 480 1714 infantem
496 1693 508 1719 ς
540 1674 602 1712 sed
622 1671 772 1712 tantum
792 1682 834 1711 ut
854 1673 889 1711 se
908 1672 985 1725 ipse
1005 1672 1154 1724 diligat,
1187 1681 1229 1710 ut
1248 1672 1445 1724 integrum
1466 1671 1499 1709 se
1519 1671 1685 1709 salvum-

290 1755 365 1794 que
384 1741 489 1779 velit.
549 1741 681 1778 Omne
710 1741 816 1778 enim
835 1739 990 1783 animal,
1012 1739 1123 1778 fimul
1143 1749 1187 1777 ut
1208 1748 1337 1777 ortum
1357 1738 1422 1783 est,
1449 1747 1487 1775 et
1507 1737 1685 1790 seipsum,

290 1818 327 1845 et
347 1820 480 1845 omnes
502 1816 622 1860 partes
643 1806 722 1844 suas
743 1806 871 1858 diligit
883 1824 895 1850 ;
924 1805 1103 1857 duasque,
1120 1819 1204 1857 quae
1219 1805 1397 1842 maximae
1417 1803 1516 1847 sunt,
1547 1804 1587 1841 in
1603 1803 1684 1856 pri-

290 1874 365 1912 mis
386 1873 643 1926 amplectitur,
675 1873 852 1910 animum
883 1881 921 1910 et
947 1885 1084 1924 corpus
1101 1890 1112 1916 ς
1151 1871 1288 1909 deinde
1319 1870 1514 1922 utriusque
1545 1879 1683 1922 partes.

290 1940 397 1978 Nam
427 1939 513 1977 sunt
543 1948 581 1976 et
601 1939 641 1976 in
673 1940 803 1977 animo
837 1938 1026 1991 praecipua
1048 1937 1235 1990 quaedam,
1268 1946 1306 1974 et
1327 1937 1366 1974 in
1386 1949 1568 1989 corpore;
1600 1949 1685 1988 quae

289 2019 381 2044 cum
409 2005 542 2042 leviter
572 2005 740 2057 agnovit,
772 2013 866 2042 tunc
897 2003 1106 2042 discernere
1126 2003 1277 2055 incipit,
1311 2012 1353 2040 ut
1372 2016 1426 2046 ea,
1459 2016 1542 2053 quae
1564 2002 1684 2054 prima

288 2072 373 2109 data
393 2070 478 2108 sunt
498 2070 645 2115 natura,
667 2079 830 2122 appetat,
852 2069 1143 2122 asperneturque
1163 2068 1362 2106 contraria.
1401 2069 1445 2105 In
1466 2066 1526 2104 his
1548 2067 1683 2119 primis

288 2136 523 2175 naturalibus
545 2136 718 2189 voluptas
739 2136 826 2174 infit
855 2149 986 2180 necne,
1009 2147 1147 2187 magna
1166 2134 1321 2186 quaestio
1341 2133 1407 2171 est.
1459 2132 1572 2171 Nihil
1596 2146 1682 2170 vero

289 2211 421 2254 putare
451 2202 534 2245 esse,
566 2211 699 2254 praeter
732 2201 986 2254 voluptatem,
1017 2213 1094 2238 non
1114 2199 1301 2243 membra,
1333 2213 1408 2237 non
1431 2198 1568 2241 sensus,
1607 2211 1683 2234 non

291 2267 436 2319 ingenii
471 2276 639 2311 motum,
676 2280 752 2304 non
784 2267 1043 2319 integritatem
1078 2265 1261 2318 corporis,
1299 2279 1374 2303 non
1410 2264 1681 2307 valetudinem,

290 2333 446 2370 summae
467 2331 566 2370 mihi
586 2333 736 2370 videtur
756 2332 926 2371 inscitiae.

344 2401 476 2450 Atque
495 2398 541 2436 ab
563 2397 632 2436 isto
651 2398 773 2451 capite
795 2397 909 2436 fluere
929 2397 1070 2436 neceffe
1090 2397 1141 2435 est
1161 2410 1317 2434 omnem
1348 2397 1533 2433 rationem
1559 2395 1682 2431 bono-

290 2477 377 2501 rum
409 2473 445 2500 et
477 2463 682 2502 malorum.
743 2464 960 2508 Polemoni,
990 2464 1106 2500 etiam
1137 2461 1222 2500 ante
1256 2461 1463 2504 Aristoteli,
1491 2474 1531 2497 ea
1562 2460 1685 2511 prima

290 2528 366 2566 visa
382 2528 482 2573 sunt,
503 2542 588 2581 quae
616 2529 730 2581 paulo
749 2538 835 2567 ante
855 2529 949 2567 dixi.
1011 2530 1115 2580 Ergo
1137 2538 1220 2565 nata
1240 2527 1291 2564 est
1313 2525 1493 2563 sententia
1512 2533 1684 2562 veterum

292 2594 616 2633 Academicorum
635 2604 673 2633 et
694 2595 1050 2648 Peripateticorum,
1085 2604 1127 2631 ut
1147 2593 1264 2632 finem
1288 2592 1478 2629 bonorum
1500 2591 1681 2629 dicerent-2

390 2661 534 2699 ToM.
567 2661 619 2699 11.
1357 2658 1385 2696 P
