2330 2983
539 249 617 290 324
848 232 1627 274 TUSCULANARUM

670 333 767 389 Effl’t
785 332 920 372 dolendi
933 335 1038 387 caffz
1053 352 1064 378 5
1096 342 1138 372 ut
1160 332 1282 385 injeb't'o
1300 332 1437 386 equulei

671 401 709 440 F
709 413 806 439 raeno
823 408 965 453 repente
983 402 1086 439 tactu
1103 399 1340 453 exagitantur
1359 411 1463 438 novo.

673 465 745 504 Sed
744 466 827 518 jam
831 466 1009 520 stcbaftus
1028 466 1173 520 mf'si’riis
1191 465 1367 518 obtorpui.

537 529 776 584 Defatigatio
805 532 926 584 igitur
955 531 1194 571 miseriarum
1227 530 1469 584 :egritudines
1504 541 1597 568 cum
1615 527 1731 568 faciat
1755 528 1932 574 leniores,

535 597 704 650 intelligi
737 597 880 636 necesse
910 597 976 643 est,
1007 611 1085 638 non
1118 611 1200 637 rem
1221 597 1342 651 ipsam
1370 595 1521 636 causam
1551 604 1666 649 atque
1685 595 1835 635 fontem
1863 595 1934 635 effe

535 663 726 702 moeroris.

591 727 820 781 Philosophi
853 727 1010 773 summi,
1043 741 1168 780 neque
1202 728 1298 766 dum
1329 735 1458 766 tamen
1478 726 1700 779 sapientiam
1725 727 1933 772 consecuti,

536 806 665 832 nonne
695 792 933 845 intelligunt,
965 793 1006 830 in
1026 792 1179 831 stimmo
1199 792 1234 830 se
1253 791 1357 829 malo
1375 790 1446 829 esse
1463 791 1477 828 ?
1508 790 1610 829 Sunt*
1623 793 1729 829 enim
1751 791 1934 844 insipien-

536 867 617 904 tes,
649 871 775 911 neque
805 858 1022 912 insipientia
1052 858 1180 896 ullum
1210 858 1336 910 majus
1355 857 1506 896 malum
1539 858 1593 896 est
1608 876 1620 903 ;
1652 870 1778 910 neque
1806 867 1938 897 tamen

535 924 684 978 lugent.
729 924 836 976 Qid
855 921 935 963 ita?
965 921 1057 977 quia
1075 923 1170 963 huic
1188 922 1321 978 generi
1338 924 1531 963 malorum
1557 937 1636 963 non
1655 924 1852 978 affingitur
1871 923 1938 962 illa

535 991 684 1043 opinio,
718 992 866 1029 rectum
899 989 971 1028 effe
989 999 1027 1028 et
1057 1003 1226 1043 aequum,
1257 999 1296 1029 et
1325 989 1372 1028 ad
1401 990 1576 1029 officium
1607 989 1808 1044 pertinere,
1841 1002 1938 1043 aegre

534 1055 646 1102 ferre,
681 1057 787 1110 quod
806 1056 952 1110 sapiens
972 1070 1050 1096 non
1084 1057 1158 1103 fis,
1190 1057 1295 1110 quod
1322 1057 1427 1096 idem
1458 1056 1680 1111 affingimus
1705 1055 1799 1095 huic
1825 1057 1936 1110 aegri·

534 1122 676 1168 tudini,
708 1123 749 1161 in
768 1136 844 1176 qua
862 1123 990 1161 luctus
1023 1123 1133 1169 inest,
1164 1136 1251 1176 quae
1280 1124 1460 1162 omnium
1489 1124 1661 1162 maxima
1689 1123 1756 1162 est.
1801 1123 1937 1175 Itaque

535 1188 774 1233 Aristoteles,
812 1197 955 1227 veteres
984 1187 1234 1242 philosophos
1273 1189 1464 1235 accusans,
1511 1191 1579 1244 qui
1612 1188 1935 1234 existimaviss‘ent,

531 1252 822 1308 philosophiam
840 1253 916 1292 suis
935 1254 1100 1306 ingeniis
1120 1254 1193 1292 effe
1211 1254 1434 1307 perfectam,
1462 1256 1514 1294 ait
1535 1269 1600 1295 eos
1618 1265 1684 1295 aut
1698 1255 1936 1295 stultiffimos

533 1328 600 1358 aut
618 1318 903 1373 gloriosissimos
922 1318 1055 1358 fuiffe:
1087 1315 1151 1358 sed
1169 1319 1206 1358 se
1223 1320 1364 1366 videre,
1386 1319 1493 1373 quod
1512 1321 1645 1373 paucis
1664 1318 1773 1358 annis
1798 1333 1938 1374 magna

532 1381 693 1424 acceffio
710 1385 809 1424 faeta
827 1384 930 1431 esset,
964 1385 1070 1425 brevi
1093 1394 1268 1439 tempore
1286 1384 1573 1439 philosophiam
1594 1386 1708 1439 plane
1724 1383 1939 1425 absolutam

533 1450 629 1491 fore.
675 1446 966 1505 Theophrastus
1001 1460 1130 1491 autem
1161 1452 1330 1491 moriens
1362 1451 1545 1491 accusasse
1570 1461 1746 1491 naturam
1779 1451 1936 1498 dicitur,

533 1518 640 1570 quod
673 1519 793 1556 cervis
825 1527 864 1557 et
893 1518 1114 1557 cornicibus
1142 1519 1262 1557 vitam
1299 1519 1536 1564 diuturnam,
1568 1531 1738 1572 quorum
1771 1518 1812 1557 id
1837 1517 1938 1558 nihil

532 1583 722 1623 interesset
738 1603 750 1630 ς
791 1583 1034 1630 hominibus,
1065 1597 1233 1637 quorum
1266 1585 1438 1623 maxime
1470 1584 1712 1630 interfuiffet,
1742 1581 1822 1624 tam
1851 1584 1937 1624 exi-

534 1662 652 1702 guam
672 1650 792 1688 vitam
812 1649 969 1688 dedisset
981 1668 993 1695 5
1025 1646 1194 1703 quorum
1224 1650 1250 1689 fi
1272 1658 1358 1689 aetas
1378 1649 1557 1704 potuisset
1575 1649 1647 1688 effe
1670 1647 1936 1703 longinquior,

535 1714 713 1754 futurum
734 1714 856 1761 fuiffe‚
878 1724 936 1761 ut,
957 1716 1139 1754 omnibus
1160 1715 1336 1769 perfectis
1356 1717 1515 1762 artibus,
1538 1710 1649 1755 omni
1667 1715 1840 1755 doetrina
1860 1714 1935 1753 ho-

535 1781 690 1820 minum
709 1781 787 1819 vita
805 1781 1030 1820 erudiretur.
1073 1782 1314 1835 Qerebatur
1333 1782 1451 1835 igitur
1470 1783 1506 1820 se
1535 1791 1636 1827 tum,
1668 1794 1761 1821 cum
1780 1781 1847 1820 illa
1873 1781 1934 1819 vi·

535 1847 621 1886 dere
641 1847 826 1901 coepiffet,
847 1847 1038 1900 extingui.

589 1914 730 1966 Qid?
762 1927 809 1953 ex
842 1914 986 1952 caeteris
1017 1912 1257 1966 philosophis
1288 1926 1415 1951 nonne
1445 1913 1619 1966 optimus
1639 1921 1678 1951 et
1696 1911 1935 1966 gravissimus

535 1980 695 2033 quisque
726 1979 945 2024 confitetur,
977 1979 1101 2017 multa
1120 1979 1155 2017 se
1179 1980 1365 2032 ignorare,
1395 1988 1433 2017 et
1454 1980 1578 2017 multa
1597 1979 1666 2017 fibi
1686 1980 1802 2017 etiam
1822 1988 1936 2032 atque

534 2046 651 2085 etiam
683 2036 753 2084 e'ffe
787 2044 987 2084 discenda?
1019 2045 1159 2097 Neque
1191 2054 1335 2090 tamen,
1370 2058 1462 2083 cum
1483 2045 1518 2083 se
1544 2045 1584 2083 in
1604 2045 1730 2083 media
1758 2045 1933 2090 stultitia,

535 2125 611 2165 qua
644 2110 742 2150 nihil
774 2111 826 2150 est
852 2111 973 2164 pejus,
1006 2109 1146 2149 haerere
1170 2111 1400 2164 intelligant,
1431 2110 1655 2164 :egritudine
1687 2119 1931 2163 premuntur.

535 2176 659 2217 Nulla
687 2177 792 2216 enim
822 2177 1049 2215 admiscetur
1068 2177 1201 2230 opinio
1219 2177 1377 2216 officiosi
1397 2176 1553 2216 doloris.
1599 2176 1722 2228 Qid‚
1753 2176 1821 2229 qui
1857 2164 1932 2215 non

535 2253 672 2297 putant
691 2243 905 2298 lugendum
935 2244 1024 2282 viris
1044 2244 1057 2280 ?
1087 2244 1210 2296 qualis
1231 2243 1306 2282 fuit
1326 2243 1604 2294 QMaximus
1624 2241 1783 2280 efferens
1803 2242 1931 2281 filium

536 2310 814 2356 Consularem;
857 2311 979 2363 qualis
1015 2311 1063 2349 L.
1099 2310 1253 2355 Paulus,
1284 2310 1434 2349 duobus
1464 2310 1594 2363 paucis
1626 2309 1761 2347 diebus
1792 2308 1933 2347 amiffis

538 2377 653 2421 filiis;
685 2377 807 2430 qualis
837 2376 899 2415 M.
923 2377 1033 2421 Cato,
1067 2377 1230 2415 Pnrtore
1260 2376 1453 2429 designato
1479 2385 1635 2414 mortuo
1662 2374 1769 2420 filio;
1801 2374 1933 2428 quales

539 2442 689 2495 reliqui,
712 2456 806 2495 quos
828 2443 866 2481 in
884 2442 1154 2482 Consolatione
1174 2441 1417 2495 collegimuS.
1450 2442 1559 2493 Qid
1579 2440 1649 2479 hos
1679 2441 1783 2479 aliud
1804 2441 1932 2494 placa·

539 2511 606 2552 vit,
630 2509 695 2546 nisi
719 2509 824 2561 quod
854 2508 1002 2547 luctum
1033 2518 1070 2546 ct
1092 2522 1296 2547 mosrorcm
1316 2507 1387 2546 csse
1409 2521 1483 2545 non
1506 2508 1690 2560 putabant
1710 2507 1780 2545 viri
1800 2506 1813 2542 ?
1856 2506 1931 2544 Er-

537 2589 587 2628 go
607 2575 660 2620 id,
691 2575 794 2629 quod
828 2574 891 2614 alii
924 2578 1069 2615 rectum
1099 2575 1298 2631 opinantes
1328 2574 1545 2628 aegritudini
1576 2572 1611 2613 sc
1631 2573 1752 2612 solent
1781 2571 1929 2616 dedere,
