2330 2983
593 242 670 283 260
900 239 1678 280 TUSCULANARUM

618 342 831 379 MARcus.
863 338 976 379 Num
1011 339 1105 392 quid
1135 340 1255 392 igitur
1284 338 1337 377 est
1369 338 1502 384 causae,
1536 339 1634 391 quin
1663 338 1808 378 amicos
1838 339 1984 379 nostros

590 407 735 446 Stoicos
756 406 1023 452 dimittamus;
1055 419 1118 445 eos
1138 405 1240 451 dico,
1271 406 1340 458 qui
1359 406 1466 444 aiunt
1486 405 1634 444 animos
1660 419 1827 452 manere,
1855 419 1877 443 e
1895 419 1983 444 cor·

588 485 680 526 pore
698 485 790 511 cum
805 472 1039 518 excefferint,
1056 472 1117 511 sed
1132 485 1209 511 non
1230 472 1402 525 semper?
1424 472 1517 511 Istos
1537 485 1654 518 ver03
1675 473 1759 525 qui,
1781 472 1886 525 quod
1905 481 1986 510 tota

588 539 629 577 in
649 538 721 577 hac
740 538 847 577 causa
866 538 1145 577 difficillimum
1164 537 1232 583 est,
1265 538 1482 591 suscipiant,
1513 538 1614 591 poss‘e
1634 539 1810 577 animum
1829 551 1986 577 manere

588 616 746 658 corpore
775 613 974 643 vacantem
989 621 1002 650 ς
1033 605 1132 643 illud
1152 614 1295 649 autem,
1327 605 1432 657 quod
1451 618 1528 643 non
1558 604 1677 643 modo
1705 603 1819 643 facile
1836 604 1883 642 ad
1899 616 1985 642 cre-

589 671 761 709 dendum
779 670 845 716 est,
876 670 938 708 sed
958 683 1004 709 eo
1022 669 1211 715 concesso,
1242 670 1349 722 quod
1368 671 1518 715 volunt,
1554 670 1804 722 consequens,
1824 670 1864 708 id
1883 679 1986 707 certe

589 748 667 775 non
687 737 792 782 dant,
813 745 870 781 ut,
891 749 983 774 cum
1002 736 1069 774 diu
1088 735 1350 789 permanserit,
1365 749 1411 773 ne
1427 736 1600 774 intereat.
1630 737 1867 774 AunrroR.
1882 737 1986 774 Bene

589 802 832 855 reprehendis
848 820 861 847 5
891 811 928 840 et
957 801 994 840 se
1022 801 1092 839 isto
1112 801 1230 840 modo
1263 815 1319 840 res
1338 800 1467 839 habet.
1526 801 1741 839 MARCUS.
1774 801 1986 839 Credamus

589 869 707 920 igitur
727 867 908 913 Panaetio,
929 880 950 905 a
971 867 1129 906 Platone
1147 866 1214 905 suo
1233 865 1464 905 diffentienti
1482 866 1495 904 ?
1527 867 1658 918 Qem
1676 866 1783 905 enim
1801 866 1987 905 omnibus

588 933 683 972 locis
703 930 895 978 divinum,
922 944 1040 985 quem
1060 931 1391 986 sapientissimum,
1420 945 1538 985 quem
1558 931 1847 977 sanc‘tiffimum,
1867 945 1987 984 quem

589 999 811 1037 Homerum
831 996 1150 1051 philosophorum
1170 997 1350 1051 appellat,
1371 996 1486 1050 hujus
1505 996 1606 1036 hanc
1625 1010 1744 1035 unam
1761 995 1988 1035 sententiam

588 1064 636 1102 de
655 1063 907 1102 immortalite
936 1064 1158 1102 animorum
1187 1076 1267 1102 non
1289 1063 1440 1116 probat.
1485 1063 1584 1101 Vult
1603 1063 1726 1108 enim,
1745 1062 1852 1115 quod
1870 1075 1988 1101 nemo

589 1138 715 1183 negat,
737 1128 928 1182 quidquid
962 1137 1097 1167 natum
1127 1129 1173 1167 sit
1203 1129 1386 1174 interire;
1417 1128 1517 1166 nasci
1537 1138 1667 1167 autem
1686 1129 1849 1173 animos,
1881 1127 1986 1180 quod

588 1195 752 1233 declarat
771 1206 906 1232 eorum
926 1194 1138 1232 similitudo
1169 1193 1236 1246 qui
1256 1202 1503 1247 procreantur
1519 1212 1531 1239 ;
1562 1207 1647 1246 quae
1674 1193 1793 1231 etiam
1813 1193 1854 1230 in
1873 1193 1986 1244 inge-

589 1261 678 1306 niis,
700 1270 777 1298 non
805 1258 928 1298 solum
948 1259 987 1297 in
1008 1259 1246 1312 corporibus,
1267 1269 1454 1312 appareat.
1513 1259 1689 1297 Alteram
1714 1268 1843 1297 autem
1877 1258 1989 1297 affert

590 1326 805 1370 rationem5
838 1324 936 1363 nihil
957 1324 1041 1369 esse,
1072 1324 1179 1376 quod
1209 1325 1348 1368 doleat,
1379 1325 1475 1377 quin
1504 1324 1544 1362 id
1565 1337 1710 1376 aegrum
1738 1323 1810 1361 effe
1829 1337 1987 1376 quoque

590 1390 699 1443 poffit
715 1408 726 1435 3
750 1389 855 1442 quod
875 1398 1003 1427 autem
1023 1389 1062 1427 in
1079 1389 1263 1427 morbum
1283 1389 1405 1434 cadat,
1426 1389 1465 1427 id
1484 1389 1601 1427 etiam
1615 1389 1863 1427 interiturum
1881 1403 1892 1427 :
1911 1389 1988 1428 do-

590 1457 664 1494 lere
684 1465 813 1494 autem
834 1456 981 1494 animos
997 1473 1010 1500 ς
1040 1469 1131 1507 ergo
1149 1455 1266 1493 etiam
1286 1455 1454 1494 interire.

645 1523 839 1561 XXXIII.
871 1522 968 1560 Haec
990 1520 1110 1559 refelli
1130 1521 1296 1574 poffunt.
1329 1524 1425 1559 Sunt
1448 1521 1553 1559 enim
1573 1521 1798 1574 ignorantis,
1832 1535 1922 1560 cum
1941 1521 1990 1559 de

588 1588 795 1628 neten-nitate
815 1588 1035 1626 animorum
1066 1587 1228 1631 dicatur,
1259 1587 1306 1625 de
1328 1597 1456 1625 mente
1474 1587 1568 1632 dici,
1596 1601 1681 1639 quae
1700 1588 1810 1625 omni
1832 1587 1989 1625 turbido

589 1663 700 1692 motu
722 1652 868 1705 semper
897 1661 1017 1696 vacet,
1050 1665 1126 1690 non
1146 1651 1192 1689 de
1211 1651 1381 1704 partibus
1413 1652 1473 1696 iis,
1504 1653 1543 1689 in
1563 1652 1707 1704 quibus
1724 1652 1986 1704 aegritudines,

588 1721 666 1764 irae,
688 1717 941 1770 libidinesque
961 1717 1180 1762 versentur3
1211 1729 1305 1769 quas
1325 1718 1371 1762 is,
1404 1728 1535 1755 contra
1556 1731 1673 1770 quem
1694 1717 1776 1756 haec
1797 1718 1987 1763 dicantur,

590 1786 748 1824 semotas
768 1797 788 1822 a
809 1793 938 1821 mente
956 1792 993 1821 et
1012 1782 1188 1823 disclusas
1209 1792 1331 1836 putat.
1381 1784 1470 1834 Jam
1489 1783 1700 1821 similitudo
1720 1784 1842 1836 magis
1866 1797 1986 1837 appa—

590 1861 645 1890 ret
666 1852 704 1889 in
725 1850 865 1895 bestiis,
899 1863 1064 1902 quarum
1093 1849 1212 1887 animi
1234 1849 1318 1887 sunt
1339 1850 1495 1887 rationis
1525 1859 1710 1902 expertes.
1761 1850 1987 1888 Hominum

585 1926 717 1955 'autem
740 1916 950 1955 similitudo
971 1916 1009 1953 in
1031 1928 1235 1968 corporum
1257 1915 1377 1967 figura
1397 1915 1519 1968 magis
1538 1925 1641 1953 enat
1659 1934 1668 1959 ;
1699 1925 1738 1953 et
1763 1915 1832 1969 ipsi
1851 1916 1987 1960 animi,

587 1983 720 2036 magni
754 1981 881 2026 refert,
903 1982 1008 2033 quali
1043 1981 1082 2018 in
1116 1993 1273 2033 corpore
1294 1981 1407 2018 locati
1434 1981 1519 2019 fint.
1579 1982 1712 2019 Multa
1729 1983 1835 2019 enim
1856 1995 1879 2018 e
1899 1994 1987 2020 cor-

587 2058 680 2100 pore
712 2046 892 2090 existunt,
925 2059 1012 2097 quae
1050 2055 1186 2082 acuant
1220 2055 1390 2083 mentem
1410 2064 1420 2089 ;
1466 2045 1602 2088 multa,
1638 2059 1722 2096 quae
1755 2046 1986 2083 obtundant.

591 2110 811 2151 Aristotcles
832 2110 992 2163 quidem
1013 2110 1077 2155 ait,
1099 2124 1210 2148 omnes
1230 2110 1415 2164 ingeniosis
1434 2109 1717 2148 melancholia-hos
1735 2109 1817 2162 qffiu
1853 2120 1895 2147 ut
1915 2124 1988 2162 ego

588 2192 653 2217 me
684 2177 885 2215 tardiorem
917 2175 986 2214 csse
1018 2189 1094 2214 non
1116 2176 1271 2214 moleste
1291 2175 1425 2214 scr-am.
1487 2177 1698 2214 Enumerat
1719 2176 1891 2220 multos;
1926 2177 1986 2214 id-

588 2258 664 2296 que
685 2243 786 2294 quasi
805 2242 964 2286 constet,
1001 2242 1202 2287 rationem,
1237 2255 1305 2279 cur
1336 2242 1387 2279 ita
1407 2241 1485 2286 fiat,
1521 2241 1641 2279 affert.
1693 2241 1810 2292 Qod
1830 2241 1856 2279 si
1885 2251 1988 2280 tanta

588 2311 645 2347 vis
665 2309 716 2346 est
737 2308 781 2346 ad
799 2306 976 2346 habitum
999 2308 1139 2345 mentis
1160 2308 1199 2345 iu
1222 2308 1280 2352 iis,
1309 2322 1393 2359 quae
1415 2308 1626 2360 gignuntur
1652 2307 1691 2345 in
1713 2320 1896 2359 corporc;
1929 2308 1989 2357 (ea

591 2376 676 2413 sunt
710 2384 852 2419 autem,
884 2387 1124 2426 quaecunquc
1146 2373 1245 2418 suut,
1278 2387 1362 2425 quac
1384 2373 1674 2411 similitudinem
1694 2371 1856 2424 faciant)
1887 2371 1987 2411 nihil

591 2440 813 2478 necessitatis
834 2438 955 2484 affert,
977 2453 1045 2477 cur
1065 2438 1262 2477 nascantur
1282 2439 1415 2482 animi,
1438 2438 1662 2477 similitudo.

646 2507 801 2544 Omitto
834 2505 1114 2543 similitudines.
1163 2505 1314 2542 Vellem
1336 2504 1454 2542 adcss'c
1474 2504 1591 2557 poffct
1613 2505 1816 2543 Panaetius.
1877 2503 1989 2541 Vixit

589 2584 680 2610 cum
703 2569 900 2610 Africano.
959 2573 1181 2623 Qaercrcm
1212 2585 1257 2610 cx
1277 2585 1337 2617 eo,
1372 2571 1482 2622 cujus
1514 2570 1669 2608 suorum
1692 2570 1828 2609 similis
1858 2568 1986 2607 suiss'ct
