2330 2983
583 251 859 292 LIBER
916 250 1349 303 QUINTUS.
1587 267 1674 308 ²23»

268 354 386 406 Qod
407 353 434 394 si
454 353 574 406 ipsam
593 351 832 391 honestatem
852 353 1022 406 undique
1041 353 1249 407 perfectam
1270 364 1307 392 et
1328 354 1553 401 absolutam,
1581 370 1663 395 rem

266 435 384 463 unam
414 419 734 472 praeclariffimam
753 419 935 457 omnium
955 420 1200 472 maximeque
1232 421 1474 467 laudandam,
1510 424 1665 475 penitus

265 486 438 524 viderent
455 503 466 529 ς
498 497 669 537 quonam
689 483 830 536 gaudio
848 484 1148 537 complerentur,
1168 498 1262 523 cum
1282 495 1474 539 tantopere
1494 489 1574 540 ejus
1595 489 1663 527 ad-

266 552 441 591 umbrata
460 551 642 604 opinione
661 551 836 589 laetentur
854 551 866 588 ?

320 619 451 670 Qem
472 617 578 656 enim
598 617 775 655 deditum
795 616 1072 670 voluptatibus,
1104 618 1362 670 cupiditatum
1393 619 1580 659 incendiis
1600 621 1663 659 in·-

263 683 522 729 flammatum,
557 684 598 722 in
630 683 674 722 iis
695 683 901 736 potiendis,
933 698 1018 736 quae
1038 684 1220 722 acerrime
1240 685 1529 738 concupivifl‘et,
1561 696 1665 725 tanta

263 750 396 789 laetitia
425 750 603 804 perfundi
635 750 877 795 arbitramur,
910 760 1052 802 quanta
1081 759 1147 788 aut
1178 750 1412 803 superiorem
1432 751 1663 793 Africanum

263 817 457 856 Annibale
495 817 597 855 victo
613 835 624 861 ς
669 825 736 854 aut
773 816 1018 871 posteriorem
1058 816 1292 870 Carthagine
1331 818 1453 856 eversa
1471 820 1485 856 ?
1574 833 1663 858 uem

263 882 450 921 Tiberina
483 882 666 926 decursio,
698 880 793 920 festo
826 881 894 920 illo
925 883 1000 927 die,
1041 891 1147 920 tanto
1181 883 1320 935 gaudio
1346 883 1487 929 affecit,
1519 895 1666 937 quanto

264 948 313 985 L.
332 947 512 992 Paulum,
525 961 618 985 cum
639 960 767 1000 regem
789 947 923 986 Persen
943 956 1100 1000 captum
1117 947 1334 993 adduceret,
1351 949 1487 988 eodem
1503 950 1668 989 flumine

264 1013 460 1051 invectum
479 1014 493 1050 ?

317 1081 403 1131 Age
421 1092 539 1122 nunc,
570 1079 672 1116 Luci
701 1079 840 1123 noster,
869 1087 1002 1117 extrue
1032 1079 1164 1117 animo
1193 1079 1440 1119 altitudinem
1469 1082 1664 1121 excellen-

263 1145 435 1198 tiamque
465 1145 654 1183 virtutum
673 1159 681 1182 :
708 1145 791 1197 jam
822 1159 899 1183 non
935 1145 1144 1190 dubitabis,
1181 1146 1276 1198 quin
1308 1160 1438 1185 earum
1464 1158 1664 1201 compotes

262 1211 455 1257 homines,
491 1225 633 1264 magno
658 1212 790 1250 animo
815 1214 1015 1264 erectoque
1045 1212 1228 1257 viventes,
1263 1213 1409 1266 semper
1443 1215 1515 1252 s1nt
1535 1215 1663 1254 beati:

264 1279 332 1330 qui
365 1291 500 1316 omnes
522 1287 651 1317 motus
682 1276 847 1316 fortunae
871 1277 1180 1329 mutationesque
1216 1292 1344 1317 rerum
1378 1289 1415 1317 et
1442 1290 1664 1333 temporum

262 1344 362 1382 leves
395 1353 433 1382 et
466 1343 681 1381 imbecilles
714 1342 796 1381 fore
815 1344 1049 1396 intelligant,
1079 1343 1106 1381 fi
1138 1345 1177 1381 in
1198 1345 1349 1383 virtutis
1382 1355 1576 1384 certamen
1594 1361 1662 1384 ve-

264 1410 404 1448 nerint.
464 1410 536 1448 Illa
563 1410 682 1454 enim,
714 1422 798 1462 quae
831 1409 918 1448 sunt
937 1423 958 1447 a
990 1410 1100 1448 nobis
1131 1410 1230 1448 bona
1249 1413 1418 1464 corporis
1450 1423 1661 1457 numerata,

263 1477 463 1530 complent
479 1490 521 1514 ea
537 1476 695 1528 quidem
717 1476 966 1514 beatiffimam
982 1477 1117 1521 vitam,
1134 1476 1197 1514 sed
1215 1477 1282 1521 ita,
1300 1486 1343 1514 ut
1364 1477 1439 1515 fine
1459 1478 1535 1516 illis
1552 1479 1665 1531 poffit

265 1543 374 1580 beata
393 1543 469 1580 vita
488 1541 659 1580 existere.
705 1542 764 1579 Ita
782 1542 887 1579 enim
908 1555 1028 1594 parvae
1048 1551 1086 1579 et
1106 1542 1254 1595 exiguae
1273 1542 1359 1581 sunt
1387 1543 1463 1582 istae
1483 1545 1662 1583 acceffio-

265 1621 330 1647 nes
364 1609 570 1652 bonorum,
606 1617 663 1652 ut,
695 1607 1025 1660 quemadmodum
1061 1607 1175 1646 stellae
1195 1608 1236 1646 in
1256 1609 1362 1648 radio
1382 1609 1484 1655 solis,
1517 1610 1566 1648 fic
1587 1611 1664 1649 istae

263 1675 303 1712 in
324 1674 511 1712 virtutum
532 1673 730 1726 splendore
749 1686 796 1711 ne
816 1683 1020 1711 cernantur
1039 1673 1214 1725 quidem.

318 1742 451 1792 Atque
484 1739 559 1778 hoc
598 1749 641 1777 ut
675 1753 761 1777 vere
791 1739 946 1784 dicitur,
978 1753 1091 1792 parva
1130 1739 1201 1778 effe
1231 1740 1277 1778 ad
1311 1740 1418 1778 beate
1453 1741 1664 1780 vivendum

262 1816 459 1846 momenta
478 1806 545 1844 ista
577 1807 749 1858 corporiS
772 1806 1072 1844 commodorum
1087 1825 1100 1851 ;
1132 1807 1181 1844 fic
1202 1807 1318 1845 nimis
1349 1808 1566 1846 violentum
1594 1808 1663 1855 est,

262 1873 370 1911 nulla
387 1872 459 1911 effe
479 1873 616 1910 dicere.
664 1872 746 1924 Qi
772 1872 878 1910 enim
913 1872 962 1910 fic
997 1872 1206 1925 disputant,
1241 1873 1356 1912 obliti
1390 1873 1491 1912 mihi
1525 1874 1661 1913 viden-

261 1949 338 1985 tur,
370 1954 456 1993 quae
488 1939 556 1992 ipfi
586 1938 750 1977 fecerint
768 1939 958 1992 principia
977 1948 1132 1978 naturae.
1175 1940 1450 1979 Tribuendum
1471 1941 1590 1994 igitur
1608 1942 1662 1980 est

259 2005 321 2045 his
338 2006 499 2059 aliquid,
520 2005 749 2050 dummodo,
772 2015 963 2058 quantum
984 2006 1235 2044 tribuendum
1256 2007 1314 2052 fit,
1336 2007 1543 2060 intelligas.
1595 2008 1663 2046 Est

260 2082 388 2112 tamen
423 2071 660 2126 philosophi,
696 2086 774 2111 non
805 2081 885 2111 tam
917 2072 1080 2125 gloriosa
1098 2086 1217 2126 quam
1236 2087 1322 2112 vera
1340 2075 1560 2127 quaerentis,
1590 2087 1662 2113 nec

259 2153 329 2193 pro
348 2138 472 2178 nihilo
492 2148 624 2193 putare
643 2152 698 2184 ea,
719 2152 804 2191 quae
823 2138 1034 2178 secundum
1055 2148 1231 2178 naturam
1252 2140 1311 2178 illi
1332 2140 1400 2194 ipfi
1420 2141 1572 2194 gloriosi
1591 2141 1662 2180 effe

260 2204 492 2250 fatebantur,
509 2215 546 2243 et
561 2205 687 2243 videre
703 2213 848 2243 tantam
863 2205 945 2243 vim
958 2205 1125 2251 virtutis,
1142 2214 1380 2261 tantamque,
1395 2217 1437 2245 ut
1451 2208 1503 2245 ita
1517 2207 1659 2252 dicam,

260 2270 523 2308 auctoritatem
543 2269 763 2314 honestatis,
794 2278 837 2308 ut
858 2269 1005 2323 reliqua
1023 2284 1102 2309 non
1121 2271 1187 2309 illa
1205 2272 1366 2324 quidem
1390 2272 1508 2318 nulla,
1527 2272 1587 2310 sed
1608 2273 1661 2311 ita

260 2348 373 2388 parva
392 2335 478 2380 fint,
500 2344 542 2373 ut
563 2335 668 2373 nulla
686 2335 757 2374 effe
775 2335 989 2376 videantur.
1047 2337 1146 2376 Haec
1165 2337 1218 2376 est
1238 2351 1309 2376 nec
1328 2338 1460 2376 omnia
1480 2337 1659 2390 spernen-

260 2402 310 2440 tis
331 2410 465 2453 praeter
483 2400 682 2446 virtutem,
695 2410 734 2439 et
753 2401 936 2440 virtutem
952 2402 1071 2455 ipsam
1090 2403 1163 2442 suis
1180 2403 1355 2442 laudibus
1371 2402 1658 2455 amplificantis,

259 2466 395 2505 oratio.
438 2466 620 2519 Denique
639 2465 720 2505 haec
740 2466 793 2505 est
813 2468 986 2520 undique
1003 2469 1199 2522 completa
1217 2478 1254 2507 et
1275 2468 1439 2521 perfeeta
1454 2469 1662 2521 explicatio

262 2532 405 2572 summi
426 2532 531 2571 boni.
582 2533 691 2572 Hinc
711 2533 835 2572 caeteri
862 2534 1067 2587 particulas
1086 2536 1248 2588 arripere
1268 2535 1410 2582 conati,
1427 2535 1531 2574 suam
1552 2535 1659 2589 quis-

261 2611 338 2651 que
355 2598 474 2638 videri
494 2598 617 2638 voluit
637 2598 768 2638 afferre
789 2599 1026 2640 sententiam.
