2330 2983
729 283 1003 322 LIBER
1060 282 1416 321 PRIMUS.
1684 297 1762 337 417

384 383 574 436 dejecerit.
610 383 714 420 Ante
725 382 829 420 enirn
838 381 1029 433 judicasti,
1047 382 1283 434 Epicureum
1300 392 1336 421 te
1351 382 1422 421 effe
1436 391 1621 436 oportere,
1643 398 1760 436 quarn

384 448 451 487 ista
469 447 689 500 cognovisti.
723 448 780 485 Ita
809 446 952 484 necess‘e
981 446 1056 483 fuit
1081 456 1144 484 aut
1170 447 1252 485 haec
1285 447 1425 500 flagitia
1457 449 1655 501 concipere
1677 451 1760 488 ani-

384 527 464 559 mo,
486 522 550 551 aut
569 512 744 565 susceptae
763 510 1012 564 philosophiae
1031 524 1173 549 nomen
1193 512 1380 549 amittere.
1753 550 1757 554 ,

443 577 551 629 Qid
588 577 693 615 enim
723 589 879 621 mereas,
911 585 954 613 ut
987 576 1197 628 Epicureus
1216 576 1287 614 effe
1307 576 1445 614 definas
1469 577 1482 612 ?
1515 577 1628 615 Nihil
1649 581 1759 630 equi-

383 643 485 687 dem,
502 642 645 694 inquiS,
666 650 709 680 ut
729 642 914 680 rationem
933 641 1019 680 vitae
1034 642 1164 686 beatae,
1185 642 1457 694 veritatemque
1476 641 1655 681 deseram.
1691 644 1762 681 Ista

381 707 500 760 igitur
518 707 569 745 est
588 707 721 745 veritas
739 707 752 743 ?
785 707 890 745 Nam
912 707 959 744 de
977 707 1054 744 vita
1073 707 1179 745 beata
1193 706 1291 745 nihil
1308 721 1491 760 repugno,
1514 721 1630 759 quam
1651 717 1694 746 tu
1712 722 1760 746 ne

381 771 422 809 in
443 772 530 810 Deo
549 771 706 824 quidem
727 771 798 809 effe
817 771 954 816 censes,
976 772 1043 809 nisi
1062 771 1172 824 plane
1190 773 1270 810 otio
1290 773 1478 824 langueat.
1520 773 1590 810 Sed
1618 773 1684 811 ubi
1710 773 1761 811 est

381 837 514 875 veritas
537 837 550 873 ?
582 838 627 875 In
648 837 817 882 mundis,
848 837 971 881 credo,
994 837 1350 881 innumerabilibus,
1386 837 1566 876 omnibus
1586 838 1759 876 minimis

376 910 597 954 temporum
615 902 781 954 punctis,
811 901 892 939 aliis
912 901 1165 946 nascentibus,
1185 902 1267 940 aliis
1287 902 1507 940 cadentibus
1524 921 1536 947 3
1567 916 1613 940 an
1632 904 1673 941 in
1693 904 1755 941 in-

380 967 546 1005 dividuis
565 966 811 1019 corpusculis,
830 975 908 1005 tarn
922 968 1097 1019 praeclara
1115 981 1240 1020 opera,
1261 968 1365 1006 nulla
1382 968 1600 1007 moderante
1616 978 1758 1014 natura,

380 1037 488 1074 nulla
519 1036 676 1082 ratione,
707 1036 970 1089 fingentibus?
1011 1038 1082 1076 Sed
1115 1038 1258 1076 oblitus
1292 1039 1527 1076 liberalitatis
1547 1052 1654 1083 meae,
1685 1052 1760 1090 qua

379 1110 510 1140 tecum
530 1102 644 1155 paulo
667 1111 752 1140 ante
781 1103 838 1140 uti
869 1115 1070 1155 coeperam,
1102 1104 1209 1154 plura
1239 1104 1485 1155 complector.
1537 1104 1759 1142 Concedam

379 1166 510 1219 igitur,
541 1180 589 1205 ex
619 1167 825 1205 individuis
858 1167 1024 1205 constare
1051 1167 1193 1206 omnia.
1234 1168 1342 1219 Qicl
1361 1168 1407 1205 ad
1425 1167 1542 1206 rem?
1586 1169 1760 1207 Deorum

379 1233 484 1271 enirn
503 1241 636 1270 natura
655 1232 849 1284 quaeritur.
1749 1270 1752 1272 ,

435 1299 518 1335 Sint
537 1298 621 1334 sane
640 1311 687 1334 ex
705 1298 842 1334 atomis
861 1310 962 1335 :non
981 1297 1100 1349 igitur
1119 1297 1261 1335 aeterni.
1296 1298 1413 1350 Qod
1432 1297 1537 1335 enim
1555 1311 1602 1336 ex
1621 1299 1757 1336 atomis

380 1362 439 1406 fit,
469 1361 508 1399 id
528 1370 662 1399 natum
681 1361 886 1413 aliquando
905 1361 962 1400 fit.
986 1363 1024 1400 Si
1043 1371 1192 1406 natum,
1214 1362 1312 1399 nulli
1332 1363 1401 1400 Dii
1421 1371 1507 1400 ante
1527 1376 1643 1414 quam
1663 1364 1757 1402 nati.

379 1426 446 1470 Et,
489 1426 514 1463 fi
544 1435 649 1464 ortus
679 1426 731 1464 est
761 1427 948 1471 Deorum,
979 1427 1154 1465 interitus
1185 1427 1229 1464 s1t
1249 1426 1390 1465 neceffe
1409 1427 1474 1472 est,
1506 1436 1548 1465 ut
1583 1437 1625 1465 tu
1645 1429 1759 1481 paulo

378 1498 466 1528 ante
503 1490 549 1528 de
588 1490 756 1528 Platonis
788 1491 935 1529 mundo
961 1490 1189 1543 disputabas.
1229 1491 1310 1529 Ubi
1330 1491 1447 1543 igitur
1470 1491 1568 1528 illud
1595 1492 1758 1530 vestrum

378 1555 532 1600 beatum,
560 1556 602 1594 &²
621 1565 793 1593 a’ternum
809 1556 830 1593 ἓ
867 1555 1006 1608 quibus
1036 1556 1185 1593 duobus
1211 1557 1334 1593 verbis
1355 1556 1571 1607 significatis
1609 1557 1754 1594 Deum.

379 1620 496 1671 Qod
515 1632 606 1657 cum
625 1620 772 1657 efficere
790 1619 919 1664 vultis,
954 1620 995 1657 in
1025 1619 1181 1657 dumeta
1205 1619 1415 1672 correpitis.
1453 1621 1510 1657 Ita
1528 1620 1632 1658 enim
1652 1620 1758 1658 dice-

378 1685 458 1728 bas,
489 1697 566 1721 non
586 1697 721 1736 corpus
741 1683 811 1721 effe
831 1684 872 1722 in
891 1684 991 1729 Deo,
1021 1683 1084 1721 sed
1104 1683 1207 1735 quafi
1227 1697 1364 1735 corpus
1384 1701 1396 1727 3
1428 1697 1498 1721 nec
1519 1684 1755 1737 sanguinem,

377 1748 438 1786 sed
461 1748 562 1799 quafi
583 1748 818 1800 sanguinem.

430 1813 559 1851 XXV.
592 1813 683 1850 Hoc
711 1813 872 1865 persaepe
897 1811 1038 1856 facitis,
1065 1820 1121 1856 ut,
1152 1825 1244 1849 cum
1276 1812 1422 1864 aliquid
1453 1825 1529 1850 non
1557 1812 1758 1851 verisimile

377 1878 524 1920 dicatis,
545 1886 583 1914 et
599 1877 763 1928 effugere
782 1876 1108 1929 reprehensionem
1130 1877 1266 1921 velitis,
1288 1876 1448 1915 efferatis
1468 1878 1626 1929 aliquid,
1654 1878 1759 1930 quod

377 1942 536 1980 omnino
569 1955 616 1978 ne
644 1941 724 1979 fieri
749 1942 906 1994 quidem
925 1942 1036 1994 poffit
1055 1960 1067 1986 ;
1099 1951 1142 1980 ut
1161 1941 1272 1980 satius
1292 1941 1407 1980 fuerit
1426 1942 1522 1979 illud
1543 1942 1679 1994 ipsum,
1710 1943 1757 1990 de

377 2021 455 2059 quo
475 2007 753 2059 ambigebatur,
789 2008 1007 2052 concedere,
1040 2022 1156 2059 quam
1195 2017 1272 2046 tam
1304 2008 1547 2060 impudenter
1580 2009 1753 2046 resistere.

376 2072 494 2109 Velut
528 2073 731 2125 Epicuru5‚
753 2085 844 2110 cum
867 2073 1022 2117 videret,
1053 2074 1079 2111 fi
1099 2073 1218 2111 atomi
1237 2072 1424 2111 ferrentur
1443 2074 1483 2110 in
1504 2073 1635 2111 locum
1656 2072 1756 2111 infe-

376 2137 515 2175 riorem
544 2137 675 2189 suopte
699 2137 878 2190 pondere,
905 2137 1005 2175 nihil
1031 2137 1111 2176 fore
1131 2139 1171 2176 in
1190 2138 1312 2176 nostra
1330 2137 1521 2190 potestate,
1544 2138 1649 2190 quod
1669 2138 1757 2177 esset

374 2215 504 2240 earum
527 2212 655 2240 motus
684 2213 808 2241 certus
835 2212 873 2240 et
904 2203 1150 2249 necessarius,
1182 2204 1326 2242 invenit
1356 2217 1434 2256 quo
1463 2204 1581 2242 modo
1599 2204 1756 2242 neceffi-

377 2279 495 2308 tatem
533 2270 713 2322 effugeret
733 2290 745 2315 3
795 2272 898 2323 quod
935 2272 1112 2311 videlicet
1160 2273 1430 2313 Democritum
1468 2273 1628 2325 fugerat.
1688 2273 1756 2310 Ait

377 2344 566 2379 atomum,
611 2349 702 2373 cum
736 2336 898 2388 pondere
928 2346 965 2374 et
1002 2339 1183 2390 gravitate
1213 2339 1354 2377 directo
1391 2338 1565 2375 deorsum
1600 2336 1754 2381 feratur,

378 2399 565 2437 declinare
587 2401 799 2451 paululum.
841 2402 930 2440 Hoc
951 2403 1075 2441 dicere
1099 2403 1245 2456 turpius
1266 2403 1331 2448 est,
1362 2416 1478 2454 quarn
1511 2402 1620 2445 illud,
1652 2402 1756 2452 quod

377 2464 473 2509 vult,
502 2478 576 2502 non
598 2465 696 2517 poss‘e
715 2465 924 2505 defendere.
951 2468 1059 2506 Idem
1079 2468 1171 2509 facit
1197 2478 1328 2509 contra
1353 2468 1567 2504 dialecticos
1583 2485 1594 2511 5
1627 2480 1646 2503 a
1667 2467 1755 2518 qui-

378 2530 450 2567 bus
486 2542 577 2567 cum
608 2530 788 2570 traditum
823 2532 880 2577 fit,
917 2533 955 2570 in
975 2534 1156 2572 omnibus
1177 2532 1510 2585 disjunctionibus,
1542 2532 1579 2568 in
1601 2532 1754 2583 quibus,

379 2605 446 2633 aut
465 2596 584 2640 etiam,
605 2606 671 2634 aut
687 2611 767 2642 non,
799 2606 1013 2650 poneretur,
1034 2599 1258 2637 alterutrum
1285 2610 1416 2635 verum
1438 2596 1521 2641 csse,
1544 2596 1755 2649 pertimuit,

479 2656 620 2695 TOM.
654 2657 705 2696 II.
1333 2658 1461 2710 Ggg
