2330 2983
735 185 1009 224 LIBER
1066 185 1487 226 TERTIUS.
1719 197 1794 243 307

401 286 513 326 Num
536 298 671 324 manus
701 284 833 323 affesta
860 287 958 323 reete
991 285 1056 330 est,
1087 299 1180 324 cum
1211 286 1251 324 in
1287 295 1436 324 tumore
1465 286 1547 324 est?
1588 286 1669 324 Aut
1697 300 1791 325 num

397 352 503 390 aliud
523 351 731 404 quodpiam
752 351 975 389 membrum
1005 352 1202 389 tumidum
1223 365 1264 389 ac
1287 352 1484 404 turgidum
1504 365 1580 390 non
1606 352 1737 390 vitiose
1757 352 1793 389 se

397 416 544 455 habet?
583 416 644 454 Sic
663 415 781 468 igitur
800 415 953 453 inflatus
974 424 1012 452 et
1032 425 1185 453 tumens
1216 418 1367 454 animus
1398 418 1437 455 in
1459 418 1553 455 vitio
1572 418 1637 456 est.
1684 418 1791 470 Sapi-

396 482 494 520 entis
514 490 643 519 autem
662 481 813 519 animus
834 480 979 533 semper
998 489 1105 518 vacat
1125 480 1232 525 vitio,
1254 495 1453 533 nunquam
1475 483 1667 535 turgescit,
1690 498 1791 522 nun-

396 559 515 598 quam
540 555 678 584 tumet.
723 547 778 583 At
797 546 913 583 iratus
945 545 1095 583 animus
1125 545 1312 597 ejusmodi
1341 546 1392 583 est
1407 565 1419 591 5
1452 560 1650 600 nunquam
1674 550 1791 602 igitur

395 611 541 664 sapiens
561 611 746 649 irascitur.
778 611 884 649 Nam
910 610 937 648 s1
956 610 1141 656 irascitur,
1166 611 1282 649 etiam
1301 611 1554 664 concupiscit.
1587 614 1791 667 Proprium

394 677 448 715 est
466 676 572 715 enim
592 677 692 722 irati,
722 689 874 729 cupere,
904 689 925 714 a
944 689 1022 728 quo
1042 676 1149 715 laesus
1174 676 1358 722 videatur,
1382 677 1417 714 ei
1437 690 1554 729 quam
1574 681 1790 718 maximum

394 743 568 781 dolorem
602 742 765 781 inurere.
811 743 895 794 Qi
927 751 1056 781 autem
1086 742 1125 781 id
1156 743 1410 796 concupierit,
1445 756 1536 782 eum
1563 745 1705 783 neceffe
1723 746 1790 791 est,

394 809 422 847 fi
441 808 482 846 id
500 809 725 847 consecutus
745 809 803 854 fit,
825 822 1054 862 magnopere
1073 809 1189 847 laetari
1204 828 1216 854 5
1248 823 1296 848 ex
1315 823 1393 862 quo
1412 809 1469 855 fit,
1499 819 1541 848 ut
1561 811 1683 849 alieno
1703 826 1787 850 ma-

395 875 434 913 lo
452 875 625 927 gaudeat.
676 875 795 926 Qod
821 876 1006 928 quoniam
1027 889 1103 915 non
1123 876 1225 914 cadit
1246 877 1286 914 in
1306 877 1528 929 sapientem,
1561 891 1608 915 ne
1628 887 1670 916 ut
1697 878 1787 916 iras-

393 949 502 978 catur
526 941 685 992 quidem
710 941 824 979 cadit.
867 941 933 979 Sin
965 950 1094 979 autem
1114 941 1262 980 caderet
1290 942 1331 979 in
1352 942 1558 995 sapientem
1589 944 1786 996 aegritudo,

392 1005 543 1044 caderet
561 1006 678 1044 etiam
697 1006 919 1052 iracundia;
951 1020 1027 1059 qua
1055 1007 1241 1059 quoniam
1271 1016 1390 1052 vacat,
1424 1008 1647 1059 aegritudine
1672 1009 1787 1047 etiam

392 1065 554 1104 vacabit.

447 1137 608 1174 Etenim
627 1136 653 1174 fi
674 1136 818 1188 sapiens
837 1136 878 1173 in
899 1138 1166 1187 aegritudinem
1187 1137 1354 1174 incidere
1372 1137 1503 1190 posset,
1534 1137 1653 1190 posset
1672 1139 1789 1177 etiam

391 1201 432 1240 in
453 1201 767 1246 misericordiam,
796 1200 915 1253 poss‘et
935 1201 975 1239 in
995 1200 1262 1239 invidentiam.
1294 1202 1389 1240 Non
1418 1202 1499 1240 dixi
1528 1203 1568 1240 in
1588 1204 1787 1249 invidiam,

391 1281 478 1320 quae
498 1276 582 1305 tum
603 1266 669 1311 est,
691 1280 783 1304 cum
802 1265 995 1304 invidetur
1010 1284 1022 1311 ;
1053 1266 1100 1304 ab
1119 1266 1305 1305 invidendo
1323 1276 1451 1305 autem
1472 1267 1670 1306 invidentia
1690 1271 1787 1306 recte

393 1333 471 1370 dici
492 1331 626 1384 potest,
652 1341 696 1369 ut
715 1330 944 1383 effugiamus
965 1331 1194 1384 ambiguum
1215 1345 1356 1369 nomen
1376 1332 1547 1370 invidiae:
1577 1333 1682 1385 quod
1702 1347 1786 1371 ver-

391 1398 490 1436 bum
508 1397 657 1434 dietum
684 1397 739 1434 est
768 1410 789 1433 a
808 1397 926 1434 nimis
951 1397 1139 1435 intuendo
1165 1396 1362 1435 fortunam
1391 1397 1560 1443 alterius,
1592 1407 1635 1436 ut
1665 1399 1718 1437 est
1746 1400 1787 1438 in

391 1458 622 1510 Menalippo
638 1475 650 1502 ;

526 1528 698 1581 Qg‘stmm
700 1528 833 1580 florem
851 1517 999 1565 liberam
1017 1527 1150 1566 zbrvidit
1168 1528 1278 1566 metim
1291 1527 1312 1565 ?

391 1593 500 1632 Male
519 1592 657 1631 Latine
677 1592 851 1637 videtur5
883 1593 944 1630 sed
974 1593 1150 1645 praeclare
1176 1593 1345 1631 Accius:
1377 1601 1421 1631 ut
1440 1593 1544 1630 enim
1564 1592 1704 1639 videre,
1736 1593 1786 1632 fic

389 1658 559 1696 invidere
563 1659 694 1712 florem
711 1658 864 1703 rectius,
883 1671 999 1710 quam
1006 1659 1110 1712 flori,
1128 1658 1283 1696 dicitur.
1305 1658 1390 1697 Nos
1406 1658 1680 1696 consuetudine
1694 1673 1786 1712 pro-

390 1722 576 1762 hibemur
590 1742 603 1768 ς
633 1732 745 1776 poeta
755 1723 821 1775 jus
842 1723 954 1762 suum
975 1723 1112 1768 tenuit,
1133 1732 1171 1760 et
1191 1723 1290 1761 dixit
1305 1723 1497 1761 audacius.

444 1789 498 1827 X.
530 1788 644 1826 Cadit
664 1788 782 1840 igitur
801 1788 841 1825 in
861 1788 1028 1826 eundem
1048 1797 1085 1825 et
1105 1787 1288 1831 misereri,
1315 1796 1352 1824 et
1371 1787 1552 1825 invidere.
1591 1787 1696 1825 Nam
1717 1789 1787 1841 qui

388 1854 494 1891 dolet
514 1853 626 1891 rebus
646 1853 805 1905 alicujus
826 1853 998 1898 adverfis,
1018 1853 1124 1891 idem
1143 1853 1303 1905 alicujus
1323 1852 1440 1890 etiam
1460 1852 1631 1890 secundis
1652 1854 1755 1892 dolet
1773 1869 1799 1897 εγ

391 1928 434 1956 ut
465 1916 752 1970 Theophrastus
781 1918 984 1957 interitum
1017 1918 1215 1971 deplorans
1247 1917 1506 1963 Callisthenis,
1551 1918 1684 1956 sodalis
1714 1919 1784 1965 sui,

390 1983 502 2021 rebus
518 1983 727 2021 Alexandri
744 1983 930 2036 prosperis
950 1984 1102 2036 angitur
1119 1998 1129 2022 ι
1160 1985 1290 2036 itaque
1307 1983 1402 2021 dicit
1424 1983 1699 2022 Callisthenem
1720 1985 1783 2022 in-

387 2048 518 2087 cidisse
536 2049 576 2087 in
596 2048 798 2088 hominem
819 2049 969 2088 summa
987 2050 1170 2102 potentia,
1198 2050 1424 2102 summaque
1443 2049 1610 2094 fortuna,
1642 2050 1702 2088 sed
1722 2051 1783 2104 ig-

390 2128 541 2159 narum,
578 2115 908 2168 quemadmodum
939 2116 1051 2154 rebus
1086 2116 1258 2154 secundis
1291 2117 1346 2154 uti
1380 2117 1614 2154 conveniret.
1660 2118 1785 2169 Atqui

388 2180 719 2232 quemadmodum
740 2181 995 2220 misericordia
1015 2182 1199 2234 aegritudo
1218 2181 1269 2219 est
1285 2196 1330 2220 ex
1349 2182 1501 2220 alterius
1522 2183 1634 2220 rebus
1650 2184 1781 2220 adver-

390 2246 434 2285 ἧς
447 2264 460 2290 5
501 2246 550 2284 fic
581 2247 791 2284 invidentia
815 2249 1001 2300 aegritudo
1030 2249 1083 2286 est
1114 2261 1161 2286 ex
1193 2249 1344 2286 alterius
1377 2249 1485 2286 rebus
1508 2249 1692 2286 secundis.
1738 2250 1780 2286 In

389 2324 508 2363 quem
528 2311 647 2364 igitur
665 2312 766 2350 cadit
782 2313 962 2359 misereri,
977 2314 1018 2352 in
1037 2314 1201 2352 eundem
1221 2315 1337 2352 etiam
1358 2315 1537 2351 invidere.
1571 2315 1663 2351 Non
1682 2314 1783 2351 cadit

390 2386 518 2414 autem
539 2377 708 2416 invidere
726 2379 766 2416 in
786 2379 992 2432 sapientem
1009 2399 1020 2425 ς
1051 2394 1141 2433 ergo
1161 2394 1207 2418 ne
1228 2380 1393 2418 misereri
1414 2380 1584 2431 quidem.
1619 2379 1734 2430 Qod
1755 2380 1781 2417 si

391 2441 466 2479 hoc
486 2456 581 2495 aegre
600 2442 698 2481 ferre
717 2444 860 2497 sapiens
880 2446 1026 2492 soleret,
1047 2445 1212 2486 misereri
1233 2447 1347 2484 etiam
1369 2445 1514 2483 soleret.
1557 2444 1674 2482 Abest
1693 2457 1783 2497 ergo

390 2520 410 2545 a
430 2507 593 2561 sapiente
612 2509 809 2563 aegritudo.

1343 2578 1480 2627 qu
