2330 2983
620 271 896 309 LIBER
954 269 1386 323 quusi-us.
1629 280 1697 306 201

305 372 363 409 illi
385 371 558 424 quidem,
596 384 680 408 mea
703 370 898 415 sententia,
931 384 1048 423 quam
1079 371 1314 422 reliquarum
1342 367 1561 422 philosophi
1587 367 1701 405 disci-

303 438 524 490 plinarum;
558 436 618 474 sed
646 437 697 473 ita
717 437 958 488 degenerant,
985 445 1027 474 ut
1058 436 1124 487 ipsi
1151 449 1196 473 ex
1225 436 1258 473 se
1290 437 1366 473 nati
1397 435 1467 472 effe
1488 435 1699 472 videantur.

306 500 482 540 Primum
503 499 759 554 Theophrasti
781 502 903 538 Strato
924 500 1127 553 physicum
1149 501 1184 538 se
1206 501 1355 545 voluit,
1390 501 1427 537 in
1462 514 1539 551 quo
1566 501 1631 537 etli
1651 499 1703 536 est

305 581 480 620 magnus,
512 577 640 605 tamen
661 580 757 605 nova
777 566 968 620 pleraque,
999 577 1037 604 et
1057 580 1246 619 perpauca
1268 568 1315 605 cie
1335 565 1520 604 moribus.
1573 566 1702 616 Hujus

302 633 424 684 Lyco,
446 632 615 670 oratione
635 631 821 683 locuples,
850 631 960 669 rebus
980 631 1066 684 ipfis
1082 632 1264 683 jejunior.
1323 630 1548 669 Concinnus
1569 629 1703 666 deinde

303 709 340 737 et
359 699 510 751 elegans
530 697 647 750 hujus
666 697 793 736 Aristo
807 716 820 743 ;
852 697 914 736 sed
933 711 988 743 ea,
1010 712 1094 750 quae
1113 698 1340 737 desideratur
1359 710 1380 734 a
1399 709 1541 748 magno
1570 694 1701 747 philo-

304 763 436 817 sopho,
457 764 618 816 gravitas
650 763 690 801 in
710 777 755 801 eo
776 777 852 801 non
872 762 961 802 fuit.
1005 764 1151 817 Scripta
1170 764 1253 802 sane
1279 773 1316 801 et
1347 763 1471 801 multa
1496 772 1533 800 et
1554 761 1672 814 polita
1689 779 1700 805 5

305 830 367 868 sed
388 830 513 868 nescio
532 843 611 882 quo
631 831 740 882 paeto
759 829 1022 868 auCtoritatem
1038 831 1158 868 oratio
1174 844 1251 868 non
1271 829 1400 868 habet.

343 898 526 934 Praetereo
547 896 692 934 multos
710 910 719 934 :
738 896 777 933 in
797 895 857 934 his
878 895 1036 934 doenum
1057 895 1259 934 hominem
1279 905 1318 934 et
1337 896 1489 934 suavem
1502 894 1700 943 Hierony-

305 976 417 1001 mum
434 981 445 1007 ;
468 975 586 1014 quem
600 962 684 1013 jam
705 975 775 999 cur
790 962 1088 1014 Peripateticum
1109 963 1314 1015 appellem,
1332 961 1469 1000 nescio.
1495 962 1703 999 Summum

303 1029 409 1066 enim
430 1028 577 1066 bonum
597 1027 784 1080 exposuit,
806 1028 1035 1066 vacuitatem
1055 1028 1210 1066 doloris.
1234 1028 1316 1079 Qi
1336 1037 1465 1065 autem
1486 1026 1531 1063 de
1552 1025 1705 1063 summo

303 1094 406 1132 bono
440 1092 622 1137 dissentit,
658 1093 704 1130 de
728 1102 807 1130 tota
837 1091 1089 1146 philosophiae
1120 1093 1263 1131 ratione
1283 1091 1465 1131 diffentit.
1511 1091 1702 1129 Critolaus

304 1159 447 1197 imitari
466 1158 644 1210 antiquos
665 1157 803 1203 voluit,
825 1167 864 1196 et
884 1157 1044 1210 quidem
1063 1157 1116 1196 est
1141 1159 1325 1211 gravitate
1344 1158 1559 1211 proximus,
1585 1166 1622 1194 et
1644 1170 1702 1194 re-

303 1224 449 1262 dundat
481 1223 600 1262 oratio
618 1238 626 1261 :
659 1233 827 1261 attamen
859 1223 891 1261 is
926 1223 1085 1276 quidem
1115 1224 1156 1261 in
1190 1224 1320 1277 patriis
1355 1223 1538 1261 institutis
1559 1231 1701 1260 manet.

304 1290 513 1334 Diodorus,
549 1289 630 1341 ejus
650 1289 814 1333 auditor,
846 1289 1021 1341 adjungit
1049 1288 1096 1327 ad
1124 1287 1362 1327 honestatem
1381 1288 1611 1326 vacuitatem
1631 1288 1701 1325 do-

304 1356 408 1393 loris.
442 1356 522 1393 Hic
542 1368 698 1407 quoque
718 1354 804 1392 suus
825 1354 877 1392 est
892 1372 903 1399 ς
926 1354 972 1392 de
992 1354 1223 1408 summoque
1242 1354 1345 1393 bono
1366 1354 1598 1398 dissentiens,
1626 1354 1703 1391 dici

303 1435 388 1459 vere
415 1421 690 1474 Peripateticus
721 1434 799 1459 non
830 1420 966 1474 potest.
1012 1422 1280 1474 Antiquorum
1312 1430 1442 1459 autem
1476 1420 1701 1458 sententiam

305 1485 525 1525 Antiochus
559 1485 683 1524 noster
716 1484 817 1524 mihi
851 1486 1003 1524 videtur
1035 1486 1210 1538 persequi
1239 1485 1523 1539 diligentiffime
1538 1503 1550 1530 3
1584 1498 1703 1538 quam

306 1553 465 1591 eandem
485 1551 698 1590 Aristotelis
718 1550 828 1589 fuiffe
847 1560 885 1589 et
906 1552 1128 1590 Polemonis
1145 1552 1270 1590 docet.

350 1620 420 1658 VI.
441 1618 549 1657 Facit
568 1618 687 1670 igitur
706 1618 852 1656 Lucius
874 1618 996 1656 noster
1014 1618 1234 1671 prudenter,
1252 1619 1319 1671 qui
1339 1618 1468 1656 audire
1488 1618 1534 1656 de
1549 1617 1705 1657 summo

305 1686 404 1724 bono
423 1683 662 1737 potiffimum
678 1683 784 1722 velit.
821 1684 913 1722 Hoc
932 1684 1039 1722 enim
1051 1684 1261 1723 constituto
1281 1685 1320 1722 in
1335 1682 1592 1737 philosophia,
1606 1698 1703 1723 con-

301 1751 430 1789 stituta
449 1750 536 1788 sunt
555 1750 699 1789 omnia.
733 1750 840 1789 Nam
857 1750 1000 1789 caeteris
1021 1750 1062 1788 in
1082 1751 1193 1788 rebus
1214 1750 1286 1789 five
1302 1749 1607 1804 praetermissum,
1629 1750 1704 1788 five

301 1818 522 1869 ignoratum
542 1815 594 1854 est
612 1816 828 1869 quippiam,
860 1829 937 1855 non
957 1816 1044 1869 plus
1066 1816 1307 1854 incommodi
1333 1815 1398 1861 est,
1429 1829 1547 1868 quam
1568 1816 1703 1868 quanti

301 1895 463 1935 quaeque
482 1895 612 1919 earum
633 1894 762 1920 rerum
781 1881 847 1927 est,
869 1882 909 1920 in
930 1881 1073 1935 quibus
1090 1882 1308 1934 neglectum
1323 1881 1375 1920 est
1391 1881 1550 1934 aliquid.
1584 1883 1701 1920 Sum-

301 1962 414 1987 mum
434 1957 562 1986 autem
582 1948 731 1986 bonum
751 1947 777 1986 fi
797 1948 1009 2001 ignoretur,
1040 1948 1192 1986 vivendi
1220 1948 1406 1986 rationem
1436 1947 1602 2001 ignorari
1633 1961 1701 1986 ne-

300 2013 394 2052 cess‘e
413 2013 466 2052 est
477 2032 489 2058 ς
521 2027 567 2052 ex
588 2026 668 2066 quo
687 2022 815 2052 tantus
835 2027 939 2052 error
957 2013 1215 2067 consequitur,
1247 2023 1304 2059 ut,
1335 2027 1451 2067 quem
1476 2014 1514 2051 in
1544 2023 1702 2067 portum

300 2081 335 2118 se
356 2081 553 2133 recipiant,
568 2079 660 2118 scire
677 2093 754 2118 non
771 2079 925 2133 poffint.
947 2080 1125 2133 Cognitis
1141 2089 1270 2119 autem
1287 2094 1415 2119 rerum
1433 2080 1590 2124 finibus,
1607 2094 1700 2118 cum

301 2146 544 2199 intelligitur,
567 2146 662 2198 quid
681 2145 725 2184 fit
744 2155 783 2184 et
803 2146 995 2185 bonorum
1015 2155 1234 2185 extremum
1253 2155 1292 2184 et
1315 2147 1519 2191 malorum,
1548 2147 1701 2186 inventa

300 2213 386 2249 vitae
406 2213 464 2249 via
483 2212 536 2250 est
554 2210 890 2265 conformatioque
909 2213 1088 2251 omnium
1105 2213 1337 2252 officiorum.

356 2277 422 2315 Est
441 2278 574 2330 igitur,
607 2291 686 2330 quo
705 2277 877 2331 quidque
904 2277 1113 2323 referatur,
1145 2293 1192 2318 ex
1226 2293 1320 2332 quo,
1357 2279 1395 2316 id
1426 2279 1530 2331 quod
1565 2292 1698 2317 omnes

299 2353 500 2396 expetunt,
523 2343 630 2381 beate
649 2343 802 2382 vivendi
829 2345 924 2384 ratio
943 2345 1104 2383 inveniri
1126 2355 1163 2383 et
1179 2345 1390 2398 comparari
1410 2345 1527 2397 potest
1544 2361 1551 2383 z
1594 2345 1699 2397 quod

299 2410 484 2462 quoniam
505 2409 544 2447 in
560 2423 638 2462 quo
657 2409 716 2456 fit,
749 2424 888 2464 magna
907 2411 1078 2450 dissensio
1097 2412 1163 2450 est.
1211 2412 1425 2450 Carneadea
1445 2411 1554 2449 nobis
1586 2409 1698 2449 adhi-

302 2476 425 2514 benda
444 2475 577 2514 divisio
601 2475 667 2522 est,
697 2491 774 2529 qua
792 2477 915 2516 noster
933 2477 1155 2517 Antiochus
1187 2479 1350 2516 libenter
1385 2478 1441 2515 uti
1464 2478 1568 2516 solet.
1629 2478 1700 2516 Ille

302 2542 419 2594 igitur
448 2541 567 2586 videt,
598 2555 676 2580 non
710 2542 828 2581 modo
857 2553 955 2595 quot
984 2542 1138 2582 fuiss‘ent
1163 2542 1287 2581 adhuc
1308 2542 1626 2597 philosophorum
1653 2543 1700 2581 de

300 2607 454 2646 summo
474 2607 590 2652 bono,
621 2607 683 2647 sed
703 2617 800 2662 quot
819 2610 982 2650 omnino
1001 2609 1072 2651 effe
1091 2608 1252 2663 poffent,
1280 2609 1488 2650 sententiae.
1524 2609 1702 2663 Negabat

385 2674 536 2714 ΤοΜ.
567 2674 621 2714 11.
711 2698 725 2713 .
1318 2677 1394 2715 Cc
