2330 2983
652 238 940 278 LIBER
1005 235 1451 277 TERTIUS.
1669 247 1746 290 513

347 338 578 392 sapientiam
608 346 740 376 autem
767 349 885 375 nemo
917 335 1158 388 assequitur:
1192 335 1233 373 in
1265 333 1429 373 summis
1458 331 1572 372 malis
1603 345 1740 371 omnes

349 404 498 448 sumus,
530 403 676 456 quibus
698 415 765 441 vos
798 402 950 454 optime
971 401 1199 439 consultum
1220 414 1240 438 a
1260 400 1336 438 diis
1359 398 1652 438 immortalibus
1675 397 1740 436 di-

348 470 453 508 citis.
498 468 605 506 Nam
641 477 685 506 ut
717 465 819 505 nihil
851 466 1023 511 interest,
1056 475 1190 504 utrum
1223 479 1340 503 nemo
1369 464 1507 510 valeat,
1544 477 1590 502 an
1621 476 1740 502 nemo

347 535 461 587 poffit
483 533 634 572 valere:
669 533 718 571 fic
740 546 818 570 non
840 532 1039 584 intelligo,
1072 530 1170 584 quid
1191 530 1356 574 interfit,
1389 539 1525 568 utrum
1556 543 1673 568 nemo
1694 529 1741 568 fit

347 601 511 653 sapiens,
543 613 590 638 an
613 612 729 637 nemo
749 599 821 637 effe
841 597 970 651 poffit.
1018 599 1079 635 Ac
1107 610 1178 635 nos
1209 595 1372 650 quidem
1400 596 1520 634 nimis
1542 595 1668 633 multa
1689 595 1738 633 de

346 679 386 704 re
406 665 652 718 apertisiima.
676 665 846 703 Telamo
865 673 998 703 autem
1020 677 1100 702 uno
1117 663 1227 702 versu
1248 662 1383 701 locum
1405 671 1535 701 totum
1559 661 1739 705 conficit,

347 745 416 770 cur
436 732 491 770 dii
513 731 695 771 homines
718 731 947 784 negligant:

468 797 570 836 Nam
575 799 618 849 st
634 805 779 842 curent,
810 795 896 835 bene
915 795 1091 846 bonisffl,
1123 795 1214 834 male
1233 794 1337 835 malis
1353 810 1366 833 :
1399 793 1495 847 quod
1509 807 1607 833 nunc
1625 791 1734 844 abest.

392 863 602 902 Debebunt
623 863 683 902 illi
705 863 866 916 quidem
888 875 1025 901 omnes
1048 862 1172 900 bonos
1190 861 1357 907 efficere,
1374 861 1398 899 fi
1416 861 1578 914 quidem
1600 859 1737 899 homi—

347 941 444 966 num
471 929 605 980 generi
635 928 907 966 consulebant.
961 928 1027 965 Sin
1056 927 1096 965 id
1129 928 1278 972 minus,
1310 926 1424 965 bonis
1450 926 1612 979 quidem
1634 933 1740 963 certe

346 993 548 1032 consulere
579 994 787 1033 debebant.
836 995 919 1032 Cur
948 994 1071 1046 igitur
1100 993 1179 1032 duo
1201 993 1418 1046 Scipiones,
1450 992 1678 1030 fortissimos
1700 998 1740 1028 et

344 1059 518 1112 optimos
552 1060 670 1105 viros,
702 1061 743 1098 in
777 1059 969 1112 Hispania
1000 1060 1147 1098 Poenus
1175 1058 1391 1111 oppreffit?
1426 1058 1509 1096 Cur
1531 1057 1738 1095 Maximus

345 1125 491 1164 extulit
516 1126 648 1164 filium
679 1126 957 1164 consularem?
994 1126 1078 1163 Cur
1107 1125 1348 1163 Marcellum
1382 1123 1560 1162 Annibal
1589 1124 1738 1162 intere-

344 1192 418 1230 mit
438 1193 450 1229 ?
484 1193 566 1230 Cur
588 1192 755 1231 Paulum
777 1192 922 1231 Cannae
943 1191 1181 1230 sustulerunt
1201 1191 1213 1229 ?
1247 1191 1331 1229 Cur
1353 1191 1569 1228 Poenorum
1591 1189 1734 1228 crude-

343 1258 446 1296 litati
478 1258 625 1311 Reguli
644 1273 786 1312 corpus
807 1259 860 1296 est
881 1258 1094 1311 praebitum
1115 1258 1128 1295 ?
1162 1258 1246 1295 Cur
1266 1256 1505 1294 Africanum
1529 1254 1735 1294 domestici

345 1325 509 1377 parietes
532 1338 610 1362 non
632 1334 814 1363 texerunt
834 1325 847 1362 ?
880 1323 952 1362 Sed
973 1323 1056 1361 haec
1078 1332 1220 1368 vetera,
1243 1332 1281 1361 et
1302 1322 1376 1360 alia
1396 1321 1606 1375 permulta.
1638 1320 1736 1358 Pro-

345 1390 455 1443 piora
485 1390 697 1429 videamus.
752 1392 836 1428 Cur
869 1390 1086 1428 avunculus
1118 1403 1245 1434 meus,
1285 1389 1344 1427 vir
1378 1386 1737 1432 innocentiffimus,

348 1456 535 1511 idemque
565 1457 821 1502 doffiffirnus,
864 1457 909 1496 P.
937 1457 1116 1496 Rutilius
1144 1457 1186 1495 in
1215 1456 1337 1495 exilio
1367 1454 1453 1494 est?
1487 1455 1569 1493 Cur
1593 1452 1735 1492 sodalis

345 1537 455 1562 meus
476 1524 705 1564 interfectus
735 1524 845 1563 domi
874 1524 964 1569 suae,
995 1518 1182 1562 Drusus?
1215 1524 1299 1561 Cur
1319 1520 1602 1575 temperantiae,
1632 1533 1730 1572 pru-

345 1590 566 1643 dentiaeque
587 1590 797 1642 specimen,
829 1599 919 1627 ante
945 1589 1199 1627 simulacrum
1222 1587 1362 1633 Vestae,
1397 1585 1580 1640 pontifex
1601 1584 1732 1623 maxi-

342 1669 430 1694 mus
451 1655 505 1694 est
526 1655 771 1708 QScaevola
802 1653 1052 1693 trucidatus?
1085 1654 1168 1692 Cur
1200 1663 1289 1691 ante
1319 1653 1440 1692 etiam
1472 1661 1533 1691 tot
1559 1651 1731 1690 civitatis

340 1721 541 1774 principes
562 1735 582 1759 a
603 1721 732 1759 Cinna
752 1721 982 1773 interempti
1001 1720 1013 1756 ?
1057 1721 1142 1758 Cur
1172 1720 1355 1757 omnium
1384 1717 1732 1773 perfidiosissimus,

343 1787 391 1825 C.
415 1786 584 1831 Marius,
618 1786 902 1838 QCatulum‚
927 1784 1232 1839 praestantiflima
1252 1784 1444 1836 dignitate
1465 1783 1610 1828 virum,
1631 1782 1736 1821 mori

342 1853 474 1906 potui-t
499 1853 671 1905 jubere?
707 1853 802 1891 Dies
830 1852 1001 1898 deficiat,
1034 1852 1059 1890 fi
1082 1851 1201 1889 velim
1224 1864 1428 1889 numerare
1448 1850 1594 1903 quibus
1617 1849 1732 1887 bonis

342 1919 445 1956 male
467 1919 638 1957 evenerit
657 1933 666 1956 :
698 1932 770 1957 nec
791 1919 939 1963 minus,
971 1919 997 1957 fi
1019 1930 1346 1961 commemorem,
1374 1916 1520 1968 quibus
1540 1914 1735 1968 improbis

341 1985 506 2038 optime.
560 1985 643 2022 Cur
676 1985 784 2022 enim
813 1985 968 2022 Marius
1001 1993 1082 2022 tam
1113 1983 1298 2028 feliciter,
1330 1982 1544 2036 septimum
1575 1980 1731 2026 consul,

341 2050 451 2089 domi
472 2050 547 2089 suae
566 2049 680 2090 senex
704 2049 757 2089 est
778 2060 958 2090 mortuus
978 2051 991 2088 ?
1030 2051 1114 2089 Cur
1134 2050 1318 2089 omnium
1340 2048 1629 2088 crudeliffimus
1651 2056 1734 2086 tam

341 2117 409 2156 diu
432 2117 562 2155 Cinna
580 2118 758 2170 regnavit
777 2119 790 2155 ?

394 2182 595 2221 XXXIII.
628 2183 684 2221 At
705 2183 813 2221 dedit
832 2197 982 2236 poenas.
1014 2181 1222 2221 Prohiberi
1244 2181 1386 2220 melius
1408 2180 1500 2225 fuit,
1524 2178 1734 2232 impediri-

341 2262 432 2302 que,
466 2262 513 2287 ne
535 2258 593 2287 tot
615 2249 788 2288 summos
811 2250 913 2290 viros
933 2250 1186 2296 interficeret,
1224 2262 1344 2302 quam
1365 2248 1496 2302 ipsum
1517 2246 1731 2299 aliquando

341 2329 475 2368 poenas
497 2315 600 2354 dare.
652 2315 817 2355 Summo
838 2318 1016 2356 cruciatu
1041 2316 1317 2370 supplicioque
1338 2314 1572 2367 Qvarius,
1610 2311 1735 2350 homo

342 2381 716 2434 importuniffimu8‚
753 2383 900 2436 periit:
948 2383 989 2429 fi,
1024 2383 1117 2436 quia
1152 2383 1328 2422 Drusum
1367 2381 1485 2424 ferro,
1517 2377 1736 2417 Metellum

341 2461 493 2486 veneno
521 2447 753 2495 sustulerat;
787 2450 878 2490 illos
909 2450 1127 2490 conservari
1159 2451 1301 2490 melius
1335 2447 1428 2492 fuit,
1459 2459 1579 2499 quam
1600 2457 1737 2498 poenas

343 2513 496 2555 sceleris
519 2515 686 2555 Varium
704 2516 889 2572 pendere.
933 2517 1339 2572 Duodequadraginta
1370 2513 1582 2566 Dionysius
1603 2520 1740 2564 tyran-

438 2581 565 2621 ΤοΜ.
597 2581 652 2622 11.
1316 2582 1356 2622 Τ
1378 2589 1395 2621 t
1422 2588 1440 2620 t
