2330 2983
589 242 667 281 280
894 235 1672 276 TUSCULANARUM

587 349 630 378 ut
649 352 741 377 cum
760 349 893 375 eorum
914 336 993 374 vita
1006 335 1235 374 mirabiliter
1250 344 1397 388 pugnet
1414 335 1559 380 oratio,
1581 334 1687 388 quod
1701 333 1860 387 quidem
1879 334 1980 375 mihi

586 405 736 442 videtur
754 402 826 440 effe
846 401 1119 454 turpissimum.
1162 403 1219 439 Ut
1237 402 1357 446 enim,
1379 401 1404 439 fi
1425 402 1723 454 grammaticum
1742 401 1778 439 se
1796 400 1981 454 profeffus

585 468 789 521 quisquam
811 467 964 505 barbare
984 467 1177 519 loquatur,
1199 477 1264 505 aut
1283 467 1309 505 fi
1329 466 1486 506 absurde
1509 477 1618 506 canat
1637 468 1683 512 is,
1705 467 1774 520 qui
1793 467 1829 506 se
1847 466 1982 506 haberi

586 535 679 572 velit
699 534 905 578 muficurn,
926 531 1002 571 hoc
1023 533 1171 586 turpior
1190 533 1247 578 fit,
1262 533 1366 586 quod
1386 533 1424 571 in
1444 546 1489 572 eo
1509 533 1588 586 ipso
1600 543 1746 587 peccet,
1763 534 1874 586 cujus
1889 546 1981 586 pro-

588 600 718 639 fitetur
736 600 962 644 scientiam3
988 599 1036 638 fic
1068 598 1320 652 philosophus
1349 600 1389 638 in
1421 600 1565 638 ratione
1590 601 1677 638 vitae
1701 613 1876 653 peccans,
1905 598 1983 637 hoc

590 667 738 719 turpior
755 666 822 711 est,
842 665 947 718 quod
967 665 1008 703 in
1028 665 1172 711 officio,
1193 666 1301 717 cujus
1328 665 1505 718 magister
1531 664 1602 704 effe
1620 665 1718 711 vult,
1736 666 1891 710 labitur,
1921 678 1982 703 ar-

589 742 747 784 temque
766 732 853 769 vitae
871 729 1054 783 profeffus
1075 730 1267 782 delinquit
1287 731 1327 768 in
1347 731 1437 769 vita.

617 798 668 834 V.
699 799 928 834 AunlroR.
951 795 1095 833 Nonne
1114 795 1324 832 verendum
1354 795 1486 847 igitur,
1515 794 1542 832 fi
1561 794 1614 832 est
1633 795 1698 839 ita,
1734 803 1776 832 ut
1795 794 1906 839 dicis,
1938 806 1985 833 ne

590 860 874 914 philosophiam
895 859 984 898 falsa
1003 860 1125 912 gloria
1152 872 1310 898 exornes
1329 860 1342 897 ?
1385 859 1503 911 Qod
1522 859 1575 897 est
1593 859 1700 898 enim
1720 860 1843 911 majus
1871 872 1985 912 argu-

590 937 784 971 mentum,
817 924 917 963 nihil
945 938 1028 963 eam
1046 922 1229 978 prodesse,
1262 938 1380 977 quam
1399 924 1585 977 quosdam
1604 923 1789 978 perfectos
1815 923 1987 978 philoso-

593 991 689 1045 phos
711 992 872 1044 turpiter
891 991 1016 1029 vivere
1034 990 1047 1027 ?
1089 991 1304 1029 MARCUS.
1336 991 1508 1030 Nullum
1528 1004 1616 1030 vero
1635 991 1676 1029 id
1695 991 1854 1043 quidem
1874 1004 1988 1042 argu-

590 1066 771 1095 mentum
786 1056 850 1094 est.
879 1055 985 1094 Nam
1002 1065 1044 1094 ut
1064 1056 1144 1108 agri
1160 1069 1238 1094 non
1253 1069 1386 1095 omnes
1402 1054 1580 1108 frugiferi
1596 1056 1694 1100 sunt,
1713 1053 1782 1108 qui
1794 1055 1988 1098 coluntur,

592 1122 810 1175 falsumque
829 1121 927 1159 illud
946 1134 989 1159 ac
1005 1121 1196 1174 improbe,

731 1187 815 1238 Εζβ
832 1187 1132 1238 infigetemstmt
1150 1185 1356 1224 deteriorem
1375 1185 1471 1224 datae

730 1253 887 1303 Fruges,
918 1262 1035 1289 tamen
1055 1251 1279 1303 ipsaefimpte
1297 1261 1435 1289 natura
1453 1251 1587 1290 enitent
1602 1270 1613 1296 ς

594 1317 644 1355 fic
665 1316 785 1354 animi
806 1329 882 1353 non
903 1328 1037 1354 omnes
1057 1315 1153 1353 culti
1172 1314 1343 1354 fructum
1370 1315 1512 1354 ferunt.
1556 1317 1700 1368 Atque,
1733 1325 1776 1353 ut
1795 1316 1835 1354 in
1855 1316 1992 1355 eodem

595 1382 712 1419 simili
746 1380 877 1426 verser,
909 1389 953 1418 ut
983 1393 1084 1433 ager,
1115 1381 1290 1432 quamvis
1321 1379 1473 1424 fertilis,
1503 1380 1579 1418 fine
1609 1380 1760 1418 cultura
1779 1379 1993 1420 fructuosus

596 1447 667 1485 effe
688 1461 763 1485 non
786 1446 905 1499 potest
922 1465 933 1490 ;
965 1447 1014 1484 fic
1035 1446 1112 1484 fine
1129 1446 1300 1484 doetrina
1319 1447 1484 1485 animus.
1514 1447 1575 1485 Ita
1593 1446 1647 1484 est
1666 1456 1823 1499 utraque
1842 1460 1898 1485 res
1920 1446 1995 1485 fine

596 1514 713 1551 altera
731 1512 884 1551 debilis.
904 1512 1070 1550 Cultura
1086 1521 1218 1550 autem
1237 1512 1357 1550 animi
1376 1511 1619 1565 philosophia
1634 1512 1686 1550 est
1701 1527 1709 1551 :
1732 1511 1814 1551 haec
1829 1511 1996 1551 extrahit

597 1579 690 1619 vitia
722 1577 919 1622 radicitus,
951 1587 990 1615 et
1015 1586 1197 1630 praeparat
1227 1577 1374 1616 animos
1398 1578 1444 1616 ad
1464 1577 1563 1616 satus
1593 1579 1849 1632 accipiendos,
1878 1592 1996 1631 eaque

599 1644 756 1683 mandat
775 1642 851 1688 his,
873 1653 925 1688 et,
947 1652 990 1682 ut
1009 1644 1061 1681 ita
1079 1643 1220 1687 dicam,
1242 1643 1343 1688 serit,
1365 1657 1449 1696 quae
1475 1644 1603 1682 adulta
1617 1643 1763 1682 fruetus
1784 1645 1998 1683 uberrimos

598 1710 734 1749 ferant.
766 1711 939 1761 Agamus
959 1710 1092 1762 igitur,
1125 1718 1168 1747 ut
1187 1710 1392 1762 coepimus.
1438 1710 1530 1754 Dic,
1562 1710 1587 1748 fi
1607 1711 1678 1755 vis,
1701 1710 1746 1748 de
1767 1723 1846 1762 quo
1865 1709 1996 1763 dispu-

603 1775 672 1813 tari
694 1774 800 1812 velis.

661 1842 895 1878 Aumron.
930 1839 1119 1878 Dolorem
1145 1839 1322 1878 existimo
1342 1840 1561 1878 maximum
1581 1840 1772 1879 malorum
1803 1840 1997 1879 omnium.

603 1907 818 1946 MARcus.
842 1906 1023 1944 Etiamne
1044 1907 1181 1958 majus,
1203 1920 1320 1958 quam
1340 1906 1502 1944 dedecus
1521 1907 1533 1943 ?
1567 1908 1794 1946 AumToR.
1818 1907 1911 1945 Non
1931 1920 2000 1945 au-

604 1972 674 2010 deo
704 1971 745 2009 id
775 1971 900 2010 dicere
935 1971 1109 2023 quidem,
1143 1981 1181 2008 et
1202 1985 1265 2009 mc
1299 1972 1417 2024 pudet
1438 1982 1516 2010 tam
1536 1973 1614 2011 cito
1645 1972 1691 2012 de
1718 1972 1901 2011 sententia
1930 1972 2001 2012 effe

606 2037 812 2088 dejectum.
844 2036 1058 2074 MARCUS.
1083 2036 1212 2088 Magis
1233 2035 1320 2073 effet
1343 2036 1582 2088 pudendum,
1604 2036 1630 2074 fi
1651 2037 1691 2075 in
1713 2037 1894 2075 sententia
1914 2051 2001 2090 per-

606 2115 789 2140 maneres.
876 2101 939 2139 uid
959 2101 1064 2140 enim
1085 2101 1214 2139 minus
1235 2101 1287 2139 est
1317 2101 1494 2154 dignum,
1525 2115 1642 2154 quam
1663 2102 1735 2140 tibi
1754 2103 1863 2155 pejus
1883 2102 2002 2155 quid-

607 2181 725 2220 quam
746 2167 864 2205 videri
898 2167 1094 2211 dedecore,
1131 2166 1289 2220 flagitio,
1320 2167 1584 2220 turpitudine?
1628 2168 1726 2219 Qae
1758 2178 1801 2206 ut
1826 2167 2000 2221 effugias,

608 2233 695 2286 quis
728 2233 780 2271 est
800 2246 877 2271 non
906 2233 1022 2270 modo
1043 2247 1119 2271 non
1154 2232 1391 2278 roeufimdus,
1428 2233 1587 2272 sednon
1617 2233 1719 2272 ultro
1751 2234 2000 2287 appetendus,

610 2299 844 2344 subeundus,
866 2299 1114 2350 excipiendus
1133 2299 1241 2337 dolor
1259 2299 1271 2335 ?
1315 2301 1377 2338 Au
1388 2312 1541 2338 niron.
1572 2300 1628 2338 Ita
1647 2299 1796 2352 prorsus
1812 2299 2003 2340 existimo.

611 2365 741 2416 Qare
775 2378 821 2402 ne
854 2364 896 2402 sit
931 2363 1014 2402 sane
1047 2364 1243 2402 sumntum
1279 2365 1427 2403 malum
1455 2365 1588 2409 dolor;
1621 2365 1768 2404 malum
1803 2376 1902 2404 certe
1935 2364 2001 2403 est.

612 2428 825 2468 MARCUS.
849 2428 1011 2467 Videsne
1034 2429 1163 2482 igitur,
1181 2438 1385 2481 quantum,
1417 2430 1579 2468 breviter
1608 2430 1845 2476 admonitus,
1866 2431 1913 2469 de
1931 2429 2002 2468 do-

613 2495 701 2533 loris
725 2506 862 2533 terrore
882 2495 1060 2548 dejeceris
1079 2495 1091 2533 ?
1124 2498 1350 2534 Aummn.
1375 2495 1497 2534 Video
1518 2496 1652 2548 plane:
1675 2496 1735 2535 sed
1753 2497 1840 2550 plus
1858 2495 2003 2535 defide-

614 2574 670 2600 ro.
722 2561 935 2601 Mane-us.
959 2562 1142 2616 Experiar
1161 2562 1366 2616 equidem:
1397 2562 1460 2602 sed
1479 2576 1620 2617 magna
1638 2576 1695 2602 res
1714 2562 1781 2611 est,
1800 2562 2007 2616 animoque
