2330 2983
702 239 975 280 LIBER
1032 240 1526 280 SECUNDUS.
1733 255 1810 296 293

426 350 545 390 quam
564 338 805 390 dignitatem,
826 352 942 390 quarn
973 339 1100 377 decus.
1165 339 1282 377 Hisce
1302 352 1372 391 ego
1392 339 1568 391 pluribus
1589 339 1810 378 nominibus

427 418 543 441 unam
563 417 644 441 rem
664 403 841 441 declarari
860 403 947 441 volo
963 421 974 447 ς
1006 403 1067 440 sed
1088 414 1187 448 utor,
1204 413 1247 441 ut
1263 418 1380 456 quam
1400 407 1567 444 maxime
1584 405 1809 457 significem,

425 468 615 520 pluribus.
646 468 747 505 Volo
767 477 894 505 autem
914 467 1050 512 dicere,
1082 468 1180 505 illud
1207 467 1360 506 homini
1379 469 1492 521 longe
1511 471 1707 522 optimum
1726 470 1810 515 effe,

425 532 530 584 quod
560 532 684 584 ipsum
718 532 762 569 fit
794 533 1004 585 optandum
1034 546 1100 584 per
1130 533 1179 577 se,
1208 546 1229 570 a
1253 533 1392 571 virtute
1423 534 1652 586 profectum,
1683 535 1740 572 vel
1772 536 1810 572 in

425 596 505 648 ipsa
533 598 673 634 virtute
705 597 833 641 situm,
864 597 927 634 sua
961 596 1091 649 sponte
1126 597 1338 642 laudabile;
1376 599 1481 650 quod
1509 599 1666 649 quidem
1698 600 1809 636 citius

426 661 590 700 dixerim
610 662 746 707 solum,
775 676 891 714 quam
912 676 987 700 non
1007 663 1203 700 summum
1231 663 1392 702 bonum.
1423 666 1568 716 Atque,
1590 673 1632 700 ut
1659 661 1740 701 haec
1767 664 1811 701 de

425 725 597 772 honesto,
618 728 666 765 fic
687 727 732 765 de
752 728 855 780 turpi
874 729 1071 766 contraria.
1117 727 1232 767 Nihil
1254 738 1333 766 tam
1353 738 1509 773 tetrum,
1531 727 1629 766 nihil
1651 737 1729 766 tam
1755 728 1811 766 as-

426 791 678 843 pernandum,
699 790 796 829 nihil
815 791 975 830 homine
996 793 1204 845 indignius.
1228 794 1346 848 Qod
1365 794 1390 831 fi
1413 793 1484 832 tibi
1504 792 1719 845 persuasum
1739 793 1810 837 est;

429 856 639 908 (principio
658 857 764 894 enim
784 857 924 902 dixisti,
951 857 1037 909 plus
1063 858 1103 896 in
1123 858 1303 897 dedecore
1322 859 1415 898 mali
1436 859 1507 897 tibi
1527 857 1659 902 videri,
1695 871 1812 909 quam

426 921 466 957 in
487 921 633 972 dolore)
665 922 857 973 reliquum
877 921 941 966 est,
974 931 1016 959 ut
1047 932 1126 960 tute
1146 923 1217 960 tibi
1247 924 1422 976 imperes.
1473 924 1706 974 Qanquam
1736 921 1811 959 hoc

426 985 550 1023 nescio
581 998 658 1036 quo
691 986 807 1023 modo
842 986 1001 1030 dicatur,
1032 988 1134 1038 quasi
1167 987 1244 1025 duo
1279 988 1408 1032 fimus,
1439 997 1482 1026 ut
1510 988 1602 1025 alter
1634 987 1810 1038 imperet,

426 1050 518 1087 alter
536 1060 661 1102 pareat
673 1068 685 1095 3
708 1064 784 1088 non
805 1051 936 1088 inscite
958 1061 1084 1089 tamen
1111 1052 1265 1090 dicitur.

471 1116 584 1152 XXI.
607 1115 674 1152 Est
692 1115 797 1152 enim
816 1116 966 1153 animus
986 1116 1026 1153 in
1047 1125 1167 1167 partes
1189 1117 1356 1154 tributus
1376 1117 1492 1161 duas;
1516 1131 1678 1169 quarum
1699 1119 1812 1157 altera

427 1180 581 1218 rationis
601 1179 652 1218 est
672 1180 873 1232 particep8‚
903 1180 1018 1218 altera
1037 1194 1182 1233 expers.
1229 1183 1334 1219 Cum
1356 1182 1475 1233 igitur
1504 1184 1737 1235 praecipitur,
1770 1194 1811 1221 ut

425 1245 702 1297 nobismetipsis
723 1246 969 1297 imperemus,
999 1244 1074 1283 hoc
1103 1246 1333 1298 praecipitur,
1372 1256 1415 1283 ut
1441 1248 1534 1284 ratio
1554 1258 1723 1286 coerceat
1753 1258 1811 1286 te-

424 1311 654 1349 meritatem.
699 1310 765 1347 Est
785 1311 825 1348 in
845 1310 980 1348 animis
1007 1312 1185 1348 omnium
1215 1310 1292 1348 fere
1323 1311 1455 1348 natur-21
1475 1312 1593 1350 molle
1612 1313 1810 1364 quiddam,

426 1374 643 1419 demiffum,
663 1374 826 1419 humile,
856 1384 1078 1413 enervatum
1108 1375 1396 1427 quodammodo
1424 1385 1461 1413 et
1486 1377 1726 1429 languidum,
1754 1378 1811 1415 se-

427 1440 516 1478 nile.
550 1441 585 1478 Si
602 1438 700 1478 nihil
720 1440 847 1485 aliud,
869 1439 967 1477 nihil
987 1440 1073 1478 effet
1093 1439 1252 1478 homine
1271 1439 1495 1479 deformius.
1528 1443 1599 1480 Sed
1614 1443 1746 1494 praesto
1760 1443 1813 1480 est

425 1505 582 1544 domina
600 1505 779 1543 omniurn
804 1513 842 1542 et
862 1505 990 1556 regina
1009 1505 1116 1548 ratio,
1145 1519 1229 1556 quae
1256 1505 1420 1542 connixa
1439 1519 1505 1557 per
1521 1506 1556 1543 se
1571 1515 1608 1543 et
1626 1507 1813 1558 progrefl‘a

423 1572 577 1622 longius
597 1569 641 1607 fit
661 1568 823 1622 perfed‘ta
841 1569 975 1606 virtus.
1017 1569 1114 1606 Haec
1135 1578 1178 1606 ut
1198 1570 1361 1620 imperet
1381 1569 1439 1606 illi
1459 1571 1558 1622 parti
1577 1572 1709 1616 animi,
1728 1586 1812 1624 quae

423 1635 576 1673 obedire
593 1633 719 1678 debet,
747 1633 785 1670 id
804 1632 1012 1671 videndum
1043 1633 1094 1670 est
1113 1634 1208 1671 viro.
1258 1634 1441 1684 Qonam
1461 1635 1577 1673 modo
1595 1636 1607 1672 ?
1643 1636 1808 1688 inquies.

424 1701 543 1739 Velut
562 1699 742 1738 dominus
762 1698 879 1743 servo,
909 1698 1013 1736 velut
1043 1699 1249 1750 imperator
1268 1699 1401 1743 militi,
1431 1700 1536 1737 velut
1561 1714 1692 1752 parens
1713 1701 1809 1739 filio.

425 1767 463 1805 Si
485 1764 695 1818 turpiffime
712 1764 746 1802 se
758 1763 824 1802 illa
842 1775 925 1816 pars
941 1763 1059 1801 animi
1079 1772 1198 1815 geret,
1215 1776 1332 1814 quam
1353 1763 1433 1801 dixi
1452 1763 1521 1801 effe
1534 1765 1709 1810 mollem,
1729 1766 1755 1803 fi
1775 1765 1810 1803 se

423 1830 600 1868 lamentis
619 1829 857 1867 muliebriter
876 1827 1126 1879 lacrymisque
1155 1827 1280 1871 dedet,
1311 1828 1499 1865 vinciatur
1518 1837 1556 1866 et
1575 1829 1810 1882 constringa-

426 1905 488 1933 tur
507 1895 720 1932 amicorum
749 1892 1130 1945 propinquorumque
1160 1892 1352 1930 custodiis.
1391 1895 1493 1944 Saepe
1512 1893 1617 1931 enim
1636 1893 1809 1932 videmus

425 1959 561 1998 fraecos
581 1959 737 2011 pudore,
765 1958 833 2009 qui
854 1958 996 1995 ratione
1022 1956 1127 1994 nulla
1145 1957 1397 1995 vincerentur.
1430 1958 1535 2008 Ergo
1549 1957 1619 1995 hos
1636 1958 1807 2009 quidem,

424 2035 468 2064 ut
487 2024 667 2069 famulos,
684 2024 820 2062 vinclis
839 2036 957 2075 prope
976 2036 1019 2060 ac
1038 2022 1205 2060 custodia
1224 2035 1428 2060 arceamus.
1453 2023 1532 2074 Qi
1553 2033 1682 2061 autem
1699 2033 1809 2061 erunt

423 2091 624 2135 firmiores,
659 2103 728 2127 nec
761 2098 889 2127 tamen
909 2087 1165 2132 robustiffimi‚
1195 2087 1264 2126 hos
1299 2088 1499 2126 admonitu
1530 2089 1735 2140 oportebit,
1767 2097 1809 2127 ut

424 2159 545 2196 bonos
579 2155 741 2198 milites,
785 2162 975 2192 revocatos
989 2182 1000 2197 ,
1045 2153 1271 2205 dignitatem
1306 2153 1417 2191 tueri.
1485 2153 1577 2191 Non
1617 2154 1729 2190 nimis
1768 2154 1806 2190 in

425 2220 576 2272 Niptris
596 2219 661 2256 ille
691 2216 976 2270 sapientiffimus
1001 2217 1158 2255 Graeciae
1184 2216 1328 2254 saucius
1356 2217 1596 2261 lamentatur,
1633 2217 1690 2254 vel
1720 2229 1806 2253 mo-

424 2285 508 2323 dice
527 2284 653 2337 potius
673 2297 681 2320 :

562 2346 779 2386 Pedetentim
810 2346 983 2398 (inquit)
1015 2356 1050 2384 et
1054 2345 1180 2399 sedato
1199 2346 1288 2398 mstz,

561 2412 788 2466 Nefitcctfffic
807 2412 965 2465 arripiat
983 2412 1094 2463 major
1259 2412 1388 2450 Dolor.

483 2478 668 2516 Pacuvius
690 2476 771 2516 haec
804 2478 957 2520 melius,
987 2490 1104 2529 quarn
1136 2475 1354 2528 Sophocles.
1418 2474 1532 2525 Apud
1559 2474 1671 2511 illum
1701 2475 1805 2512 enim

425 2555 611 2597 perquam
640 2541 818 2581 flebiliter
843 2540 989 2593 Ulyffes
1023 2541 1248 2579 lamentatur
1274 2540 1312 2576 in
1347 2538 1526 2576 vulnere:
1559 2547 1687 2576 tamen
1714 2537 1806 2576 huic
