2330 2983
772 226 1048 265 LIBER
1107 228 1537 280 QUINTUS.
1780 247 1854 286 379

459 323 604 368 erratis,
635 336 753 376 eaque
772 323 1027 369 commiserat,
1050 333 1092 362 ut
1112 324 1233 364 salvus
1253 325 1324 364 effe
1352 339 1428 364 non
1450 326 1582 379 poffet,
1610 327 1636 366 fi
1657 327 1764 368 sanus
1785 330 1854 368 effe

459 388 642 441 coepiffet.

497 454 631 492 XXII.
665 454 913 507 Qantopere
933 467 1020 492 vero
1040 454 1226 492 amicitias
1248 455 1479 502 desideraret,
1502 473 1666 510 quarum
1686 460 1854 498 infideli-

457 527 576 557 tatem
596 519 882 564 extimescebat,
903 518 1107 557 declaravit
1126 520 1166 557 in
1188 519 1436 572 Pythagoreis
1457 522 1606 561 duobus
1627 525 1703 562 illis
1720 544 1731 570 ;
1755 540 1853 577 quo-

458 597 546 623 rum
575 597 668 622 cum
699 584 862 622 alterum
896 584 1032 622 vadem
1066 584 1202 623 mortis
1236 586 1457 638 accepisset,
1504 589 1610 632 alter,
1644 599 1687 626 ut
1720 591 1855 630 vadem

455 649 567 689 suum
587 650 774 695 liberaret,
795 649 928 703 praesto
947 649 1074 689 fuisset
1093 651 1139 688 ad
1154 649 1290 689 horam
1304 653 1422 690 morti
1439 653 1662 692 destinatam
1677 673 1689 699 ς
1710 656 1856 694 Utinam

455 729 529 770 ego,
551 716 693 769 inquit,
715 716 847 755 tertius
866 715 966 755 vobis
983 715 1116 755 amicus
1134 715 1353 770 affiriberer
1369 720 1385 756 ,Ι
1416 719 1546 770 Qam
1566 718 1659 757 huic
1679 730 1758 758 erat
1778 722 1855 759 mi-

454 782 595 827 serum,
627 795 751 820 carere
768 781 1042 820 consuetudine
1061 782 1290 827 amicorum,
1322 783 1498 822 societate
1517 784 1653 829 victus,
1684 785 1855 824 sermone

455 848 618 886 omnino
637 847 843 886 familiari!
875 847 1029 886 homini
1058 848 1266 901 praesertim
1293 849 1406 888 docto
1431 864 1452 888 a
1482 864 1615 904 puero,
1645 860 1683 889 et
1711 852 1854 891 artibus

454 913 633 966 ingenuis
653 914 814 953 erudito.
837 913 1081 952 Muficorum
1101 927 1188 953 vero
1208 915 1486 967 perstudiosum
1507 917 1739 969 accepimus,
1761 931 1854 970 poe—

454 987 535 1018 tam
556 979 674 1017 etiam
695 979 910 1031 tragicum,
943 978 1061 1031 quam
1082 979 1245 1024 bonurn,
1267 979 1367 1018 nihil
1383 982 1429 1018 ad
1449 995 1544 1020 rem.
1578 983 1623 1020 In
1649 982 1724 1020 hoc
1749 983 1856 1022 enim

453 1057 590 1097 genere
610 1044 736 1083 nescio
756 1058 834 1097 quo
853 1046 963 1097 pafto
983 1045 1122 1097 magiS‚
1150 1059 1269 1097 quam
1289 1047 1330 1083 in
1350 1046 1448 1090 aliis,
1468 1046 1581 1084 suum
1601 1048 1743 1099 cuique
1762 1047 1854 1100 pul-

453 1109 596 1150 chrum
614 1111 679 1150 est.
711 1109 855 1149 Adhuc
875 1111 1073 1149 neminem
1092 1111 1257 1163 cognovi
1277 1120 1446 1164 poetam,
1473 1112 1528 1164 (et
1547 1111 1648 1150 mihi
1667 1112 1744 1151 fuit
1763 1127 1855 1153 cum

452 1176 630 1230 Aquinio
649 1176 837 1228 amicitia)
861 1176 930 1228 qui
950 1176 1020 1214 fibi
1040 1189 1118 1214 non
1133 1176 1308 1228 optimus
1328 1177 1535 1217 videretur.
1579 1178 1640 1216 Sic
1656 1178 1691 1216 se
1706 1192 1764 1217 res
1784 1178 1854 1217 ha-

455 1242 536 1282 bet.
579 1245 640 1281 Te
668 1251 747 1287 tua,
778 1256 841 1280 me
870 1242 1059 1280 delcetant
1078 1255 1177 1281 mea.
1224 1242 1310 1287 Sed,
1332 1251 1375 1280 ut
1395 1243 1441 1280 ad
1462 1243 1695 1295 Dionyfium
1724 1245 1854 1282 redea-

453 1321 569 1353 mus,
600 1308 709 1346 omni
728 1307 838 1345 cultu
857 1316 896 1345 et
914 1307 1018 1345 vic‘tu
1037 1305 1212 1345 humano
1231 1307 1382 1346 carebat
1399 1322 1409 1346 :
1431 1308 1583 1346 vivebat
1603 1322 1695 1347 cum
1715 1307 1855 1362 fugiti-

454 1373 526 1418 vis,
553 1387 645 1412 cum
665 1372 898 1418 facinorosis,
927 1386 1020 1411 cum
1040 1373 1207 1412 barbaris
1226 1387 1235 1412 ε
1269 1374 1481 1419 neminem,
1503 1374 1572 1427 qui
1591 1383 1657 1413 aut
1680 1375 1856 1414 libertate

454 1439 596 1493 dignus
616 1439 717 1486 effet,
749 1449 814 1478 aut
833 1439 948 1477 vellet
974 1439 1137 1478 omnino
1156 1439 1254 1478 liber
1280 1439 1365 1486 effe,
1400 1439 1470 1478 fibi
1496 1441 1668 1479 amicum
1691 1442 1854 1480 arbitra-

456 1503 581 1545 batur.
626 1506 720 1544 Non
741 1519 812 1558 ego
825 1506 909 1557 jam
929 1518 1023 1542 cum
1043 1503 1158 1556 hujus
1178 1505 1269 1549 vita,
1297 1518 1373 1556 qua
1401 1505 1549 1550 tetrius,
1577 1505 1763 1551 miserius,
1785 1506 1854 1544 de-

454 1571 664 1610 testabilius
694 1571 912 1622 excogitare
932 1568 1030 1607 nihil
1052 1569 1217 1622 possum,
1249 1569 1420 1608 Platonis
1440 1579 1506 1608 aut
1525 1569 1708 1623 Archytae
1734 1571 1854 1611 vitam

449 1636 700 1689 comparabo,
722 1635 925 1674 doetorum
945 1634 1155 1673 hominum
1175 1644 1213 1674 et
1228 1635 1340 1688 plane
1359 1635 1604 1688 sapientium.

514 1703 670 1741 XXIII.
703 1702 765 1740 Ex
793 1701 926 1739 eadem
948 1701 1042 1738 urbe
1070 1699 1265 1738 humilem
1285 1699 1575 1739 homunculum
1595 1714 1615 1739 a
1633 1702 1789 1754 pulvere
1815 1713 1853 1742 et

447 1768 553 1807 radio
578 1767 768 1812 excitabo,
790 1767 857 1819 qui
878 1767 1012 1805 multis
1033 1766 1140 1804 annis
1157 1765 1241 1818 post
1265 1765 1355 1811 fuit,
1387 1765 1682 1805 Archimedem.
1727 1769 1849 1821 Cujus

452 1846 526 1885 ego
549 1832 724 1884 Qaestor
743 1832 963 1884 ignoratum
989 1831 1036 1869 ab
1058 1830 1310 1882 Syracusanis,
1340 1844 1433 1869 cum
1452 1831 1523 1869 effe
1542 1832 1704 1871 omnino
1732 1847 1850 1886 nega-

453 1906 552 1942 rent,
574 1897 725 1950 septum
746 1897 919 1949 undique
938 1905 976 1935 et
1009 1896 1190 1935 vestitum
1223 1896 1402 1948 vepribus
1430 1906 1469 1934 et
1488 1896 1655 1935 dumetis
1674 1898 1851 1950 indagavi

453 1963 685 2016 sepulcrum.
728 1963 930 2001 Tenebam
963 1961 1069 2001 enim
1102 1961 1287 2015 quosdam
1321 1961 1537 2007 senariolos,
1570 1976 1666 2014 quos
1702 1963 1742 2001 in
1769 1965 1849 2016 ejus

451 2038 708 2068 monumento
728 2027 800 2066 effe
819 2027 1019 2081 inscriptos
1040 2040 1260 2081 acceperam
1278 2044 1290 2072 ς
1322 2027 1390 2080 qui
1409 2028 1664 2074 declarabant,
1685 2028 1725 2066 in
1741 2029 1848 2067 sum-

452 2108 520 2133 mo
540 2094 714 2148 sepulcro
744 2093 928 2146 sphaeram
949 2093 1020 2132 effe
1040 2093 1200 2146 pofitam
1235 2106 1327 2131 cum
1348 2093 1536 2144 cylindro.
1587 2094 1673 2146 Ego
1703 2103 1847 2140 autem,

452 2173 547 2198 cum
565 2160 698 2198 omnia
715 2159 976 2197 collustrarem
1006 2159 1142 2203 oculis,
1177 2158 1246 2210 (est
1265 2159 1371 2197 enim
1390 2159 1437 2197 ad
1455 2167 1582 2212 portas
1614 2160 1847 2212 Agragianas

452 2237 591 2278 magna
632 2224 847 2277 frequentia
875 2224 1168 2277 sepulcrorum)
1200 2224 1449 2263 animadverti
1486 2224 1735 2264 columellam
1769 2239 1847 2264 non

453 2288 627 2329 multum
647 2303 668 2329 e
694 2290 822 2328 dumis
843 2290 1109 2336 eminentem;
1140 2289 1181 2328 in
1214 2303 1290 2343 qua
1323 2291 1443 2329 inerat
1463 2289 1614 2344 sphaerae
1639 2289 1774 2342 figura,
1809 2300 1847 2329 et

452 2356 632 2408 cylindri.
695 2357 827 2409 Atque
853 2370 924 2409 ego
954 2356 1082 2395 statim
1118 2357 1354 2408 Syracusanis
1387 2358 1509 2409 (erant
1540 2364 1668 2393 autem
1698 2356 1846 2408 princi-

452 2436 519 2476 pes
551 2423 725 2474 mecum)
758 2423 852 2468 dixi,
885 2436 948 2461 me
967 2423 1066 2461 illud
1092 2423 1218 2476 ipsum
1249 2423 1420 2462 arbitrari
1449 2421 1533 2467 effe,
1566 2421 1673 2474 quod
1701 2435 1846 2474 quaere-

453 2501 551 2526 rem.
575 2487 737 2526 Immiffi
750 2501 841 2526 cum
857 2487 1021 2526 falcibus
1041 2488 1159 2526 multi
1172 2497 1382 2541 purgarunt
1399 2497 1437 2526 et
1452 2496 1680 2540 aperuerunt
1700 2486 1845 2526 locum.

455 2553 548 2606 Qo
567 2567 659 2592 cum
680 2552 888 2607 patefaftus
916 2554 1005 2594 esset
1025 2553 1163 2600 aditus,
1191 2553 1237 2592 ad
1266 2552 1455 2592 adversam
1474 2552 1592 2591 basim
1610 2553 1845 2592 acceffimus.

1371 2619 1403 2659 B
1425 2618 1449 2657 b
1470 2618 1494 2656 b
1525 2631 1548 2657 2
