2330 2983
603 243 879 284 LIBER
936 241 1437 282 SECUNDUS.
1631 255 1704 296 135

304 358 348 388 ut
367 348 540 402 primum
561 346 744 399 despexit,
771 344 956 397 quaefivit,
991 342 1158 381 salvusne
1187 342 1275 381 esset
1304 342 1490 396 clypeus?
1520 357 1611 383 cum
1633 346 1705 384 sal-

303 429 398 462 vum
417 414 487 452 efl‘e
521 413 654 452 flentes
674 412 730 450 sui
762 409 1046 463 respondissent,
1078 410 1238 462 rogavit,
1260 409 1425 448 essentne
1456 409 1527 449 fufi
1547 410 1670 451 hostes
1692 415 1704 450 ?

303 493 473 532 cumque
503 480 544 517 id
575 491 745 530 quoque,
781 486 825 514 ut
856 476 1051 528 cupiebat,
1082 475 1292 520 audivisset,
1322 476 1435 514 evelli
1463 477 1570 528 juffit
1604 492 1705 524 eam,

303 560 379 600 qua
397 555 475 584 erat
495 545 714 588 transfixus,
737 543 896 581 hastam.
921 543 978 581 Ita
997 541 1123 581 multo
1143 542 1324 594 sanguine
1344 542 1499 595 profuso
1514 545 1555 581 in
1575 545 1707 584 laetitia

303 622 340 651 et
361 613 401 651 in
421 612 579 651 vistoria
597 610 650 648 est
674 619 863 648 mortuus.
924 609 1114 647 Leonidas
1134 618 1278 654 autem,
1301 621 1367 647 rex
1387 609 1705 650 Lacedaemonio-

302 692 405 723 rum,
427 678 462 716 se
482 678 522 716 in
543 675 835 728 Thermopylis,
859 674 1123 727 trecentosque
1142 688 1222 719 eos,
1243 688 1340 727 quos
1361 675 1542 713 eduxerat
1563 677 1704 728 Sparta,

302 758 394 782 cum
415 743 503 782 effet
533 742 723 796 proposita
741 750 806 779 aut
825 740 918 793 fuga
937 741 1073 794 turpis,
1107 750 1171 779 aut
1195 740 1358 794 gloriosa
1377 754 1495 785 mors,
1527 743 1707 795 opposuit

302 808 489 847 hostibus.
534 807 724 846 Praeclarae
743 815 884 844 mortes
905 805 992 843 sunt
1012 806 1278 859 imperatoriae.
1321 804 1546 859 Philosophi
1578 817 1709 847 autem

302 875 343 912 in
364 875 437 912 suis
458 873 608 912 leftulis
629 872 856 925 plerumque
875 872 1107 910 moriuntur.

359 939 492 978 Refert
510 949 654 982 tamen,
670 938 775 989 quod
788 937 858 975 fibi
875 937 1023 974 videtur
1038 937 1108 975 effe
1124 937 1304 975 morienti
1320 951 1459 990 magna
1479 938 1573 976 laus.
1599 940 1704 978 Com-

296 1006 533 1060 penstzbatur‚
554 1004 697 1056 inquit,
728 1018 806 1042 cum
825 1003 976 1056 stcmmis
995 1003 1167 1042 doloribus
1185 1004 1330 1042 laetitia.
1373 1005 1504 1043 Audio
1523 1006 1705 1058 equidem

302 1070 523 1125 philosophi
544 1083 695 1114 vocem,
712 1070 900 1123 Epicure.
939 1069 1024 1114 Sed,
1046 1069 1140 1122 quid
1156 1069 1229 1107 tibi
1249 1070 1456 1109 dicendum
1481 1071 1538 1116 fit,
1560 1072 1704 1112 oblitus

302 1151 354 1176 es.
386 1138 567 1176 Primum
587 1136 709 1180 enim,
730 1135 757 1174 fi
777 1149 862 1173 vera
881 1135 968 1173 sunt
994 1149 1050 1180 ea,
1071 1149 1240 1187 quorum
1261 1136 1521 1175 recordatione
1543 1147 1579 1175 te
1607 1153 1703 1191 gau-

302 1204 390 1242 dere
409 1204 520 1249 dicis,
552 1202 628 1241 hoc
648 1202 715 1247 est,
749 1202 776 1240 fi
806 1214 894 1240 vera
911 1201 998 1240 sunt
1028 1211 1093 1240 tua
1123 1202 1261 1254 scripta
1280 1212 1318 1240 et
1343 1203 1511 1248 inventa,
1542 1205 1705 1257 gaudere

303 1283 381 1308 non
401 1278 523 1322 potes.
566 1267 682 1307 Nihil
702 1268 807 1306 enim
837 1268 920 1319 jam
940 1266 1072 1312 habes,
1093 1267 1198 1319 quod
1217 1268 1264 1306 ad
1283 1282 1421 1321 corpus
1442 1268 1591 1308 referas.
1638 1271 1706 1309 Est

303 1345 433 1374 autem
459 1349 480 1373 a
512 1344 550 1372 te
570 1335 716 1387 semper
735 1335 898 1379 dietum,
929 1347 1000 1371 nec
1020 1334 1181 1386 gaudere
1201 1348 1454 1386 quemquam,
1486 1336 1554 1391 nisi
1584 1351 1703 1391 prop-

304 1411 360 1439 ter
378 1414 545 1454 corpus3
577 1413 648 1438 nec
667 1399 807 1437 dolere.
853 1399 1076 1444 Praeteritis‚
1105 1400 1248 1452 inquit,
1265 1401 1412 1453 gaudeo.
1460 1403 1705 1454 Qibusnam

305 1466 536 1519 praeteritis?
568 1465 594 1503 fi
625 1464 671 1503 ad
701 1478 838 1517 corpus
869 1465 1150 1517 pertinentibus
1167 1483 1181 1509 ;
1211 1466 1374 1504 rationes
1410 1476 1491 1504 tuas
1527 1476 1563 1505 te
1593 1468 1705 1507 video

305 1544 550 1585 compensare
570 1545 661 1568 cum
685 1530 762 1568 istis
780 1529 991 1575 doloribus,
1013 1543 1091 1567 non
1118 1532 1344 1570 memoriam
1366 1546 1523 1585 corpore
1544 1547 1703 1588 percep-

305 1607 429 1636 tarum
451 1597 711 1649 voluptatum.
734 1597 772 1634 Si
787 1605 918 1633 autem
938 1595 984 1633 ad
1003 1596 1179 1634 animum
1191 1614 1205 1641 3
1226 1596 1366 1636 falsum
1386 1598 1452 1643 cst,
1470 1599 1575 1651 quod
1590 1614 1703 1654 negas

303 1663 423 1701 animi
443 1662 569 1700 ullum
589 1662 660 1700 esse
689 1662 890 1715 gaudIum‚
912 1662 1018 1714 quod
1047 1677 1125 1701 non
1151 1661 1334 1702 referatur
1353 1665 1398 1703 ad
1418 1679 1570 1718 corpus.
1623 1669 1704 1705 Cur

301 1729 437 1766 deinde
458 1728 675 1766 Metrodori
695 1728 834 1766 liberos
854 1729 1133 1767 commendas?
1165 1729 1259 1781 quid
1290 1744 1336 1768 ex
1356 1731 1426 1769 isto
1454 1741 1521 1769 tuo
1550 1734 1705 1786 egregio

301 1795 431 1833 officio
451 1804 489 1832 et
509 1804 612 1833 tanta
630 1794 705 1832 fide
728 1795 795 1846 (fic
815 1794 921 1833 enim
941 1794 1136 1847 existimo)
1159 1796 1205 1833 ad
1222 1809 1360 1849 corpus
1381 1796 1496 1835 refers
1517 1798 1529 1834 ?

356 1862 508 1899 XXXI.
537 1862 632 1899 Huc
647 1870 685 1898 et
704 1860 814 1906 illuc,
831 1862 1045 1913 Torquate,
1062 1875 1127 1899 vos
1147 1862 1298 1901 versetis
1319 1863 1408 1901 licet
1423 1882 1435 1908 3
1459 1863 1558 1902 nihil
1574 1865 1613 1902 in
1630 1864 1702 1904 hac

301 1927 477 1979 praeclara
496 1926 652 1980 epistola
671 1926 858 1979 scriptum
891 1927 938 1965 ab
958 1928 1129 1980 Epicuro
1158 1941 1373 1981 congruens
1404 1940 1442 1967 et
1472 1931 1700 1970 conveniens

301 1994 461 2032 decretis
482 1995 562 2046 ejus
594 1994 801 2046 reperietis.
847 1995 905 2032 Ita
925 1994 1162 2047 redarguitur
1192 1996 1271 2048 ipse
1302 2009 1322 2033 a
1341 1996 1427 2042 sese,
1459 2008 1702 2051 veneuntque

301 2060 437 2113 scripta
455 2061 535 2113 ejus
554 2059 745 2112 probitate
765 2060 879 2113 ipsius
900 2074 942 2098 ac
962 2061 1151 2099 moribus.
1202 2062 1309 2101 Nam
1328 2063 1395 2101 ista
1414 2065 1702 2103 commendatio

300 2140 523 2179 puerorum,
540 2126 729 2164 memoria
742 2135 781 2164 et
799 2127 932 2165 caritas
950 2127 1145 2172 amicitiae,
1162 2127 1403 2167 summorum
1424 2118 1642 2168 officiorum
1661 2132 1702 2168 in

299 2203 473 2232 extremo
493 2193 628 2246 spiritu
655 2193 903 2238 conservatio,
934 2194 1078 2232 indicat
1106 2195 1276 2233 innatam
1303 2196 1375 2234 effe
1395 2195 1547 2234 homini
1569 2198 1701 2249 probi-

302 2268 418 2297 tatem
453 2259 674 2312 gratuitam,
705 2273 783 2297 non
809 2260 1009 2298 invitatam
1041 2260 1320 2313 voluptatibus,
1351 2276 1421 2300 nec
1452 2264 1702 2315 praemiorum

301 2326 542 2364 mercedibus
572 2336 781 2364 evocatam.
829 2327 946 2378 Qod
970 2327 1076 2365 enim
1103 2327 1369 2367 testimonium
1405 2331 1525 2381 majus
1558 2331 1698 2382 quaeri-

300 2405 402 2436 mus,
442 2404 526 2443 quae
556 2389 710 2429 honesta
745 2401 782 2430 et
810 2394 910 2431 redta
947 2393 1034 2438 s1nt‚
1075 2393 1153 2446 ipsa
1185 2393 1256 2432 esse
1286 2395 1470 2447 optabilia
1501 2409 1566 2447 per
1596 2395 1695 2440 sese3

299 2471 392 2496 cum
412 2457 608 2495 videamus
640 2467 744 2496 tanta
772 2458 898 2497 officia
929 2460 1158 2497 morientis?
1192 2460 1277 2505 Sed,
1311 2461 1578 2512 ut'epistolam
1613 2461 1696 2499 lau-

298 2524 461 2562 dandam
483 2524 644 2562 arbitror
662 2538 761 2570 eam,
793 2539 911 2578 quam
942 2526 1060 2564 modo
1080 2526 1243 2564 totidem
1269 2526 1346 2564 fere
1369 2527 1488 2565 verbis
1510 2528 1697 2580 interpre-

300 2600 398 2630 tatus
419 2590 519 2637 sum,
539 2592 778 2644 (quanquam
793 2605 835 2631 ea
853 2605 947 2631 cum
960 2591 1108 2631 summa
1122 2593 1202 2645 ejus
1218 2591 1439 2647 philosophi
1456 2595 1563 2633 nullo
1581 2595 1697 2634 modo
