2330 2983
498 198 574 240 332
805 183 1579 224 TUSCULANARUM

551 284 626 323 111.
657 283 856 336 Sapientiae
875 282 1046 322 studium
1066 291 1173 321 vetus
1194 281 1234 321 id
1248 281 1408 334 quidem
1427 281 1469 321 in
1489 281 1622 321 nostris
1634 299 1648 327 ς
1669 280 1731 320 sed
1747 290 1894 329 tamen,

495 359 583 389 ante
603 348 713 387 Laelii
733 357 881 386 aetatem
901 358 939 386 et
959 348 1166 402 Scipionis,
1196 361 1272 387 non
1299 348 1459 400 reperio,
1479 360 1577 400 quos
1596 346 1784 400 appellare
1802 347 1893 400 pos·

495 416 567 454 fim
587 414 848 453 nominatim:
879 415 1022 467 quibus
1051 414 1353 453 adolescentibus
1386 415 1560 453 Stoicum
1590 414 1827 466 Diogenem,
1854 422 1894 453 et

496 480 779 519 Academicum
813 479 1048 519 Carneadem
1081 479 1193 518 video
1224 480 1272 519 ad
1304 480 1476 518 senatum
1512 480 1563 518 ab
1594 478 1896 518 Atheniensibus

497 545 628 585 miffos
646 545 719 584 effe
737 545 881 598 legatos
895 564 907 591 5
935 546 1019 599 qui,
1035 559 1127 584 cum
1149 546 1367 599 reipublicae
1386 546 1534 584 nullam
1555 559 1728 598 unquam
1747 554 1895 598 partem

498 611 734 664 attigissent,
768 609 932 664 effetque
962 625 1096 650 eorum
1130 611 1224 650 alter
1255 613 1488 663 Cyrenaeus,
1521 611 1616 649 alter
1645 610 1898 662 Babylonius,

498 689 701 729 nunquam
720 673 893 730 profecto
921 675 1061 714 scholis
1081 675 1197 715 effent
1215 676 1386 721 excitati,
1421 689 1544 728 neque
1563 675 1611 714 ad
1628 675 1728 714 illud
1753 688 1899 715 munus

499 741 625 787 electi,
655 741 724 780 nisi
753 741 795 778 in
823 740 1056 793 quibusdam
1072 741 1331 794 principibus,
1362 740 1602 792 temporibus
1621 740 1713 786 illis,
1743 739 1901 781 fuiffent

499 807 623 847 studia
642 806 836 845 doetrinae.
858 807 955 858 Qu,
971 821 1064 845 cum
1079 815 1213 845 caetera
1227 806 1346 844 literis
1362 805 1601 850 mandarent,
1616 805 1681 844 alii
1690 807 1756 858 jus
1769 805 1905 851 civile,

501 873 566 911 alii
585 872 774 911 orationes
793 871 891 917 suas,
921 872 985 910 alii
1006 881 1259 911 monumenta
1274 871 1481 924 majorum,
1510 870 1611 911 hanc
1629 871 1902 925 ampliffimam

501 939 682 978 omnium
701 937 842 977 artium
858 937 955 977 bene
974 939 1126 978 vivendi
1146 938 1389 992 disciplinam
1408 938 1486 977 vita
1504 939 1645 992 magis,
1673 951 1793 992 quam
1811 938 1904 979 lite-

503 1005 569 1051 ris,
591 1004 778 1058 persecuti
797 1003 898 1043 sunt.

558 1071 694 1123 Itaque
712 1070 817 1109 illius
837 1083 933 1108 verae
951 1070 1210 1124 elegantisque
1238 1069 1509 1124 philosophiae,
1541 1084 1629 1123 quae
1653 1069 1766 1109 <ludia
1783 1083 1805 1109 a
1831 1070 1907 1110 So-

504 1146 606 1176 crate
625 1137 667 1176 in
686 1136 949 1190 Peripateticis
975 1135 1100 1175 adhuc
1116 1136 1335 1190 permansit,
1363 1146 1402 1175 et
1421 1137 1524 1176 idem
1541 1137 1618 1176 alio
1635 1137 1754 1176 modo
1767 1136 1908 1175 dicen-

506 1203 610 1244 tibus
631 1202 785 1247 Stoicis,
813 1215 906 1241 cum
932 1201 1159 1241 Academici
1177 1216 1312 1242 eorum
1341 1202 1611 1242 controversias
1638 1202 1910 1255 disceptarent.

506 1267 614 1307 nulla
641 1266 721 1306 fere
750 1266 852 1313 funt,
882 1276 948 1306 aut
966 1280 1086 1320 pauca
1117 1268 1329 1311 admodum
1349 1269 1488 1309 Latina
1516 1278 1771 1308 monumenta
1789 1285 1807 1313 ς
1831 1267 1908 1307 five

506 1342 660 1387 propter
681 1332 993 1386 magnitudinem
1012 1347 1156 1379 rerum,
1184 1334 1559 1387 occupationemque
1580 1331 1813 1378 hominum..
1832 1333 1913 1372 five

506 1399 638 1445 etiam,
669 1397 775 1453 quod
805 1398 997 1452 imperitis
1017 1412 1060 1438 ea
1085 1399 1236 1452 probari
1255 1399 1358 1452 poffe
1377 1412 1454 1438 non
1478 1398 1787 1439 arbitrabantur:
1816 1412 1911 1440 cum

508 1465 681 1510 interim,
710 1464 790 1503 illis
815 1463 1029 1510 silentibus,
1059 1465 1107 1503 C.
1131 1464 1349 1505 Amafinius
1379 1465 1512 1504 extitit
1536 1463 1668 1504 dicens
1685 1478 1702 1503 ι
1727 1465 1837 1518 cujus
1856 1464 1911 1503 li-

509 1529 588 1568 bris
607 1529 719 1568 editis
739 1538 938 1569 commota
956 1530 1171 1568 multitudo
1189 1531 1356 1569 contulit
1371 1531 1406 1569 se
1426 1530 1472 1569 ad
1490 1529 1652 1568 eandem
1667 1529 1915 1583 potiffimum

510 1594 777 1648 disciplinam;
808 1594 882 1633 five
898 1595 1003 1647 quod
1022 1604 1100 1647 erat
1119 1596 1280 1647 cognitu
1303 1595 1494 1648 perfacilis
1506 1613 1522 1640 ὲ
1548 1595 1623 1637 sive
1644 1595 1748 1648 quod
1768 1595 1910 1634 invita-

511 1660 624 1700 batur
642 1660 832 1700 illecebris
852 1660 1002 1700 blandis
1022 1660 1229 1714 voluptatis
1245 1680 1258 1706 ³
1289 1661 1361 1700 five
1380 1662 1515 1706 etiam,
1546 1662 1636 1713 quia
1655 1661 1754 1700 nihil
1781 1661 1911 1714 prola-

513 1734 599 1764 tum
632 1734 710 1763 erat
739 1725 893 1770 melius,
924 1724 1038 1769 illud,
1063 1725 1169 1778 quod
1199 1736 1292 1771 erat,
1322 1727 1514 1766 tenebant.
1559 1726 1648 1766 Post
1667 1725 1913 1765 Amafinium

512 1799 641 1829 autem
661 1790 779 1829 multi
798 1789 967 1842 ejusdem
988 1790 1119 1829 aemuli
1139 1791 1311 1836 rationis,
1327 1792 1451 1832 multa
1462 1805 1555 1831 cum
1575 1790 1811 1844 scripfiss‘ent,
1832 1791 1913 1830 Ita-

511 1857 605 1896 liam
626 1865 748 1896 totam
772 1866 1083 1910 occupaverunt:
1113 1856 1297 1910 quodque
1312 1858 1531 1897 maximum
1550 1866 1826 1910 argumentum
1842 1856 1914 1902 est,

514 1936 592 1962 non
612 1922 691 1961 dici
720 1922 786 1961 illa
806 1921 1012 1967 subtiliter,
1042 1923 1148 1975 quod
1178 1933 1214 1961 et
1235 1922 1347 1963 facile
1367 1923 1594 1968 ediscantur,
1625 1933 1664 1962 et
1683 1923 1730 1962 ab
1749 1922 1915 1962 induetis

516 1989 741 2043 probentur,
772 1988 811 2027 id
832 1988 891 2027 illi
908 1987 1200 2027 firmamentum
1219 1988 1289 2027 effi:
1309 1989 1519 2042 disciplinae
1538 1999 1689 2042 putant,

571 2055 644 2094 IV.
676 2055 748 2094 Sed
767 2052 948 2094 defendat
979 2055 1087 2108 quod
1105 2054 1265 2108 quisque
1285 2055 1422 2099 sentin
1454 2055 1540 2094 sunt
1573 2055 1678 2095 enim
1697 2053 1846 2106 judicia
1865 2054 1915 2094 li-

518 2122 628 2160 bera:
664 2134 732 2159 nos
761 2120 982 2159 institutum
1004 2121 1237 2166 tenebimus,
1256 2121 1475 2174 nulliusque
1496 2121 1609 2161 unius
1629 2121 1838 2174 disciplinae
1858 2121 1915 2159 le-

517 2188 631 2240 gibus
651 2187 830 2233 adstricti,
860 2187 1001 2239 quibus
1022 2187 1062 2226 in
1091 2187 1334 2241 philosophia
1364 2187 1563 2227 necefl‘ario
1581 2200 1795 2241 pareamus.
1821 2187 1917 2239 quid

518 2253 563 2291 s1t
593 2253 634 2291 in
665 2266 815 2306 quaque
846 2267 885 2291 re
914 2253 1084 2292 maxime
1115 2254 1311 2306 probabile
1337 2253 1484 2307 semper
1504 2254 1759 2306 requiremus.
1800 2252 1918 2304 Qod

519 2333 610 2358 cum
631 2318 723 2373 saepe
743 2317 849 2365 alias,
871 2327 956 2358 tum
978 2333 1098 2372 nuper
1118 2320 1156 2357 in
1174 2319 1396 2359 Tusculano
1414 2319 1575 2360 studiose
1591 2319 1755 2372 egimus.
1785 2318 1918 2371 ltaque

519 2383 698 2438 expositis
720 2383 838 2423 tridui
857 2384 1193 2438 disputationibus,
1224 2396 1382 2438 quartus
1402 2386 1481 2425 dies
1503 2384 1576 2424 hoc
1598 2386 1698 2425 libro
1714 2384 1917 2424 concludi·

521 2460 596 2488 tur.
644 2451 701 2489 Ut
727 2450 833 2490 enim
853 2451 893 2489 in
923 2449 1142 2490 inferiorem
1169 2451 1472 2490 ambulationem
1503 2451 1785 2497 descendimus.
1813 2449 1918 2503 quod

521 2515 732 2555 feceramus
753 2517 856 2556 idem
873 2516 1132 2572 superioribus
1151 2518 1300 2561 dicbus.
1332 2518 1382 2557 sic
1402 2520 1480 2557 aaa
1502 2531 1557 2558 rcs
1577 2518 1644 2557 cst.
