<?xml version="1.0" encoding="UTF-8"?>
<!DOCTYPE html PUBLIC "-//W3C//DTD XHTML 1.0 Transitional//EN"
    "http://www.w3.org/TR/xhtml1/DTD/xhtml1-transitional.dtd">
<html xmlns="http://www.w3.org/1999/xhtml" xml:lang="en" lang="en">
 <head>
  <title>
</title>
<meta http-equiv="Content-Type" content="text/html;charset=utf-8" />
  <meta name='ocr-system' content='tesseract 3.04.00' />
  <meta name='ocr-capabilities' content='ocr_page ocr_carea ocr_par ocr_line ocrx_word'/>
</head>
<body>
  <div class='ocr_page' id='page_1' title='image "./operacumindicibu02ciceuoft_0440.png"; bbox 0 0 2330 2983; ppageno 0'>
   <div class='ocr_carea' id='block_1_1' title="bbox 575 289 1702 350">
    <p class='ocr_par' dir='ltr' id='par_1_1' title="bbox 575 289 1702 350">
     <span class='ocr_line' id='line_1_1' title="bbox 575 289 1702 350; baseline -0.009 -13"><span class='ocrx_word' id='word_1_1' title='bbox 575 310 655 350; x_wconf 84' lang='lat'>432</span> <span class='ocrx_word' id='word_1_2' title='bbox 836 293 929 332; x_wconf 81' lang='lat' dir='ltr'>DE</span> <span class='ocrx_word' id='word_1_3' title='bbox 987 291 1310 330; x_wconf 84' lang='lat' dir='ltr'><strong>NATURA</strong></span> <span class='ocrx_word' id='word_1_4' title='bbox 1367 289 1702 328; x_wconf 84' lang='lat' dir='ltr'>DEORUM</span> 
     </span>
    </p>
   </div>
   <div class='ocr_carea' id='block_1_2' title="bbox 565 386 1976 2586">
    <p class='ocr_par' dir='ltr' id='par_1_2' title="bbox 575 386 1964 899">
     <span class='ocr_line' id='line_1_2' title="bbox 575 386 1959 444; baseline -0.005 -11"><span class='ocrx_word' id='word_1_5' title='bbox 575 393 766 434; x_wconf 79' lang='lat' dir='ltr'>eximium</span> <span class='ocrx_word' id='word_1_6' title='bbox 786 389 907 444; x_wconf 89' lang='lat' dir='ltr'>potest</span> <span class='ocrx_word' id='word_1_7' title='bbox 927 388 997 427; x_wconf 87' lang='lat' dir='ltr'>effe</span> <span class='ocrx_word' id='word_1_8' title='bbox 1016 389 1057 426; x_wconf 88' lang='lat' dir='ltr'>in</span> <span class='ocrx_word' id='word_1_9' title='bbox 1077 401 1118 426; x_wconf 83' lang='lat' dir='ltr'>ea</span> <span class='ocrx_word' id='word_1_10' title='bbox 1137 397 1280 432; x_wconf 86' lang='lat' dir='ltr'>natura,</span> <span class='ocrx_word' id='word_1_11' title='bbox 1298 400 1396 439; x_wconf 82' lang='lat' dir='ltr'>quae,</span> <span class='ocrx_word' id='word_1_12' title='bbox 1415 386 1477 425; x_wconf 88' lang='lat' dir='ltr'>sua</span> <span class='ocrx_word' id='word_1_13' title='bbox 1490 386 1685 439; x_wconf 87' lang='lat' dir='ltr'>voluptate</span> <span class='ocrx_word' id='word_1_14' title='bbox 1703 386 1844 431; x_wconf 84' lang='lat' dir='ltr'>laetans,</span> <span class='ocrx_word' id='word_1_15' title='bbox 1863 386 1959 426; x_wconf 86' lang='lat' dir='ltr'>nihil</span> 
     </span>
     <span class='ocr_line' id='line_1_3' title="bbox 576 451 1962 507; baseline -0.005 -10"><span class='ocrx_word' id='word_1_16' title='bbox 576 472 647 498; x_wconf 91' lang='lat' dir='ltr'>nec</span> <span class='ocrx_word' id='word_1_17' title='bbox 666 459 793 496; x_wconf 67' lang='lat' dir='ltr'>astura</span> <span class='ocrx_word' id='word_1_18' title='bbox 825 455 868 494; x_wconf 87' lang='lat' dir='ltr'>fit</span> <span class='ocrx_word' id='word_1_19' title='bbox 888 467 1074 507; x_wconf 85' lang='lat' dir='ltr'>unquam,</span> <span class='ocrx_word' id='word_1_20' title='bbox 1109 467 1233 505; x_wconf 91' lang='lat' dir='ltr'>neque</span> <span class='ocrx_word' id='word_1_21' title='bbox 1252 461 1349 506; x_wconf 87' lang='lat' dir='ltr'>agat,</span> <span class='ocrx_word' id='word_1_22' title='bbox 1384 465 1507 505; x_wconf 89' lang='lat' dir='ltr'>neque</span> <span class='ocrx_word' id='word_1_23' title='bbox 1539 451 1689 504; x_wconf 90' lang='lat' dir='ltr'>egerit?</span> <span class='ocrx_word' id='word_1_24' title='bbox 1734 452 1832 502; x_wconf 84' lang='lat' dir='ltr'>Qae</span> <span class='ocrx_word' id='word_1_25' title='bbox 1850 465 1962 504; x_wconf 90' lang='lat' dir='ltr'>porro</span> 
     </span>
     <span class='ocr_line' id='line_1_4' title="bbox 575 517 1962 577; baseline -0.004 -16"><span class='ocrx_word' id='word_1_26' title='bbox 575 525 693 577; x_wconf 88' lang='lat' dir='ltr'>pietas</span> <span class='ocrx_word' id='word_1_27' title='bbox 713 522 748 559; x_wconf 93' lang='lat' dir='ltr'>ei</span> <span class='ocrx_word' id='word_1_28' title='bbox 768 521 940 565; x_wconf 86' lang='lat' dir='ltr'>debetur,</span> <span class='ocrx_word' id='word_1_29' title='bbox 961 533 981 558; x_wconf 93' lang='lat' dir='ltr'>a</span> <span class='ocrx_word' id='word_1_30' title='bbox 1001 533 1081 572; x_wconf 90' lang='lat' dir='ltr'>quo</span> <span class='ocrx_word' id='word_1_31' title='bbox 1100 517 1198 557; x_wconf 85' lang='lat' dir='ltr'><strong>nihil</strong></span> <span class='ocrx_word' id='word_1_32' title='bbox 1224 517 1438 571; x_wconf 88' lang='lat' dir='ltr'>acceperis?</span> <span class='ocrx_word' id='word_1_33' title='bbox 1469 526 1532 555; x_wconf 87' lang='lat' dir='ltr'>aut</span> <span class='ocrx_word' id='word_1_34' title='bbox 1551 517 1646 570; x_wconf 90' lang='lat' dir='ltr'>quid</span> <span class='ocrx_word' id='word_1_35' title='bbox 1661 518 1834 562; x_wconf 91' lang='lat' dir='ltr'>omnino,</span> <span class='ocrx_word' id='word_1_36' title='bbox 1853 518 1962 569; x_wconf 82' lang='lat' dir='ltr'>cujus</span> 
     </span>
     <span class='ocr_line' id='line_1_5' title="bbox 576 582 1964 636; baseline -0.005 -10"><span class='ocrx_word' id='word_1_37' title='bbox 576 588 731 626; x_wconf 90' lang='lat' dir='ltr'>nullum</span> <span class='ocrx_word' id='word_1_38' title='bbox 761 585 943 624; x_wconf 89' lang='lat' dir='ltr'>meritum</span> <span class='ocrx_word' id='word_1_39' title='bbox 974 584 1032 629; x_wconf 88' lang='lat' dir='ltr'>fit,</span> <span class='ocrx_word' id='word_1_40' title='bbox 1062 584 1097 621; x_wconf 91' lang='lat' dir='ltr'>ei</span> <span class='ocrx_word' id='word_1_41' title='bbox 1119 583 1248 622; x_wconf 91' lang='lat' dir='ltr'>deberi</span> <span class='ocrx_word' id='word_1_42' title='bbox 1267 582 1416 636; x_wconf 89' lang='lat' dir='ltr'>potest?</span> <span class='ocrx_word' id='word_1_43' title='bbox 1448 582 1514 620; x_wconf 88' lang='lat' dir='ltr'>Est</span> <span class='ocrx_word' id='word_1_44' title='bbox 1546 583 1652 621; x_wconf 89' lang='lat' dir='ltr'>enim</span> <span class='ocrx_word' id='word_1_45' title='bbox 1680 583 1797 635; x_wconf 85' lang='lat' dir='ltr'>pietas</span> <span class='ocrx_word' id='word_1_46' title='bbox 1820 582 1964 634; x_wconf 89' lang='lat' dir='ltr'>justitia</span> 
     </span>
     <span class='ocr_line' id='line_1_6' title="bbox 576 647 1964 701; baseline -0.004 -10"><span class='ocrx_word' id='word_1_47' title='bbox 576 651 772 691; x_wconf 83' lang='lat' dir='ltr'>adversum</span> <span class='ocrx_word' id='word_1_48' title='bbox 803 651 930 694; x_wconf 81' lang='lat' dir='ltr'>Deos;</span> <span class='ocrx_word' id='word_1_49' title='bbox 962 663 1053 687; x_wconf 87' lang='lat' dir='ltr'>cum</span> <span class='ocrx_word' id='word_1_50' title='bbox 1074 649 1214 701; x_wconf 88' lang='lat' dir='ltr'>quibus</span> <span class='ocrx_word' id='word_1_51' title='bbox 1235 648 1328 700; x_wconf 91' lang='lat' dir='ltr'>quid</span> <span class='ocrx_word' id='word_1_52' title='bbox 1349 648 1470 700; x_wconf 91' lang='lat' dir='ltr'>potest</span> <span class='ocrx_word' id='word_1_53' title='bbox 1490 648 1599 686; x_wconf 90' lang='lat' dir='ltr'>nobis</span> <span class='ocrx_word' id='word_1_54' title='bbox 1629 647 1699 686; x_wconf 85' lang='lat' dir='ltr'>effe</span> <span class='ocrx_word' id='word_1_55' title='bbox 1727 648 1840 699; x_wconf 88' lang='lat' dir='ltr'>juris,</span> <span class='ocrx_word' id='word_1_56' title='bbox 1871 661 1964 686; x_wconf 86' lang='lat' dir='ltr'>cum</span> 
     </span>
     <span class='ocr_line' id='line_1_7' title="bbox 575 712 1963 756; baseline -0.004 0"><span class='ocrx_word' id='word_1_57' title='bbox 575 717 730 756; x_wconf 89' lang='lat' dir='ltr'>homini</span> <span class='ocrx_word' id='word_1_58' title='bbox 751 716 856 754; x_wconf 90' lang='lat' dir='ltr'>nulla</span> <span class='ocrx_word' id='word_1_59' title='bbox 875 728 966 753; x_wconf 89' lang='lat' dir='ltr'>cum</span> <span class='ocrx_word' id='word_1_60' title='bbox 987 715 1073 752; x_wconf 93' lang='lat' dir='ltr'>Deo</span> <span class='ocrx_word' id='word_1_61' title='bbox 1092 714 1136 751; x_wconf 86' lang='lat' dir='ltr'>fit</span> <span class='ocrx_word' id='word_1_62' title='bbox 1152 714 1409 752; x_wconf 86' lang='lat' dir='ltr'>communitas</span> <span class='ocrx_word' id='word_1_63' title='bbox 1426 714 1438 750; x_wconf 89' lang='lat'>?</span> <span class='ocrx_word' id='word_1_64' title='bbox 1471 713 1651 753; x_wconf 67' lang='lat' dir='ltr'>Smstitas</span> <span class='ocrx_word' id='word_1_65' title='bbox 1672 721 1799 751; x_wconf 86' lang='lat' dir='ltr'>autem</span> <span class='ocrx_word' id='word_1_66' title='bbox 1819 712 1871 750; x_wconf 89' lang='lat' dir='ltr'>est</span> <span class='ocrx_word' id='word_1_67' title='bbox 1891 712 1963 751; x_wconf 85' lang='lat' dir='ltr'>sci-</span> 
     </span>
     <span class='ocr_line' id='line_1_8' title="bbox 578 778 1964 830; baseline -0.004 -8"><span class='ocrx_word' id='word_1_68' title='bbox 578 783 681 821; x_wconf 90' lang='lat' dir='ltr'>entia</span> <span class='ocrx_word' id='word_1_69' title='bbox 700 781 948 820; x_wconf 90' lang='lat' dir='ltr'>colendorum</span> <span class='ocrx_word' id='word_1_70' title='bbox 970 780 1143 816; x_wconf 89' lang='lat' dir='ltr'>Deorum</span> <span class='ocrx_word' id='word_1_71' title='bbox 1158 796 1171 822; x_wconf 69' lang='grc' dir='ltr'><strong><em>ς</em></strong></span> <span class='ocrx_word' id='word_1_72' title='bbox 1202 779 1270 830; x_wconf 91' lang='lat' dir='ltr'>qui</span> <span class='ocrx_word' id='word_1_73' title='bbox 1300 778 1550 830; x_wconf 86' lang='lat' dir='ltr'>quamobrem</span> <span class='ocrx_word' id='word_1_74' title='bbox 1580 779 1731 816; x_wconf 87' lang='lat' dir='ltr'>colendi</span> <span class='ocrx_word' id='word_1_75' title='bbox 1757 779 1856 823; x_wconf 89' lang='lat' dir='ltr'>sunt,</span> <span class='ocrx_word' id='word_1_76' title='bbox 1888 791 1964 816; x_wconf 86' lang='lat' dir='ltr'>nou</span> 
     </span>
     <span class='ocr_line' id='line_1_9' title="bbox 578 843 1713 899; baseline -0.005 -12"><span class='ocrx_word' id='word_1_77' title='bbox 578 849 767 899; x_wconf 86' lang='lat' dir='ltr'>intelligo,</span> <span class='ocrx_word' id='word_1_78' title='bbox 789 846 898 884; x_wconf 91' lang='lat' dir='ltr'>nullo</span> <span class='ocrx_word' id='word_1_79' title='bbox 917 857 986 882; x_wconf 90' lang='lat' dir='ltr'>nec</span> <span class='ocrx_word' id='word_1_80' title='bbox 1006 852 1162 896; x_wconf 89' lang='lat' dir='ltr'>accepto</span> <span class='ocrx_word' id='word_1_81' title='bbox 1181 844 1228 881; x_wconf 88' lang='lat' dir='ltr'>ab</span> <span class='ocrx_word' id='word_1_82' title='bbox 1248 844 1310 888; x_wconf 84' lang='lat' dir='ltr'>iis,</span> <span class='ocrx_word' id='word_1_83' title='bbox 1330 857 1400 881; x_wconf 87' lang='lat' dir='ltr'>nec</span> <span class='ocrx_word' id='word_1_84' title='bbox 1420 843 1576 895; x_wconf 89' lang='lat' dir='ltr'>sperato,</span> <span class='ocrx_word' id='word_1_85' title='bbox 1597 843 1713 881; x_wconf 87' lang='lat' dir='ltr'>bono.</span> 
     </span>
    </p>

    <p class='ocr_par' dir='ltr' id='par_1_3' title="bbox 578 908 1972 1488">
     <span class='ocr_line' id='line_1_10' title="bbox 632 908 1966 963; baseline -0.004 -11"><span class='ocrx_word' id='word_1_86' title='bbox 632 913 762 952; x_wconf 90' lang='lat' dir='ltr'>XLII.</span> <span class='ocrx_word' id='word_1_87' title='bbox 795 910 904 963; x_wconf 85' lang='lat' dir='ltr'>Qid</span> <span class='ocrx_word' id='word_1_88' title='bbox 923 909 975 948; x_wconf 92' lang='lat' dir='ltr'>est</span> <span class='ocrx_word' id='word_1_89' title='bbox 994 919 1136 954; x_wconf 87' lang='lat' dir='ltr'>autem,</span> <span class='ocrx_word' id='word_1_90' title='bbox 1169 909 1274 961; x_wconf 79' lang='lat' dir='ltr'>quod</span> <span class='ocrx_word' id='word_1_91' title='bbox 1295 910 1398 947; x_wconf 87' lang='lat' dir='ltr'>Deos</span> <span class='ocrx_word' id='word_1_92' title='bbox 1425 922 1648 947; x_wconf 90' lang='lat' dir='ltr'>veneremur</span> <span class='ocrx_word' id='word_1_93' title='bbox 1667 918 1821 961; x_wconf 90' lang='lat' dir='ltr'>propter</span> <span class='ocrx_word' id='word_1_94' title='bbox 1839 908 1966 947; x_wconf 82' lang='lat' dir='ltr'>admi-</span> 
     </span>
     <span class='ocr_line' id='line_1_11' title="bbox 578 973 1966 1029; baseline -0.004 -12"><span class='ocrx_word' id='word_1_95' title='bbox 578 979 764 1017; x_wconf 84' lang='lat' dir='ltr'>rationem</span> <span class='ocrx_word' id='word_1_96' title='bbox 783 977 862 1029; x_wconf 88' lang='lat' dir='ltr'>ejus</span> <span class='ocrx_word' id='word_1_97' title='bbox 883 984 1037 1019; x_wconf 85' lang='lat' dir='ltr'>naturae,</span> <span class='ocrx_word' id='word_1_98' title='bbox 1059 975 1100 1012; x_wconf 90' lang='lat' dir='ltr'>in</span> <span class='ocrx_word' id='word_1_99' title='bbox 1120 987 1196 1026; x_wconf 91' lang='lat' dir='ltr'>qua</span> <span class='ocrx_word' id='word_1_100' title='bbox 1214 974 1411 1027; x_wconf 89' lang='lat' dir='ltr'>egregium</span> <span class='ocrx_word' id='word_1_101' title='bbox 1432 973 1532 1012; x_wconf 90' lang='lat' dir='ltr'>nihil</span> <span class='ocrx_word' id='word_1_102' title='bbox 1551 973 1726 1013; x_wconf 87' lang='lat' dir='ltr'>videmus</span> <span class='ocrx_word' id='word_1_103' title='bbox 1742 974 1755 1010; x_wconf 91' lang='lat'>?</span> <span class='ocrx_word' id='word_1_104' title='bbox 1778 973 1884 1012; x_wconf 89' lang='lat' dir='ltr'>Nam</span> <span class='ocrx_word' id='word_1_105' title='bbox 1903 973 1966 1011; x_wconf 89' lang='lat' dir='ltr'>su-</span> 
     </span>
     <span class='ocr_line' id='line_1_12' title="bbox 578 1039 1967 1098; baseline -0.004 -16"><span class='ocrx_word' id='word_1_106' title='bbox 578 1044 808 1098; x_wconf 88' lang='lat' dir='ltr'>perstitione,</span> <span class='ocrx_word' id='word_1_107' title='bbox 823 1041 928 1094; x_wconf 92' lang='lat' dir='ltr'>quod</span> <span class='ocrx_word' id='word_1_108' title='bbox 946 1041 1101 1093; x_wconf 90' lang='lat' dir='ltr'>gloriari</span> <span class='ocrx_word' id='word_1_109' title='bbox 1121 1040 1260 1086; x_wconf 86' lang='lat' dir='ltr'>soletis,</span> <span class='ocrx_word' id='word_1_110' title='bbox 1282 1039 1393 1080; x_wconf 88' lang='lat' dir='ltr'>facile</span> <span class='ocrx_word' id='word_1_111' title='bbox 1413 1039 1465 1078; x_wconf 90' lang='lat' dir='ltr'>est</span> <span class='ocrx_word' id='word_1_112' title='bbox 1485 1040 1648 1085; x_wconf 89' lang='lat' dir='ltr'>liberari,</span> <span class='ocrx_word' id='word_1_113' title='bbox 1668 1053 1762 1078; x_wconf 88' lang='lat' dir='ltr'>cum</span> <span class='ocrx_word' id='word_1_114' title='bbox 1776 1039 1967 1078; x_wconf 88' lang='lat' dir='ltr'>sustuleris</span> 
     </span>
     <span class='ocr_line' id='line_1_13' title="bbox 578 1104 1966 1158; baseline -0.004 -9"><span class='ocrx_word' id='word_1_115' title='bbox 578 1123 738 1149; x_wconf 89' lang='lat' dir='ltr'>omnem</span> <span class='ocrx_word' id='word_1_116' title='bbox 763 1109 844 1147; x_wconf 89' lang='lat' dir='ltr'>vim</span> <span class='ocrx_word' id='word_1_117' title='bbox 871 1109 1059 1146; x_wconf 86' lang='lat' dir='ltr'><strong>Deorum.</strong></span> <span class='ocrx_word' id='word_1_118' title='bbox 1105 1107 1190 1146; x_wconf 87' lang='lat' dir='ltr'>Nifi</span> <span class='ocrx_word' id='word_1_119' title='bbox 1220 1105 1318 1145; x_wconf 89' lang='lat' dir='ltr'>forte</span> <span class='ocrx_word' id='word_1_120' title='bbox 1349 1107 1572 1158; x_wconf 85' lang='lat' dir='ltr'>Diagoram,</span> <span class='ocrx_word' id='word_1_121' title='bbox 1606 1115 1671 1144; x_wconf 88' lang='lat' dir='ltr'>aut</span> <span class='ocrx_word' id='word_1_122' title='bbox 1696 1104 1966 1148; x_wconf 81' lang='lat' dir='ltr'>Theodorum,</span> 
     </span>
     <span class='ocr_line' id='line_1_14' title="bbox 579 1170 1967 1228; baseline -0.004 -14"><span class='ocrx_word' id='word_1_123' title='bbox 579 1176 649 1228; x_wconf 90' lang='lat' dir='ltr'>qui</span> <span class='ocrx_word' id='word_1_124' title='bbox 668 1175 828 1213; x_wconf 85' lang='lat' dir='ltr'>omnino</span> <span class='ocrx_word' id='word_1_125' title='bbox 846 1174 950 1212; x_wconf 89' lang='lat' dir='ltr'>Deos</span> <span class='ocrx_word' id='word_1_126' title='bbox 969 1172 1040 1211; x_wconf 88' lang='lat' dir='ltr'>effe</span> <span class='ocrx_word' id='word_1_127' title='bbox 1059 1172 1261 1224; x_wconf 86' lang='lat' dir='ltr'>negabant,</span> <span class='ocrx_word' id='word_1_128' title='bbox 1296 1171 1420 1211; x_wconf 90' lang='lat' dir='ltr'>censes</span> <span class='ocrx_word' id='word_1_129' title='bbox 1442 1171 1710 1223; x_wconf 86' lang='lat' dir='ltr'>superstitiosos</span> <span class='ocrx_word' id='word_1_130' title='bbox 1729 1170 1800 1209; x_wconf 86' lang='lat' dir='ltr'>effe</span> <span class='ocrx_word' id='word_1_131' title='bbox 1820 1170 1967 1223; x_wconf 83' lang='lat' dir='ltr'>potuis-</span> 
     </span>
     <span class='ocr_line' id='line_1_15' title="bbox 579 1234 1968 1291; baseline -0.004 -12"><span class='ocrx_word' id='word_1_132' title='bbox 579 1241 629 1279; x_wconf 88' lang='lat' dir='ltr'>se.</span> <span class='ocrx_word' id='word_1_133' title='bbox 672 1241 758 1291; x_wconf 89' lang='lat' dir='ltr'>Ego</span> <span class='ocrx_word' id='word_1_134' title='bbox 776 1252 823 1276; x_wconf 88' lang='lat' dir='ltr'>ne</span> <span class='ocrx_word' id='word_1_135' title='bbox 844 1239 1088 1290; x_wconf 84' lang='lat' dir='ltr'>Protagoram</span> <span class='ocrx_word' id='word_1_136' title='bbox 1110 1237 1269 1289; x_wconf 89' lang='lat' dir='ltr'>quidem</span> <span class='ocrx_word' id='word_1_137' title='bbox 1285 1255 1296 1281; x_wconf 71' lang='grc' dir='ltr'><strong><em>ς</em></strong></span> <span class='ocrx_word' id='word_1_138' title='bbox 1327 1238 1391 1275; x_wconf 90' lang='lat' dir='ltr'>cui</span> <span class='ocrx_word' id='word_1_139' title='bbox 1411 1246 1591 1275; x_wconf 90' lang='lat' dir='ltr'>neutrum</span> <span class='ocrx_word' id='word_1_140' title='bbox 1612 1236 1782 1288; x_wconf 89' lang='lat' dir='ltr'>liquerit,</span> <span class='ocrx_word' id='word_1_141' title='bbox 1809 1249 1878 1274; x_wconf 89' lang='lat' dir='ltr'>nec</span> <span class='ocrx_word' id='word_1_142' title='bbox 1897 1234 1968 1273; x_wconf 86' lang='lat' dir='ltr'>esse</span> 
     </span>
     <span class='ocr_line' id='line_1_16' title="bbox 580 1301 1972 1348; baseline -0.004 -5"><span class='ocrx_word' id='word_1_143' title='bbox 580 1306 701 1348; x_wconf 89' lang='lat' dir='ltr'>Deos,</span> <span class='ocrx_word' id='word_1_144' title='bbox 721 1317 791 1341; x_wconf 89' lang='lat' dir='ltr'>nec</span> <span class='ocrx_word' id='word_1_145' title='bbox 813 1316 889 1340; x_wconf 87' lang='lat' dir='ltr'>non</span> <span class='ocrx_word' id='word_1_146' title='bbox 907 1301 993 1340; x_wconf 79' lang='lat' dir='ltr'>effe.</span> <span class='ocrx_word' id='word_1_147' title='bbox 1035 1303 1190 1340; x_wconf 92' lang='lat' dir='ltr'>Horum</span> <span class='ocrx_word' id='word_1_148' title='bbox 1212 1302 1316 1340; x_wconf 89' lang='lat' dir='ltr'>enim</span> <span class='ocrx_word' id='word_1_149' title='bbox 1338 1302 1529 1340; x_wconf 86' lang='lat' dir='ltr'>sententiae</span> <span class='ocrx_word' id='word_1_150' title='bbox 1547 1302 1729 1340; x_wconf 83' lang='lat' dir='ltr'>omnium</span> <span class='ocrx_word' id='word_1_151' title='bbox 1753 1315 1833 1339; x_wconf 86' lang='lat' dir='ltr'>non</span> <span class='ocrx_word' id='word_1_152' title='bbox 1852 1301 1972 1340; x_wconf 88' lang='lat' dir='ltr'>modo</span> 
     </span>
     <span class='ocr_line' id='line_1_17' title="bbox 580 1365 1970 1423; baseline -0.004 -14"><span class='ocrx_word' id='word_1_153' title='bbox 580 1369 885 1423; x_wconf 88' lang='lat' dir='ltr'>superstitionem</span> <span class='ocrx_word' id='word_1_154' title='bbox 916 1367 1073 1412; x_wconf 78' lang='lat' dir='ltr'>tollunt,</span> <span class='ocrx_word' id='word_1_155' title='bbox 1107 1367 1147 1405; x_wconf 85' lang='lat' dir='ltr'>in</span> <span class='ocrx_word' id='word_1_156' title='bbox 1175 1381 1250 1419; x_wconf 85' lang='lat' dir='ltr'>qua</span> <span class='ocrx_word' id='word_1_157' title='bbox 1278 1367 1373 1406; x_wconf 88' lang='lat' dir='ltr'>inest</span> <span class='ocrx_word' id='word_1_158' title='bbox 1401 1368 1518 1406; x_wconf 89' lang='lat' dir='ltr'>timor</span> <span class='ocrx_word' id='word_1_159' title='bbox 1548 1367 1670 1407; x_wconf 87' lang='lat' dir='ltr'>inanis</span> <span class='ocrx_word' id='word_1_160' title='bbox 1689 1368 1877 1411; x_wconf 84' lang='lat' dir='ltr'>Deorum,</span> <span class='ocrx_word' id='word_1_161' title='bbox 1910 1365 1970 1404; x_wconf 87' lang='lat' dir='ltr'>sed</span> 
     </span>
     <span class='ocr_line' id='line_1_18' title="bbox 581 1433 1722 1488; baseline -0.005 -12"><span class='ocrx_word' id='word_1_162' title='bbox 581 1438 699 1476; x_wconf 88' lang='lat' dir='ltr'>etiam</span> <span class='ocrx_word' id='word_1_163' title='bbox 719 1435 958 1488; x_wconf 85' lang='lat' dir='ltr'>religionem,</span> <span class='ocrx_word' id='word_1_164' title='bbox 978 1447 1063 1486; x_wconf 85' lang='lat' dir='ltr'>quae</span> <span class='ocrx_word' id='word_1_165' title='bbox 1083 1434 1258 1472; x_wconf 90' lang='lat' dir='ltr'>Deorum</span> <span class='ocrx_word' id='word_1_166' title='bbox 1278 1433 1387 1472; x_wconf 88' lang='lat' dir='ltr'>cultu</span> <span class='ocrx_word' id='word_1_167' title='bbox 1406 1433 1471 1486; x_wconf 90' lang='lat' dir='ltr'>pio</span> <span class='ocrx_word' id='word_1_168' title='bbox 1489 1433 1722 1472; x_wconf 86' lang='lat' dir='ltr'>continetur.</span> 
     </span>
    </p>

    <p class='ocr_par' dir='ltr' id='par_1_4' title="bbox 582 1497 1976 2402">
     <span class='ocr_line' id='line_1_19' title="bbox 635 1497 1970 1553; baseline -0.003 -14"><span class='ocrx_word' id='word_1_169' title='bbox 635 1500 775 1553; x_wconf 84' lang='lat' dir='ltr'>Qid?</span> <span class='ocrx_word' id='word_1_170' title='bbox 806 1500 847 1543; x_wconf 91' lang='lat' dir='ltr'>ii,</span> <span class='ocrx_word' id='word_1_171' title='bbox 878 1498 945 1551; x_wconf 90' lang='lat' dir='ltr'>qui</span> <span class='ocrx_word' id='word_1_172' title='bbox 970 1499 1164 1543; x_wconf 86' lang='lat' dir='ltr'>dixerunt,</span> <span class='ocrx_word' id='word_1_173' title='bbox 1197 1507 1318 1538; x_wconf 88' lang='lat' dir='ltr'>totam</span> <span class='ocrx_word' id='word_1_174' title='bbox 1337 1499 1383 1537; x_wconf 90' lang='lat' dir='ltr'>de</span> <span class='ocrx_word' id='word_1_175' title='bbox 1404 1499 1492 1538; x_wconf 87' lang='lat' dir='ltr'>Diis</span> <span class='ocrx_word' id='word_1_176' title='bbox 1511 1497 1796 1538; x_wconf 85' lang='lat' dir='ltr'>immortalibus</span> <span class='ocrx_word' id='word_1_177' title='bbox 1815 1497 1970 1549; x_wconf 85' lang='lat' dir='ltr'>opinio-</span> 
     </span>
     <span class='ocr_line' id='line_1_20' title="bbox 582 1561 1970 1616; baseline -0.003 -12"><span class='ocrx_word' id='word_1_178' title='bbox 582 1579 672 1604; x_wconf 88' lang='lat' dir='ltr'>nem</span> <span class='ocrx_word' id='word_1_179' title='bbox 693 1564 821 1602; x_wconf 59' lang='lat' dir='ltr'>fictam</span> <span class='ocrx_word' id='word_1_180' title='bbox 841 1563 912 1602; x_wconf 84' lang='lat' dir='ltr'>effe</span> <span class='ocrx_word' id='word_1_181' title='bbox 941 1563 988 1601; x_wconf 91' lang='lat' dir='ltr'>ab</span> <span class='ocrx_word' id='word_1_182' title='bbox 1019 1563 1246 1602; x_wconf 88' lang='lat' dir='ltr'>hominibus</span> <span class='ocrx_word' id='word_1_183' title='bbox 1266 1564 1497 1614; x_wconf 80' lang='lat' dir='ltr'>sapientibus</span> <span class='ocrx_word' id='word_1_184' title='bbox 1523 1563 1742 1616; x_wconf 84' lang='lat' dir='ltr'>reipublicae</span> <span class='ocrx_word' id='word_1_185' title='bbox 1762 1561 1884 1606; x_wconf 84' lang='lat' dir='ltr'>causa,</span> <span class='ocrx_word' id='word_1_186' title='bbox 1914 1571 1970 1606; x_wconf 83' lang='lat' dir='ltr'>ut.</span> 
     </span>
     <span class='ocr_line' id='line_1_21' title="bbox 582 1627 1973 1683; baseline -0.002 -14"><span class='ocrx_word' id='word_1_187' title='bbox 582 1643 681 1683; x_wconf 88' lang='lat' dir='ltr'>quos</span> <span class='ocrx_word' id='word_1_188' title='bbox 713 1630 807 1668; x_wconf 89' lang='lat' dir='ltr'>ratio</span> <span class='ocrx_word' id='word_1_189' title='bbox 836 1641 914 1666; x_wconf 91' lang='lat' dir='ltr'>non</span> <span class='ocrx_word' id='word_1_190' title='bbox 948 1627 1080 1680; x_wconf 81' lang='lat' dir='ltr'>posset,</span> <span class='ocrx_word' id='word_1_191' title='bbox 1110 1640 1172 1666; x_wconf 84' lang='lat' dir='ltr'>eos</span> <span class='ocrx_word' id='word_1_192' title='bbox 1203 1627 1250 1665; x_wconf 89' lang='lat' dir='ltr'>ad</span> <span class='ocrx_word' id='word_1_193' title='bbox 1273 1627 1450 1666; x_wconf 87' lang='lat' dir='ltr'>officium</span> <span class='ocrx_word' id='word_1_194' title='bbox 1485 1627 1618 1679; x_wconf 89' lang='lat' dir='ltr'>religio</span> <span class='ocrx_word' id='word_1_195' title='bbox 1648 1627 1815 1671; x_wconf 83' lang='lat' dir='ltr'>duceret,</span> <span class='ocrx_word' id='word_1_196' title='bbox 1845 1640 1973 1668; x_wconf 82' lang='lat' dir='ltr'>nonne</span> 
     </span>
     <span class='ocr_line' id='line_1_22' title="bbox 582 1691 1973 1746; baseline -0.003 -11"><span class='ocrx_word' id='word_1_197' title='bbox 582 1708 741 1735; x_wconf 89' lang='lat' dir='ltr'>omnem</span> <span class='ocrx_word' id='word_1_198' title='bbox 762 1694 987 1746; x_wconf 88' lang='lat' dir='ltr'>religionem</span> <span class='ocrx_word' id='word_1_199' title='bbox 1002 1691 1176 1731; x_wconf 85' lang='lat' dir='ltr'>funditus</span> <span class='ocrx_word' id='word_1_200' title='bbox 1198 1691 1426 1731; x_wconf 87' lang='lat' dir='ltr'>sustulerunt</span> <span class='ocrx_word' id='word_1_201' title='bbox 1442 1691 1455 1728; x_wconf 88' lang='lat'>?</span> <span class='ocrx_word' id='word_1_202' title='bbox 1478 1692 1613 1744; x_wconf 83' lang='lat' dir='ltr'>Qid?</span> <span class='ocrx_word' id='word_1_203' title='bbox 1636 1692 1818 1732; x_wconf 87' lang='lat' dir='ltr'>Prodicus</span> <span class='ocrx_word' id='word_1_204' title='bbox 1831 1691 1973 1738; x_wconf 83' lang='lat' dir='ltr'>Chius,</span> 
     </span>
     <span class='ocr_line' id='line_1_23' title="bbox 583 1757 1971 1813; baseline -0.002 -13"><span class='ocrx_word' id='word_1_205' title='bbox 583 1762 652 1813; x_wconf 89' lang='lat' dir='ltr'>qui</span> <span class='ocrx_word' id='word_1_206' title='bbox 672 1774 727 1806; x_wconf 87' lang='lat' dir='ltr'>ea,</span> <span class='ocrx_word' id='word_1_207' title='bbox 761 1773 845 1812; x_wconf 87' lang='lat' dir='ltr'>quae</span> <span class='ocrx_word' id='word_1_208' title='bbox 864 1758 1074 1811; x_wconf 86' lang='lat' dir='ltr'>prodessent</span> <span class='ocrx_word' id='word_1_209' title='bbox 1096 1757 1305 1798; x_wconf 88' lang='lat' dir='ltr'>hominum</span> <span class='ocrx_word' id='word_1_210' title='bbox 1324 1758 1424 1802; x_wconf 77' lang='lat' dir='ltr'>vitae,</span> <span class='ocrx_word' id='word_1_211' title='bbox 1456 1759 1632 1797; x_wconf 83' lang='lat' dir='ltr'>Deorum</span> <span class='ocrx_word' id='word_1_212' title='bbox 1650 1758 1691 1797; x_wconf 87' lang='lat' dir='ltr'>in</span> <span class='ocrx_word' id='word_1_213' title='bbox 1710 1771 1872 1798; x_wconf 83' lang='lat' dir='ltr'>numero</span> <span class='ocrx_word' id='word_1_214' title='bbox 1900 1757 1971 1797; x_wconf 78' lang='lat' dir='ltr'>ha-</span> 
     </span>
     <span class='ocr_line' id='line_1_24' title="bbox 584 1822 1973 1876; baseline -0.001 -11"><span class='ocrx_word' id='word_1_215' title='bbox 584 1827 666 1866; x_wconf 87' lang='lat' dir='ltr'>bita</span> <span class='ocrx_word' id='word_1_216' title='bbox 693 1824 765 1864; x_wconf 83' lang='lat' dir='ltr'>effe</span> <span class='ocrx_word' id='word_1_217' title='bbox 795 1825 907 1870; x_wconf 84' lang='lat' dir='ltr'>dixit,</span> <span class='ocrx_word' id='word_1_218' title='bbox 941 1836 1059 1876; x_wconf 88' lang='lat' dir='ltr'>quam</span> <span class='ocrx_word' id='word_1_219' title='bbox 1088 1822 1242 1862; x_wconf 82' lang='lat' dir='ltr'>tandem</span> <span class='ocrx_word' id='word_1_220' title='bbox 1272 1822 1495 1876; x_wconf 85' lang='lat' dir='ltr'>religionem</span> <span class='ocrx_word' id='word_1_221' title='bbox 1526 1823 1712 1876; x_wconf 86' lang='lat' dir='ltr'>reliquit?</span> <span class='ocrx_word' id='word_1_222' title='bbox 1743 1823 1881 1875; x_wconf 63' lang='lat' dir='ltr'>Qud?</span> <span class='ocrx_word' id='word_1_223' title='bbox 1903 1823 1973 1875; x_wconf 87' lang='lat' dir='ltr'>qui</span> 
     </span>
     <span class='ocr_line' id='line_1_25' title="bbox 584 1888 1974 1942; baseline -0.001 -11"><span class='ocrx_word' id='word_1_224' title='bbox 584 1901 650 1931; x_wconf 88' lang='lat' dir='ltr'>aut</span> <span class='ocrx_word' id='word_1_225' title='bbox 669 1890 800 1936; x_wconf 86' lang='lat' dir='ltr'>fortes,</span> <span class='ocrx_word' id='word_1_226' title='bbox 831 1898 895 1929; x_wconf 88' lang='lat' dir='ltr'>aut</span> <span class='ocrx_word' id='word_1_227' title='bbox 921 1889 1055 1934; x_wconf 84' lang='lat' dir='ltr'>claros,</span> <span class='ocrx_word' id='word_1_228' title='bbox 1087 1898 1150 1927; x_wconf 89' lang='lat' dir='ltr'>aut</span> <span class='ocrx_word' id='word_1_229' title='bbox 1180 1897 1352 1942; x_wconf 86' lang='lat' dir='ltr'>potentes</span> <span class='ocrx_word' id='word_1_230' title='bbox 1383 1889 1482 1928; x_wconf 83' lang='lat' dir='ltr'>viros</span> <span class='ocrx_word' id='word_1_231' title='bbox 1514 1888 1668 1928; x_wconf 83' lang='lat' dir='ltr'>tradunt</span> <span class='ocrx_word' id='word_1_232' title='bbox 1695 1888 1777 1942; x_wconf 91' lang='lat' dir='ltr'>post</span> <span class='ocrx_word' id='word_1_233' title='bbox 1806 1898 1974 1929; x_wconf 83' lang='lat' dir='ltr'>mortem</span> 
     </span>
     <span class='ocr_line' id='line_1_26' title="bbox 585 1954 1975 2008; baseline -0.002 -13"><span class='ocrx_word' id='word_1_234' title='bbox 585 1957 632 1995; x_wconf 86' lang='lat' dir='ltr'>ad</span> <span class='ocrx_word' id='word_1_235' title='bbox 653 1957 756 1995; x_wconf 89' lang='lat' dir='ltr'>Deos</span> <span class='ocrx_word' id='word_1_236' title='bbox 777 1954 929 1999; x_wconf 82' lang='lat' dir='ltr'>veniss‘e,</span> <span class='ocrx_word' id='word_1_237' title='bbox 955 1954 1091 2006; x_wconf 89' lang='lat' dir='ltr'>eosque</span> <span class='ocrx_word' id='word_1_238' title='bbox 1110 1954 1181 1993; x_wconf 89' lang='lat' dir='ltr'>esse</span> <span class='ocrx_word' id='word_1_239' title='bbox 1201 1954 1313 2007; x_wconf 85' lang='lat' dir='ltr'>ipsos,</span> <span class='ocrx_word' id='word_1_240' title='bbox 1345 1968 1442 2008; x_wconf 88' lang='lat' dir='ltr'>quos</span> <span class='ocrx_word' id='word_1_241' title='bbox 1461 1968 1530 1994; x_wconf 84' lang='lat' dir='ltr'>nos</span> <span class='ocrx_word' id='word_1_242' title='bbox 1548 1954 1686 2000; x_wconf 85' lang='lat' dir='ltr'>colere.</span> <span class='ocrx_word' id='word_1_243' title='bbox 1719 1954 1878 2007; x_wconf 84' lang='lat' dir='ltr'>precari,</span> <span class='ocrx_word' id='word_1_244' title='bbox 1906 1967 1975 1992; x_wconf 84' lang='lat' dir='ltr'>ve-</span> 
     </span>
     <span class='ocr_line' id='line_1_27' title="bbox 586 2019 1971 2073; baseline -0.004 -12"><span class='ocrx_word' id='word_1_245' title='bbox 586 2021 782 2073; x_wconf 85' lang='lat' dir='ltr'>nerarique</span> <span class='ocrx_word' id='word_1_246' title='bbox 813 2020 1009 2064; x_wconf 83' lang='lat' dir='ltr'>soleamus,</span> <span class='ocrx_word' id='word_1_247' title='bbox 1045 2032 1170 2057; x_wconf 91' lang='lat' dir='ltr'>nonne</span> <span class='ocrx_word' id='word_1_248' title='bbox 1190 2029 1359 2072; x_wconf 86' lang='lat' dir='ltr'>expertes</span> <span class='ocrx_word' id='word_1_249' title='bbox 1389 2020 1476 2059; x_wconf 88' lang='lat' dir='ltr'>sunt</span> <span class='ocrx_word' id='word_1_250' title='bbox 1506 2021 1738 2072; x_wconf 80' lang='lat' dir='ltr'>religionum</span> <span class='ocrx_word' id='word_1_251' title='bbox 1762 2019 1971 2060; x_wconf 85' lang='lat' dir='ltr'>omnium?</span> 
     </span>
     <span class='ocr_line' id='line_1_28' title="bbox 588 2084 1975 2140; baseline -0.001 -15"><span class='ocrx_word' id='word_1_252' title='bbox 588 2089 687 2140; x_wconf 81' lang='lat' dir='ltr'>Qae</span> <span class='ocrx_word' id='word_1_253' title='bbox 707 2086 802 2124; x_wconf 89' lang='lat' dir='ltr'>ratio</span> <span class='ocrx_word' id='word_1_254' title='bbox 822 2085 990 2124; x_wconf 85' lang='lat' dir='ltr'>maxime</span> <span class='ocrx_word' id='word_1_255' title='bbox 1011 2086 1163 2123; x_wconf 71' lang='lat' dir='ltr'>trae‘tata</span> <span class='ocrx_word' id='word_1_256' title='bbox 1181 2085 1227 2124; x_wconf 87' lang='lat' dir='ltr'>ab</span> <span class='ocrx_word' id='word_1_257' title='bbox 1248 2084 1467 2124; x_wconf 81' lang='lat' dir='ltr'>Euhemero</span> <span class='ocrx_word' id='word_1_258' title='bbox 1485 2085 1537 2124; x_wconf 89' lang='lat' dir='ltr'>est</span> <span class='ocrx_word' id='word_1_259' title='bbox 1545 2103 1558 2130; x_wconf 74' lang='lat'>5</span> <span class='ocrx_word' id='word_1_260' title='bbox 1579 2098 1695 2137; x_wconf 87' lang='lat' dir='ltr'>quem</span> <span class='ocrx_word' id='word_1_261' title='bbox 1716 2085 1838 2124; x_wconf 86' lang='lat' dir='ltr'>noster</span> <span class='ocrx_word' id='word_1_262' title='bbox 1854 2095 1892 2123; x_wconf 91' lang='lat' dir='ltr'>et</span> <span class='ocrx_word' id='word_1_263' title='bbox 1912 2085 1975 2124; x_wconf 87' lang='lat' dir='ltr'>in-</span> 
     </span>
     <span class='ocr_line' id='line_1_29' title="bbox 588 2149 1976 2206; baseline -0.002 -14"><span class='ocrx_word' id='word_1_264' title='bbox 588 2161 810 2206; x_wconf 84' lang='lat' dir='ltr'>terpretatus</span> <span class='ocrx_word' id='word_1_265' title='bbox 830 2161 868 2189; x_wconf 92' lang='lat' dir='ltr'>et</span> <span class='ocrx_word' id='word_1_266' title='bbox 889 2150 1036 2189; x_wconf 81' lang='lat' dir='ltr'>secutus</span> <span class='ocrx_word' id='word_1_267' title='bbox 1057 2150 1121 2195; x_wconf 87' lang='lat' dir='ltr'>est,</span> <span class='ocrx_word' id='word_1_268' title='bbox 1144 2160 1275 2203; x_wconf 78' lang='lat' dir='ltr'>praeter</span> <span class='ocrx_word' id='word_1_269' title='bbox 1294 2160 1459 2196; x_wconf 76' lang='lat' dir='ltr'>caeteros,</span> <span class='ocrx_word' id='word_1_270' title='bbox 1481 2151 1644 2191; x_wconf 84' lang='lat' dir='ltr'>Ennius.</span> <span class='ocrx_word' id='word_1_271' title='bbox 1676 2151 1739 2190; x_wconf 92' lang='lat' dir='ltr'>Ab</span> <span class='ocrx_word' id='word_1_272' title='bbox 1755 2149 1976 2190; x_wconf 85' lang='lat' dir='ltr'>Euhemero</span> 
     </span>
     <span class='ocr_line' id='line_1_30' title="bbox 589 2215 1976 2269; baseline -0.003 -11"><span class='ocrx_word' id='word_1_273' title='bbox 589 2228 718 2258; x_wconf 85' lang='lat' dir='ltr'>autem</span> <span class='ocrx_word' id='word_1_274' title='bbox 738 2226 776 2256; x_wconf 89' lang='lat' dir='ltr'>et</span> <span class='ocrx_word' id='word_1_275' title='bbox 806 2226 947 2255; x_wconf 88' lang='lat' dir='ltr'>mortes</span> <span class='ocrx_word' id='word_1_276' title='bbox 973 2227 1008 2254; x_wconf 91' lang='lat' dir='ltr'>et</span> <span class='ocrx_word' id='word_1_277' title='bbox 1031 2216 1228 2269; x_wconf 67' lang='lat' dir='ltr'>sepulturae</span> <span class='ocrx_word' id='word_1_278' title='bbox 1258 2217 1562 2256; x_wconf 83' lang='lat' dir='ltr'>demonstrantur</span> <span class='ocrx_word' id='word_1_279' title='bbox 1592 2218 1780 2256; x_wconf 80' lang='lat' dir='ltr'>Deorum.</span> <span class='ocrx_word' id='word_1_280' title='bbox 1831 2215 1976 2255; x_wconf 75' lang='lat' dir='ltr'>Utrum</span> 
     </span>
     <span class='ocr_line' id='line_1_31' title="bbox 590 2281 1973 2337; baseline -0.001 -15"><span class='ocrx_word' id='word_1_281' title='bbox 590 2285 709 2337; x_wconf 88' lang='lat' dir='ltr'>igitur</span> <span class='ocrx_word' id='word_1_282' title='bbox 728 2283 791 2322; x_wconf 88' lang='lat' dir='ltr'>hic</span> <span class='ocrx_word' id='word_1_283' title='bbox 812 2282 1045 2321; x_wconf 73' lang='lat' dir='ltr'>confirmasse</span> <span class='ocrx_word' id='word_1_284' title='bbox 1066 2283 1291 2335; x_wconf 84' lang='lat' dir='ltr'>religionem</span> <span class='ocrx_word' id='word_1_285' title='bbox 1311 2283 1475 2327; x_wconf 81' lang='lat' dir='ltr'>videtur,</span> <span class='ocrx_word' id='word_1_286' title='bbox 1506 2296 1552 2323; x_wconf 88' lang='lat' dir='ltr'>an</span> <span class='ocrx_word' id='word_1_287' title='bbox 1573 2283 1724 2336; x_wconf 86' lang='lat' dir='ltr'>penitus</span> <span class='ocrx_word' id='word_1_288' title='bbox 1755 2292 1875 2323; x_wconf 80' lang='lat' dir='ltr'>totam</span> <span class='ocrx_word' id='word_1_289' title='bbox 1896 2281 1973 2322; x_wconf 87' lang='lat' dir='ltr'>sus·</span> 
     </span>
     <span class='ocr_line' id='line_1_32' title="bbox 591 2348 1761 2402; baseline 0.002 -14"><span class='ocrx_word' id='word_1_290' title='bbox 591 2349 714 2390; x_wconf 79' lang='lat' dir='ltr'>tuliss‘e</span> <span class='ocrx_word' id='word_1_291' title='bbox 733 2349 745 2385; x_wconf 92' lang='lat'>?</span> <span class='ocrx_word' id='word_1_292' title='bbox 777 2349 933 2387; x_wconf 86' lang='lat' dir='ltr'>Omitto</span> <span class='ocrx_word' id='word_1_293' title='bbox 954 2348 1169 2387; x_wconf 81' lang='lat' dir='ltr'>Eleulinam</span> <span class='ocrx_word' id='word_1_294' title='bbox 1188 2348 1349 2388; x_wconf 58' lang='lat' dir='ltr'>sanilam</span> <span class='ocrx_word' id='word_1_295' title='bbox 1368 2348 1474 2389; x_wconf 80' lang='lat' dir='ltr'>illam</span> <span class='ocrx_word' id='word_1_296' title='bbox 1494 2359 1532 2390; x_wconf 87' lang='lat' dir='ltr'>et</span> <span class='ocrx_word' id='word_1_297' title='bbox 1552 2349 1761 2402; x_wconf 77' lang='lat' dir='ltr'>augustam.</span> 
     </span>
    </p>

    <p class='ocr_par' dir='ltr' id='par_1_5' title="bbox 565 2414 1501 2586">
     <span class='ocr_line' id='line_1_33' title="bbox 730 2414 1476 2466; baseline 0 -13"><span class='ocrx_word' id='word_1_298' title='bbox 730 2414 800 2454; x_wconf 85' lang='lat' dir='ltr'>Ubi</span> <span class='ocrx_word' id='word_1_299' title='bbox 815 2414 1010 2453; x_wconf 80' lang='lat' dir='ltr'>initiantur</span> <span class='ocrx_word' id='word_1_300' title='bbox 1023 2423 1146 2466; x_wconf 68' lang='lat' dir='ltr'>gentes</span> <span class='ocrx_word' id='word_1_301' title='bbox 1165 2428 1309 2453; x_wconf 81' lang='lat' dir='ltr'>orarum</span> <span class='ocrx_word' id='word_1_302' title='bbox 1329 2415 1476 2454; x_wconf 81' lang='lat' dir='ltr'>ultimae.</span> 
     </span>
     <span class='ocr_line' id='line_1_34' title="bbox 565 2478 1389 2533; baseline -0.002 -14"><span class='ocrx_word' id='word_1_303' title='bbox 565 2528 567 2533; x_wconf 26' lang='grc' dir='ltr'>Ι</span> <span class='ocrx_word' id='word_1_304' title='bbox 591 2481 777 2523; x_wconf 69' lang='lat' dir='ltr'>Praetereo</span> <span class='ocrx_word' id='word_1_305' title='bbox 798 2478 1109 2523; x_wconf 80' lang='lat' dir='ltr'>Samothraciam,</span> <span class='ocrx_word' id='word_1_306' title='bbox 1140 2492 1270 2530; x_wconf 86' lang='lat' dir='ltr'>caque,</span> <span class='ocrx_word' id='word_1_307' title='bbox 1292 2493 1389 2531; x_wconf 65' lang='lat' dir='ltr'>quw,</span> 
     </span>
     <span class='ocr_line' id='line_1_35' title="bbox 730 2543 1501 2586; baseline -0.001 -1"><span class='ocrx_word' id='word_1_308' title='bbox 730 2545 862 2585; x_wconf 73' lang='lat' dir='ltr'>Lemni</span> <span class='ocrx_word' id='word_1_309' title='bbox 878 2546 1045 2584; x_wconf 59' lang='lat' dir='ltr'>nofflurno</span> <span class='ocrx_word' id='word_1_310' title='bbox 1064 2543 1164 2583; x_wconf 75' lang='lat' dir='ltr'>adim</span> <span class='ocrx_word' id='word_1_311' title='bbox 1183 2545 1319 2585; x_wconf 81' lang='lat' dir='ltr'>occulta</span> <span class='ocrx_word' id='word_1_312' title='bbox 1337 2545 1501 2586; x_wconf 74' lang='lat' dir='ltr'>coluntur</span> 
     </span>
    </p>
   </div>
   <div class='ocr_carea' id='block_1_3' title="bbox 729 2608 1248 2668">
    <p class='ocr_par' dir='ltr' id='par_1_6' title="bbox 729 2608 1248 2668">
     <span class='ocr_line' id='line_1_36' title="bbox 729 2608 1248 2668; baseline 0 -18"><span class='ocrx_word' id='word_1_313' title='bbox 729 2610 1115 2668; x_wconf 69' lang='lat' dir='ltr'>Silvssribussctpibus</span> <span class='ocrx_word' id='word_1_314' title='bbox 1134 2608 1248 2663; x_wconf 61' lang='lat' dir='ltr'>delfia-</span> 
     </span>
    </p>
   </div>
  </div>
 </body>
</html>
