<?xml version="1.0" encoding="UTF-8"?>
<!DOCTYPE html PUBLIC "-//W3C//DTD XHTML 1.0 Transitional//EN"
    "http://www.w3.org/TR/xhtml1/DTD/xhtml1-transitional.dtd">
<html xmlns="http://www.w3.org/1999/xhtml" xml:lang="en" lang="en">
 <head>
  <title>
</title>
<meta http-equiv="Content-Type" content="text/html;charset=utf-8" />
  <meta name='ocr-system' content='tesseract 3.04.00' />
  <meta name='ocr-capabilities' content='ocr_page ocr_carea ocr_par ocr_line ocrx_word'/>
</head>
<body>
  <div class='ocr_page' id='page_1' title='image "./operacumindicibu02ciceuoft_0368.png"; bbox 0 0 2330 2983; ppageno 0'>
   <div class='ocr_carea' id='block_1_1' title="bbox 503 264 1590 325">
    <p class='ocr_par' dir='ltr' id='par_1_1' title="bbox 503 264 1590 325">
     <span class='ocr_line' id='line_1_1' title="bbox 503 264 1590 325; baseline -0.006 -15"><span class='ocrx_word' id='word_1_1' title='bbox 503 273 579 325; x_wconf 78' lang='lat'>360</span> <span class='ocrx_word' id='word_1_2' title='bbox 815 264 1590 306; x_wconf 78' lang='lat' dir='ltr'>TUSCULANARUM</span> 
     </span>
    </p>
   </div>
   <div class='ocr_carea' id='block_1_2' title="bbox 501 364 1898 1789">
    <p class='ocr_par' dir='ltr' id='par_1_2' title="bbox 501 364 1892 875">
     <span class='ocr_line' id='line_1_2' title="bbox 502 364 1888 420; baseline -0.001 -14"><span class='ocrx_word' id='word_1_3' title='bbox 502 368 566 420; x_wconf 80' lang='lat' dir='ltr'>spe</span> <span class='ocrx_word' id='word_1_4' title='bbox 587 368 691 405; x_wconf 69' lang='lat' dir='ltr'>bmte</span> <span class='ocrx_word' id='word_1_5' title='bbox 710 364 861 403; x_wconf 78' lang='lat' dir='ltr'>vivendi</span> <span class='ocrx_word' id='word_1_6' title='bbox 882 372 1028 402; x_wconf 82' lang='lat' dir='ltr'><strong>tantam</strong></span> <span class='ocrx_word' id='word_1_7' title='bbox 1056 364 1096 402; x_wconf 90' lang='lat' dir='ltr'>in</span> <span class='ocrx_word' id='word_1_8' title='bbox 1127 377 1173 403; x_wconf 90' lang='lat' dir='ltr'>eo</span> <span class='ocrx_word' id='word_1_9' title='bbox 1191 364 1319 403; x_wconf 79' lang='lat' dir='ltr'>studio</span> <span class='ocrx_word' id='word_1_10' title='bbox 1334 378 1466 403; x_wconf 80' lang='lat' dir='ltr'>curam</span> <span class='ocrx_word' id='word_1_11' title='bbox 1496 377 1728 418; x_wconf 75' lang='lat' dir='ltr'>operamque</span> <span class='ocrx_word' id='word_1_12' title='bbox 1752 365 1888 418; x_wconf 84' lang='lat' dir='ltr'>posue-</span> 
     </span>
     <span class='ocr_line' id='line_1_3' title="bbox 502 430 1889 484; baseline -0.001 -12"><span class='ocrx_word' id='word_1_13' title='bbox 502 443 604 472; x_wconf 80' lang='lat' dir='ltr'>runt.</span> <span class='ocrx_word' id='word_1_14' title='bbox 651 431 769 482; x_wconf 85' lang='lat' dir='ltr'>Qod</span> <span class='ocrx_word' id='word_1_15' title='bbox 792 431 820 468; x_wconf 89' lang='lat' dir='ltr'>fi</span> <span class='ocrx_word' id='word_1_16' title='bbox 839 431 885 468; x_wconf 86' lang='lat' dir='ltr'>ab</span> <span class='ocrx_word' id='word_1_17' title='bbox 905 431 952 469; x_wconf 87' lang='lat' dir='ltr'>iis</span> <span class='ocrx_word' id='word_1_18' title='bbox 972 431 1124 469; x_wconf 73' lang='lat' dir='ltr'>inventa</span> <span class='ocrx_word' id='word_1_19' title='bbox 1151 440 1189 469; x_wconf 83' lang='lat' dir='ltr'>et</span> <span class='ocrx_word' id='word_1_20' title='bbox 1208 430 1373 484; x_wconf 64' lang='lat' dir='ltr'>pei-festa</span> <span class='ocrx_word' id='word_1_21' title='bbox 1392 432 1513 470; x_wconf 84' lang='lat' dir='ltr'>virtus</span> <span class='ocrx_word' id='word_1_22' title='bbox 1535 432 1600 477; x_wconf 85' lang='lat' dir='ltr'>est,</span> <span class='ocrx_word' id='word_1_23' title='bbox 1631 441 1669 470; x_wconf 88' lang='lat' dir='ltr'>et</span> <span class='ocrx_word' id='word_1_24' title='bbox 1688 432 1714 470; x_wconf 87' lang='lat' dir='ltr'>fi</span> <span class='ocrx_word' id='word_1_25' title='bbox 1731 432 1889 484; x_wconf 66' lang='lat' dir='ltr'>praefidii</span> 
     </span>
     <span class='ocr_line' id='line_1_4' title="bbox 501 497 1891 552; baseline -0.001 -14"><span class='ocrx_word' id='word_1_26' title='bbox 501 500 547 538; x_wconf 87' lang='lat' dir='ltr'>ad</span> <span class='ocrx_word' id='word_1_27' title='bbox 568 500 674 538; x_wconf 84' lang='lat' dir='ltr'>beate</span> <span class='ocrx_word' id='word_1_28' title='bbox 694 497 902 536; x_wconf 79' lang='lat' dir='ltr'>vivendum</span> <span class='ocrx_word' id='word_1_29' title='bbox 921 498 961 536; x_wconf 82' lang='lat' dir='ltr'>in</span> <span class='ocrx_word' id='word_1_30' title='bbox 980 498 1123 536; x_wconf 83' lang='lat' dir='ltr'>virtute</span> <span class='ocrx_word' id='word_1_31' title='bbox 1139 497 1226 536; x_wconf 83' lang='lat' dir='ltr'>fatis</span> <span class='ocrx_word' id='word_1_32' title='bbox 1244 498 1319 544; x_wconf 69' lang='lat' dir='ltr'>est,</span> <span class='ocrx_word' id='word_1_33' title='bbox 1342 499 1429 551; x_wconf 86' lang='lat' dir='ltr'>quis</span> <span class='ocrx_word' id='word_1_34' title='bbox 1447 499 1512 544; x_wconf 90' lang='lat' dir='ltr'>est,</span> <span class='ocrx_word' id='word_1_35' title='bbox 1534 499 1602 552; x_wconf 87' lang='lat' dir='ltr'>qui</span> <span class='ocrx_word' id='word_1_36' title='bbox 1621 513 1701 538; x_wconf 78' lang='lat' dir='ltr'>non</span> <span class='ocrx_word' id='word_1_37' title='bbox 1715 499 1891 552; x_wconf 80' lang='lat' dir='ltr'>praeclare</span> 
     </span>
     <span class='ocr_line' id='line_1_5' title="bbox 501 563 1890 618; baseline 0 -16"><span class='ocrx_word' id='word_1_38' title='bbox 501 575 538 602; x_wconf 89' lang='lat' dir='ltr'>ct</span> <span class='ocrx_word' id='word_1_39' title='bbox 569 564 615 602; x_wconf 88' lang='lat' dir='ltr'>ab</span> <span class='ocrx_word' id='word_1_40' title='bbox 645 563 721 601; x_wconf 89' lang='lat' dir='ltr'>illis</span> <span class='ocrx_word' id='word_1_41' title='bbox 752 563 911 615; x_wconf 87' lang='lat' dir='ltr'>pofitam</span> <span class='ocrx_word' id='word_1_42' title='bbox 931 573 968 601; x_wconf 89' lang='lat' dir='ltr'>et</span> <span class='ocrx_word' id='word_1_43' title='bbox 998 577 1019 601; x_wconf 91' lang='lat' dir='ltr'>a</span> <span class='ocrx_word' id='word_1_44' title='bbox 1049 564 1159 602; x_wconf 89' lang='lat' dir='ltr'>nobis</span> <span class='ocrx_word' id='word_1_45' title='bbox 1190 564 1399 617; x_wconf 88' lang='lat' dir='ltr'>susceptam</span> <span class='ocrx_word' id='word_1_46' title='bbox 1424 578 1576 617; x_wconf 88' lang='lat' dir='ltr'>operam</span> <span class='ocrx_word' id='word_1_47' title='bbox 1596 563 1890 618; x_wconf 64' lang='lat' dir='ltr'>philosophandi</span> 
     </span>
     <span class='ocr_line' id='line_1_6' title="bbox 504 629 1890 683; baseline 0.001 -17"><span class='ocrx_word' id='word_1_48' title='bbox 504 630 734 667; x_wconf 82' lang='lat' dir='ltr'>arbitretur?</span> <span class='ocrx_word' id='word_1_49' title='bbox 757 629 821 666; x_wconf 86' lang='lat' dir='ltr'>Sin</span> <span class='ocrx_word' id='word_1_50' title='bbox 842 638 971 666; x_wconf 89' lang='lat' dir='ltr'>autem</span> <span class='ocrx_word' id='word_1_51' title='bbox 991 630 1111 667; x_wconf 90' lang='lat' dir='ltr'>virtus</span> <span class='ocrx_word' id='word_1_52' title='bbox 1129 629 1292 681; x_wconf 64' lang='lat' dir='ltr'>subjefta</span> <span class='ocrx_word' id='word_1_53' title='bbox 1312 629 1380 667; x_wconf 90' lang='lat' dir='ltr'>sub</span> <span class='ocrx_word' id='word_1_54' title='bbox 1401 631 1520 669; x_wconf 85' lang='lat' dir='ltr'>varios</span> <span class='ocrx_word' id='word_1_55' title='bbox 1537 630 1774 683; x_wconf 87' lang='lat' dir='ltr'>incertosque</span> <span class='ocrx_word' id='word_1_56' title='bbox 1786 630 1890 668; x_wconf 84' lang='lat' dir='ltr'>casus</span> 
     </span>
     <span class='ocr_line' id='line_1_7' title="bbox 503 693 1888 748; baseline 0 -16"><span class='ocrx_word' id='word_1_57' title='bbox 503 694 648 732; x_wconf 83' lang='lat' dir='ltr'>famula</span> <span class='ocrx_word' id='word_1_58' title='bbox 668 693 830 731; x_wconf 84' lang='lat' dir='ltr'>fortunae</span> <span class='ocrx_word' id='word_1_59' title='bbox 860 693 926 738; x_wconf 89' lang='lat' dir='ltr'>est,</span> <span class='ocrx_word' id='word_1_60' title='bbox 957 707 1026 731; x_wconf 90' lang='lat' dir='ltr'>nec</span> <span class='ocrx_word' id='word_1_61' title='bbox 1047 703 1237 731; x_wconf 90' lang='lat' dir='ltr'>tantarum</span> <span class='ocrx_word' id='word_1_62' title='bbox 1257 695 1398 732; x_wconf 87' lang='lat' dir='ltr'>virium</span> <span class='ocrx_word' id='word_1_63' title='bbox 1414 695 1480 739; x_wconf 90' lang='lat' dir='ltr'>est,</span> <span class='ocrx_word' id='word_1_64' title='bbox 1512 705 1554 734; x_wconf 91' lang='lat' dir='ltr'>ut</span> <span class='ocrx_word' id='word_1_65' title='bbox 1574 696 1611 733; x_wconf 91' lang='lat' dir='ltr'>se</span> <span class='ocrx_word' id='word_1_66' title='bbox 1630 695 1707 748; x_wconf 87' lang='lat' dir='ltr'>ipsa</span> <span class='ocrx_word' id='word_1_67' title='bbox 1727 705 1888 739; x_wconf 85' lang='lat' dir='ltr'>tueatur,</span> 
     </span>
     <span class='ocr_line' id='line_1_8' title="bbox 504 758 1892 812; baseline 0.001 -16"><span class='ocrx_word' id='word_1_68' title='bbox 504 774 646 803; x_wconf 81' lang='lat' dir='ltr'>vereor,</span> <span class='ocrx_word' id='word_1_69' title='bbox 668 772 714 796; x_wconf 90' lang='lat' dir='ltr'>ne</span> <span class='ocrx_word' id='word_1_70' title='bbox 735 772 810 795; x_wconf 93' lang='lat' dir='ltr'>non</span> <span class='ocrx_word' id='word_1_71' title='bbox 833 767 910 795; x_wconf 87' lang='lat' dir='ltr'>tarn</span> <span class='ocrx_word' id='word_1_72' title='bbox 926 759 1078 796; x_wconf 91' lang='lat' dir='ltr'>virtutis</span> <span class='ocrx_word' id='word_1_73' title='bbox 1099 758 1240 796; x_wconf 72' lang='lat' dir='ltr'>fiducia</span> <span class='ocrx_word' id='word_1_74' title='bbox 1255 759 1458 797; x_wconf 90' lang='lat' dir='ltr'>nitendum</span> <span class='ocrx_word' id='word_1_75' title='bbox 1474 761 1584 798; x_wconf 88' lang='lat' dir='ltr'>nobis</span> <span class='ocrx_word' id='word_1_76' title='bbox 1604 761 1650 797; x_wconf 88' lang='lat' dir='ltr'>ad</span> <span class='ocrx_word' id='word_1_77' title='bbox 1667 761 1769 812; x_wconf 88' lang='lat' dir='ltr'>spem</span> <span class='ocrx_word' id='word_1_78' title='bbox 1784 760 1892 798; x_wconf 89' lang='lat' dir='ltr'>beate</span> 
     </span>
     <span class='ocr_line' id='line_1_9' title="bbox 504 818 1337 875; baseline 0 -14"><span class='ocrx_word' id='word_1_79' title='bbox 504 824 670 868; x_wconf 86' lang='lat' dir='ltr'>vivendi,</span> <span class='ocrx_word' id='word_1_80' title='bbox 692 818 810 875; x_wconf 79' lang='lat' dir='ltr'>quani</span> <span class='ocrx_word' id='word_1_81' title='bbox 829 832 915 861; x_wconf 90' lang='lat' dir='ltr'>vota</span> <span class='ocrx_word' id='word_1_82' title='bbox 934 822 1108 861; x_wconf 89' lang='lat' dir='ltr'>facienda</span> <span class='ocrx_word' id='word_1_83' title='bbox 1127 823 1337 862; x_wconf 87' lang='lat' dir='ltr'>videantur.</span> 
     </span>
    </p>

    <p class='ocr_par' dir='ltr' id='par_1_3' title="bbox 504 886 1898 1789">
     <span class='ocr_line' id='line_1_10' title="bbox 559 886 1891 940; baseline 0.002 -16"><span class='ocrx_word' id='word_1_84' title='bbox 559 888 755 940; x_wconf 87' lang='lat' dir='ltr'>Equidem</span> <span class='ocrx_word' id='word_1_85' title='bbox 785 900 848 925; x_wconf 90' lang='lat' dir='ltr'>eos</span> <span class='ocrx_word' id='word_1_86' title='bbox 874 887 992 932; x_wconf 76' lang='lat' dir='ltr'>casuS,</span> <span class='ocrx_word' id='word_1_87' title='bbox 1023 887 1062 924; x_wconf 90' lang='lat' dir='ltr'>in</span> <span class='ocrx_word' id='word_1_88' title='bbox 1084 887 1225 939; x_wconf 87' lang='lat' dir='ltr'>quibus</span> <span class='ocrx_word' id='word_1_89' title='bbox 1251 901 1313 925; x_wconf 91' lang='lat' dir='ltr'>me</span> <span class='ocrx_word' id='word_1_90' title='bbox 1333 886 1486 926; x_wconf 89' lang='lat' dir='ltr'>fortuna</span> <span class='ocrx_word' id='word_1_91' title='bbox 1511 887 1756 927; x_wconf 89' lang='lat' dir='ltr'>vehementer</span> <span class='ocrx_word' id='word_1_92' title='bbox 1783 901 1891 926; x_wconf 86' lang='lat' dir='ltr'>exer-</span> 
     </span>
     <span class='ocr_line' id='line_1_11' title="bbox 504 952 1895 1007; baseline -0.001 -15"><span class='ocrx_word' id='word_1_93' title='bbox 504 954 600 998; x_wconf 87' lang='lat' dir='ltr'>cuit,</span> <span class='ocrx_word' id='word_1_94' title='bbox 632 966 787 993; x_wconf 86' lang='lat' dir='ltr'>mecum</span> <span class='ocrx_word' id='word_1_95' title='bbox 822 952 898 1006; x_wconf 90' lang='lat' dir='ltr'>ipse</span> <span class='ocrx_word' id='word_1_96' title='bbox 925 952 1175 998; x_wconf 78' lang='lat' dir='ltr'>confidemus,</span> <span class='ocrx_word' id='word_1_97' title='bbox 1205 952 1297 992; x_wconf 89' lang='lat' dir='ltr'>huic</span> <span class='ocrx_word' id='word_1_98' title='bbox 1331 954 1477 1007; x_wconf 88' lang='lat' dir='ltr'>incipio</span> <span class='ocrx_word' id='word_1_99' title='bbox 1505 953 1696 993; x_wconf 87' lang='lat' dir='ltr'>sententiae</span> <span class='ocrx_word' id='word_1_100' title='bbox 1724 953 1895 994; x_wconf 78' lang='lat' dir='ltr'>diffidere</span> 
     </span>
     <span class='ocr_line' id='line_1_12' title="bbox 504 1017 1893 1072; baseline 0.001 -16"><span class='ocrx_word' id='word_1_101' title='bbox 504 1018 715 1064; x_wconf 88' lang='lat' dir='ltr'>interdum,</span> <span class='ocrx_word' id='word_1_102' title='bbox 745 1028 782 1056; x_wconf 83' lang='lat' dir='ltr'>et</span> <span class='ocrx_word' id='word_1_103' title='bbox 801 1017 963 1056; x_wconf 91' lang='lat' dir='ltr'>humani</span> <span class='ocrx_word' id='word_1_104' title='bbox 982 1019 1131 1071; x_wconf 88' lang='lat' dir='ltr'>generis</span> <span class='ocrx_word' id='word_1_105' title='bbox 1151 1019 1461 1058; x_wconf 86' lang='lat' dir='ltr'>imbecillitatem</span> <span class='ocrx_word' id='word_1_106' title='bbox 1481 1018 1805 1072; x_wconf 86' lang='lat' dir='ltr'>fragilitatemque</span> <span class='ocrx_word' id='word_1_107' title='bbox 1824 1033 1893 1057; x_wconf 78' lang='lat' dir='ltr'>ex-</span> 
     </span>
     <span class='ocr_line' id='line_1_13' title="bbox 506 1084 1893 1138; baseline 0.001 -16"><span class='ocrx_word' id='word_1_108' title='bbox 506 1084 716 1122; x_wconf 85' lang='lat' dir='ltr'>timescere.</span> <span class='ocrx_word' id='word_1_109' title='bbox 753 1084 896 1121; x_wconf 88' lang='lat' dir='ltr'>Vereor</span> <span class='ocrx_word' id='word_1_110' title='bbox 929 1085 1049 1128; x_wconf 90' lang='lat' dir='ltr'>enirn,</span> <span class='ocrx_word' id='word_1_111' title='bbox 1082 1097 1126 1121; x_wconf 90' lang='lat' dir='ltr'>ne</span> <span class='ocrx_word' id='word_1_112' title='bbox 1158 1094 1301 1129; x_wconf 88' lang='lat' dir='ltr'>natura,</span> <span class='ocrx_word' id='word_1_113' title='bbox 1332 1098 1424 1122; x_wconf 90' lang='lat' dir='ltr'>cum</span> <span class='ocrx_word' id='word_1_114' title='bbox 1455 1098 1613 1138; x_wconf 91' lang='lat' dir='ltr'>corpora</span> <span class='ocrx_word' id='word_1_115' title='bbox 1641 1085 1750 1123; x_wconf 89' lang='lat' dir='ltr'>nobis</span> <span class='ocrx_word' id='word_1_116' title='bbox 1784 1085 1893 1123; x_wconf 88' lang='lat' dir='ltr'>infit-</span> 
     </span>
     <span class='ocr_line' id='line_1_14' title="bbox 506 1148 1894 1201; baseline 0.001 -14"><span class='ocrx_word' id='word_1_117' title='bbox 506 1163 570 1187; x_wconf 83' lang='lat' dir='ltr'>ma</span> <span class='ocrx_word' id='word_1_118' title='bbox 589 1148 755 1193; x_wconf 75' lang='lat' dir='ltr'>dedisset,</span> <span class='ocrx_word' id='word_1_119' title='bbox 786 1149 905 1201; x_wconf 89' lang='lat' dir='ltr'>iisque</span> <span class='ocrx_word' id='word_1_120' title='bbox 922 1159 959 1187; x_wconf 90' lang='lat' dir='ltr'>et</span> <span class='ocrx_word' id='word_1_121' title='bbox 978 1149 1132 1187; x_wconf 90' lang='lat' dir='ltr'>morbos</span> <span class='ocrx_word' id='word_1_122' title='bbox 1153 1149 1375 1187; x_wconf 86' lang='lat' dir='ltr'>insanabiles</span> <span class='ocrx_word' id='word_1_123' title='bbox 1403 1159 1440 1187; x_wconf 89' lang='lat' dir='ltr'>et</span> <span class='ocrx_word' id='word_1_124' title='bbox 1469 1150 1616 1188; x_wconf 90' lang='lat' dir='ltr'>dolores</span> <span class='ocrx_word' id='word_1_125' title='bbox 1637 1150 1894 1189; x_wconf 82' lang='lat' dir='ltr'>intolerabiles</span> 
     </span>
     <span class='ocr_line' id='line_1_15' title="bbox 506 1212 1894 1267; baseline 0.002 -17"><span class='ocrx_word' id='word_1_126' title='bbox 506 1212 745 1266; x_wconf 71' lang='lat' dir='ltr'>adjunxisset,</span> <span class='ocrx_word' id='word_1_127' title='bbox 775 1213 922 1251; x_wconf 85' lang='lat' dir='ltr'>animos</span> <span class='ocrx_word' id='word_1_128' title='bbox 953 1227 1108 1265; x_wconf 85' lang='lat' dir='ltr'>quoque</span> <span class='ocrx_word' id='word_1_129' title='bbox 1127 1213 1272 1252; x_wconf 81' lang='lat' dir='ltr'>dederit</span> <span class='ocrx_word' id='word_1_130' title='bbox 1291 1223 1331 1252; x_wconf 88' lang='lat' dir='ltr'>et</span> <span class='ocrx_word' id='word_1_131' title='bbox 1347 1227 1556 1267; x_wconf 80' lang='lat' dir='ltr'>corporum.</span> <span class='ocrx_word' id='word_1_132' title='bbox 1579 1215 1775 1254; x_wconf 88' lang='lat' dir='ltr'>doloribus</span> <span class='ocrx_word' id='word_1_133' title='bbox 1798 1229 1894 1253; x_wconf 89' lang='lat' dir='ltr'>con-</span> 
     </span>
     <span class='ocr_line' id='line_1_16' title="bbox 505 1277 1894 1333; baseline 0.002 -17"><span class='ocrx_word' id='word_1_134' title='bbox 505 1287 696 1330; x_wconf 86' lang='lat' dir='ltr'>gruentes,</span> <span class='ocrx_word' id='word_1_135' title='bbox 738 1286 776 1314; x_wconf 93' lang='lat' dir='ltr'>et</span> <span class='ocrx_word' id='word_1_136' title='bbox 809 1277 1007 1330; x_wconf 88' lang='lat' dir='ltr'>separatim</span> <span class='ocrx_word' id='word_1_137' title='bbox 1033 1278 1106 1315; x_wconf 90' lang='lat' dir='ltr'>suis</span> <span class='ocrx_word' id='word_1_138' title='bbox 1136 1279 1341 1330; x_wconf 88' lang='lat' dir='ltr'>angoribus</span> <span class='ocrx_word' id='word_1_139' title='bbox 1374 1288 1412 1316; x_wconf 92' lang='lat' dir='ltr'>et</span> <span class='ocrx_word' id='word_1_140' title='bbox 1445 1279 1627 1318; x_wconf 85' lang='lat' dir='ltr'>molestiis</span> <span class='ocrx_word' id='word_1_141' title='bbox 1663 1281 1894 1333; x_wconf 73' lang='lat' dir='ltr'>implicatos·</span> 
     </span>
     <span class='ocr_line' id='line_1_17' title="bbox 507 1341 1897 1395; baseline 0.001 -14"><span class='ocrx_word' id='word_1_142' title='bbox 507 1343 577 1381; x_wconf 78' lang='lat' dir='ltr'>Sed</span> <span class='ocrx_word' id='word_1_143' title='bbox 599 1344 636 1380; x_wconf 91' lang='lat' dir='ltr'>in</span> <span class='ocrx_word' id='word_1_144' title='bbox 657 1341 731 1380; x_wconf 91' lang='lat' dir='ltr'>hoc</span> <span class='ocrx_word' id='word_1_145' title='bbox 753 1354 816 1380; x_wconf 89' lang='lat' dir='ltr'>me</span> <span class='ocrx_word' id='word_1_146' title='bbox 836 1341 911 1394; x_wconf 87' lang='lat' dir='ltr'>ipse</span> <span class='ocrx_word' id='word_1_147' title='bbox 931 1342 1085 1395; x_wconf 87' lang='lat' dir='ltr'>castigo,</span> <span class='ocrx_word' id='word_1_148' title='bbox 1113 1343 1217 1394; x_wconf 76' lang='lat' dir='ltr'>quod</span> <span class='ocrx_word' id='word_1_149' title='bbox 1236 1356 1283 1381; x_wconf 86' lang='lat' dir='ltr'>ex</span> <span class='ocrx_word' id='word_1_150' title='bbox 1302 1343 1465 1381; x_wconf 87' lang='lat' dir='ltr'>aliorum</span> <span class='ocrx_word' id='word_1_151' title='bbox 1485 1353 1523 1382; x_wconf 90' lang='lat' dir='ltr'>et</span> <span class='ocrx_word' id='word_1_152' title='bbox 1541 1357 1588 1382; x_wconf 88' lang='lat' dir='ltr'>ex</span> <span class='ocrx_word' id='word_1_153' title='bbox 1608 1344 1730 1382; x_wconf 89' lang='lat' dir='ltr'>nostra</span> <span class='ocrx_word' id='word_1_154' title='bbox 1749 1344 1897 1383; x_wconf 80' lang='lat' dir='ltr'>fortaffe</span> 
     </span>
     <span class='ocr_line' id='line_1_18' title="bbox 508 1407 1898 1460; baseline 0.001 -13"><span class='ocrx_word' id='word_1_155' title='bbox 508 1408 685 1452; x_wconf 87' lang='lat' dir='ltr'>mollitia,</span> <span class='ocrx_word' id='word_1_156' title='bbox 716 1421 792 1445; x_wconf 85' lang='lat' dir='ltr'>non</span> <span class='ocrx_word' id='word_1_157' title='bbox 812 1421 859 1446; x_wconf 86' lang='lat' dir='ltr'>ex</span> <span class='ocrx_word' id='word_1_158' title='bbox 888 1407 968 1460; x_wconf 87' lang='lat' dir='ltr'>ipsa</span> <span class='ocrx_word' id='word_1_159' title='bbox 985 1408 1137 1453; x_wconf 89' lang='lat' dir='ltr'>virtute,</span> <span class='ocrx_word' id='word_1_160' title='bbox 1170 1407 1216 1445; x_wconf 93' lang='lat' dir='ltr'>de</span> <span class='ocrx_word' id='word_1_161' title='bbox 1246 1407 1398 1447; x_wconf 82' lang='lat' dir='ltr'>virtutis</span> <span class='ocrx_word' id='word_1_162' title='bbox 1434 1409 1567 1448; x_wconf 87' lang='lat' dir='ltr'>robore</span> <span class='ocrx_word' id='word_1_163' title='bbox 1585 1409 1776 1448; x_wconf 86' lang='lat' dir='ltr'>existimo.</span> <span class='ocrx_word' id='word_1_164' title='bbox 1826 1410 1898 1449; x_wconf 89' lang='lat' dir='ltr'>Illa</span> 
     </span>
     <span class='ocr_line' id='line_1_19' title="bbox 507 1473 1896 1525; baseline 0.001 -13"><span class='ocrx_word' id='word_1_165' title='bbox 507 1475 628 1518; x_wconf 90' lang='lat' dir='ltr'>enim,</span> <span class='ocrx_word' id='word_1_166' title='bbox 662 1473 705 1524; x_wconf 77' lang='lat' dir='ltr'>(si</span> <span class='ocrx_word' id='word_1_167' title='bbox 738 1474 854 1511; x_wconf 90' lang='lat' dir='ltr'>modo</span> <span class='ocrx_word' id='word_1_168' title='bbox 873 1473 925 1511; x_wconf 89' lang='lat' dir='ltr'>est</span> <span class='ocrx_word' id='word_1_169' title='bbox 956 1473 1034 1511; x_wconf 92' lang='lat' dir='ltr'>ulla</span> <span class='ocrx_word' id='word_1_170' title='bbox 1054 1474 1172 1511; x_wconf 89' lang='lat' dir='ltr'>virtus</span> <span class='ocrx_word' id='word_1_171' title='bbox 1189 1491 1202 1518; x_wconf 64' lang='grc' dir='ltr'><strong><em>ς</em></strong></span> <span class='ocrx_word' id='word_1_172' title='bbox 1233 1487 1351 1525; x_wconf 91' lang='lat' dir='ltr'>quam</span> <span class='ocrx_word' id='word_1_173' title='bbox 1382 1474 1662 1514; x_wconf 89' lang='lat' dir='ltr'>dubitationem</span> <span class='ocrx_word' id='word_1_174' title='bbox 1687 1477 1896 1514; x_wconf 86' lang='lat' dir='ltr'>avunculus</span> 
     </span>
     <span class='ocr_line' id='line_1_20' title="bbox 509 1538 1895 1595; baseline 0.002 -18"><span class='ocrx_word' id='word_1_175' title='bbox 509 1549 612 1583; x_wconf 87' lang='lat' dir='ltr'>tuus,</span> <span class='ocrx_word' id='word_1_176' title='bbox 644 1539 773 1582; x_wconf 88' lang='lat' dir='ltr'>Brute,</span> <span class='ocrx_word' id='word_1_177' title='bbox 805 1538 968 1590; x_wconf 89' lang='lat' dir='ltr'>sustulit)</span> <span class='ocrx_word' id='word_1_178' title='bbox 999 1539 1144 1583; x_wconf 84' lang='lat' dir='ltr'>omnia,</span> <span class='ocrx_word' id='word_1_179' title='bbox 1175 1553 1259 1590; x_wconf 87' lang='lat' dir='ltr'>quae</span> <span class='ocrx_word' id='word_1_180' title='bbox 1278 1540 1408 1577; x_wconf 87' lang='lat' dir='ltr'>cadere</span> <span class='ocrx_word' id='word_1_181' title='bbox 1432 1541 1471 1578; x_wconf 91' lang='lat' dir='ltr'>in</span> <span class='ocrx_word' id='word_1_182' title='bbox 1500 1539 1701 1580; x_wconf 87' lang='lat' dir='ltr'>hominem</span> <span class='ocrx_word' id='word_1_183' title='bbox 1731 1542 1895 1595; x_wconf 83' lang='lat' dir='ltr'>poffunt,</span> 
     </span>
     <span class='ocr_line' id='line_1_21' title="bbox 510 1602 1895 1656; baseline 0.002 -13"><span class='ocrx_word' id='word_1_184' title='bbox 510 1605 636 1643; x_wconf 87' lang='lat' dir='ltr'>subter</span> <span class='ocrx_word' id='word_1_185' title='bbox 667 1603 701 1641; x_wconf 89' lang='lat' dir='ltr'>se</span> <span class='ocrx_word' id='word_1_186' title='bbox 731 1602 845 1641; x_wconf 90' lang='lat' dir='ltr'>habet</span> <span class='ocrx_word' id='word_1_187' title='bbox 861 1621 872 1648; x_wconf 83' lang='lat'>3</span> <span class='ocrx_word' id='word_1_188' title='bbox 917 1616 1036 1655; x_wconf 88' lang='lat' dir='ltr'>eaque</span> <span class='ocrx_word' id='word_1_189' title='bbox 1061 1603 1271 1656; x_wconf 85' lang='lat' dir='ltr'>despiciens</span> <span class='ocrx_word' id='word_1_190' title='bbox 1302 1605 1405 1643; x_wconf 86' lang='lat' dir='ltr'>casus</span> <span class='ocrx_word' id='word_1_191' title='bbox 1436 1607 1651 1644; x_wconf 87' lang='lat' dir='ltr'>contemnit</span> <span class='ocrx_word' id='word_1_192' title='bbox 1678 1606 1895 1652; x_wconf 66' lang='lat' dir='ltr'>humanos,</span> 
     </span>
     <span class='ocr_line' id='line_1_22' title="bbox 509 1668 1896 1724; baseline 0.002 -17"><span class='ocrx_word' id='word_1_193' title='bbox 509 1669 698 1721; x_wconf 83' lang='lat' dir='ltr'>culpaque</span> <span class='ocrx_word' id='word_1_194' title='bbox 718 1668 825 1705; x_wconf 90' lang='lat' dir='ltr'>omni</span> <span class='ocrx_word' id='word_1_195' title='bbox 856 1681 997 1713; x_wconf 82' lang='lat' dir='ltr'>carens,</span> <span class='ocrx_word' id='word_1_196' title='bbox 1030 1677 1162 1721; x_wconf 74' lang='lat' dir='ltr'>praeter</span> <span class='ocrx_word' id='word_1_197' title='bbox 1188 1668 1222 1706; x_wconf 92' lang='lat' dir='ltr'>se</span> <span class='ocrx_word' id='word_1_198' title='bbox 1243 1669 1375 1722; x_wconf 88' lang='lat' dir='ltr'>ipsam,</span> <span class='ocrx_word' id='word_1_199' title='bbox 1407 1668 1505 1707; x_wconf 88' lang='lat' dir='ltr'>nihil</span> <span class='ocrx_word' id='word_1_200' title='bbox 1535 1671 1661 1709; x_wconf 87' lang='lat' dir='ltr'>censet</span> <span class='ocrx_word' id='word_1_201' title='bbox 1689 1672 1735 1709; x_wconf 83' lang='lat' dir='ltr'>ad</span> <span class='ocrx_word' id='word_1_202' title='bbox 1756 1672 1789 1709; x_wconf 75' lang='lat' dir='ltr'>se</span> <span class='ocrx_word' id='word_1_203' title='bbox 1811 1686 1896 1724; x_wconf 87' lang='lat' dir='ltr'>per-</span> 
     </span>
     <span class='ocr_line' id='line_1_23' title="bbox 510 1733 1896 1789; baseline 0.003 -18"><span class='ocrx_word' id='word_1_204' title='bbox 510 1735 642 1771; x_wconf 88' lang='lat' dir='ltr'>tinere.</span> <span class='ocrx_word' id='word_1_205' title='bbox 676 1733 760 1772; x_wconf 92' lang='lat' dir='ltr'>Nos</span> <span class='ocrx_word' id='word_1_206' title='bbox 781 1743 907 1770; x_wconf 84' lang='lat' dir='ltr'>autem</span> <span class='ocrx_word' id='word_1_207' title='bbox 927 1734 1057 1770; x_wconf 87' lang='lat' dir='ltr'>omnia</span> <span class='ocrx_word' id='word_1_208' title='bbox 1087 1733 1234 1770; x_wconf 83' lang='lat' dir='ltr'>adversa</span> <span class='ocrx_word' id='word_1_209' title='bbox 1264 1743 1349 1771; x_wconf 90' lang='lat' dir='ltr'>tum</span> <span class='ocrx_word' id='word_1_210' title='bbox 1370 1735 1558 1773; x_wconf 87' lang='lat' dir='ltr'>venientia</span> <span class='ocrx_word' id='word_1_211' title='bbox 1577 1746 1682 1774; x_wconf 90' lang='lat' dir='ltr'>metu</span> <span class='ocrx_word' id='word_1_212' title='bbox 1703 1747 1896 1789; x_wconf 84' lang='lat' dir='ltr'>augentes,</span> 
     </span>
    </p>
   </div>
   <div class='ocr_carea' id='block_1_3' title="bbox 509 1796 1902 2646">
    <p class='ocr_par' dir='ltr' id='par_1_4' title="bbox 509 1796 1897 1903">
     <span class='ocr_line' id='line_1_24' title="bbox 510 1796 1897 1850; baseline 0.003 -14"><span class='ocrx_word' id='word_1_213' title='bbox 510 1808 596 1836; x_wconf 89' lang='lat' dir='ltr'>tum</span> <span class='ocrx_word' id='word_1_214' title='bbox 617 1810 780 1836; x_wconf 88' lang='lat' dir='ltr'>moerore</span> <span class='ocrx_word' id='word_1_215' title='bbox 799 1796 1004 1849; x_wconf 64' lang='lat' dir='ltr'>praesentia,</span> <span class='ocrx_word' id='word_1_216' title='bbox 1028 1810 1153 1836; x_wconf 89' lang='lat' dir='ltr'>rerum</span> <span class='ocrx_word' id='word_1_217' title='bbox 1173 1807 1362 1843; x_wconf 88' lang='lat' dir='ltr'>naturam,</span> <span class='ocrx_word' id='word_1_218' title='bbox 1384 1812 1501 1850; x_wconf 87' lang='lat' dir='ltr'>quam</span> <span class='ocrx_word' id='word_1_219' title='bbox 1521 1813 1686 1839; x_wconf 87' lang='lat' dir='ltr'>errorem</span> <span class='ocrx_word' id='word_1_220' title='bbox 1713 1802 1897 1847; x_wconf 86' lang='lat' dir='ltr'>nostrum,</span> 
     </span>
     <span class='ocr_line' id='line_1_25' title="bbox 509 1862 915 1903; baseline -0.007 1"><span class='ocrx_word' id='word_1_221' title='bbox 509 1865 688 1903; x_wconf 87' lang='lat' dir='ltr'>damnare</span> <span class='ocrx_word' id='word_1_222' title='bbox 707 1862 915 1901; x_wconf 84' lang='lat' dir='ltr'>malumus.</span> 
     </span>
    </p>

    <p class='ocr_par' dir='ltr' id='par_1_5' title="bbox 512 1927 1902 2646">
     <span class='ocr_line' id='line_1_26' title="bbox 567 1927 1900 1986; baseline 0.003 -19"><span class='ocrx_word' id='word_1_223' title='bbox 567 1930 621 1969; x_wconf 90' lang='lat'>11.</span> <span class='ocrx_word' id='word_1_224' title='bbox 653 1929 724 1968; x_wconf 88' lang='lat' dir='ltr'>Sed</span> <span class='ocrx_word' id='word_1_225' title='bbox 744 1938 782 1966; x_wconf 84' lang='lat' dir='ltr'>et</span> <span class='ocrx_word' id='word_1_226' title='bbox 797 1927 912 1980; x_wconf 85' lang='lat' dir='ltr'>hujus</span> <span class='ocrx_word' id='word_1_227' title='bbox 932 1928 1053 1980; x_wconf 86' lang='lat' dir='ltr'>culpae</span> <span class='ocrx_word' id='word_1_228' title='bbox 1073 1937 1112 1967; x_wconf 84' lang='lat' dir='ltr'>et</span> <span class='ocrx_word' id='word_1_229' title='bbox 1131 1938 1354 1969; x_wconf 83' lang='lat' dir='ltr'>caeterorum</span> <span class='ocrx_word' id='word_1_230' title='bbox 1375 1931 1555 1970; x_wconf 85' lang='lat' dir='ltr'>vitiorum</span> <span class='ocrx_word' id='word_1_231' title='bbox 1579 1942 1900 1986; x_wconf 84' lang='lat' dir='ltr'>peccatorumque</span> 
     </span>
     <span class='ocr_line' id='line_1_27' title="bbox 512 1991 1900 2049; baseline 0.001 -15"><span class='ocrx_word' id='word_1_232' title='bbox 512 1994 728 2034; x_wconf 85' lang='lat' dir='ltr'>nostrorum</span> <span class='ocrx_word' id='word_1_233' title='bbox 747 1993 874 2031; x_wconf 86' lang='lat' dir='ltr'>omnis</span> <span class='ocrx_word' id='word_1_234' title='bbox 894 2006 914 2031; x_wconf 83' lang='lat' dir='ltr'>a</span> <span class='ocrx_word' id='word_1_235' title='bbox 944 1991 1184 2045; x_wconf 80' lang='lat' dir='ltr'>philosophia</span> <span class='ocrx_word' id='word_1_236' title='bbox 1215 1995 1376 2048; x_wconf 81' lang='lat' dir='ltr'>petenda</span> <span class='ocrx_word' id='word_1_237' title='bbox 1399 1997 1583 2035; x_wconf 66' lang='lat' dir='ltr'>corressio</span> <span class='ocrx_word' id='word_1_238' title='bbox 1601 1997 1674 2038; x_wconf 60' lang='lat' dir='ltr'>est„</span> <span class='ocrx_word' id='word_1_239' title='bbox 1710 1998 1831 2049; x_wconf 88' lang='lat' dir='ltr'>Cujus</span> <span class='ocrx_word' id='word_1_240' title='bbox 1860 1999 1900 2036; x_wconf 92' lang='lat' dir='ltr'>in</span> 
     </span>
     <span class='ocr_line' id='line_1_28' title="bbox 512 2059 1899 2112; baseline 0.002 -13"><span class='ocrx_word' id='word_1_241' title='bbox 512 2061 640 2099; x_wconf 78' lang='lat' dir='ltr'>sinum</span> <span class='ocrx_word' id='word_1_242' title='bbox 657 2072 749 2097; x_wconf 87' lang='lat' dir='ltr'>cum</span> <span class='ocrx_word' id='word_1_243' title='bbox 770 2073 789 2096; x_wconf 86' lang='lat' dir='ltr'>a</span> <span class='ocrx_word' id='word_1_244' title='bbox 818 2059 950 2111; x_wconf 87' lang='lat' dir='ltr'>primis</span> <span class='ocrx_word' id='word_1_245' title='bbox 973 2060 1209 2112; x_wconf 84' lang='lat' dir='ltr'>temporibus</span> <span class='ocrx_word' id='word_1_246' title='bbox 1237 2061 1354 2100; x_wconf 79' lang='lat' dir='ltr'>aetatis</span> <span class='ocrx_word' id='word_1_247' title='bbox 1375 2061 1498 2099; x_wconf 84' lang='lat' dir='ltr'>nostra</span> <span class='ocrx_word' id='word_1_248' title='bbox 1516 2061 1690 2101; x_wconf 78' lang='lat' dir='ltr'>voluntas</span> <span class='ocrx_word' id='word_1_249' title='bbox 1710 2063 1899 2102; x_wconf 83' lang='lat' dir='ltr'>studium-</span> 
     </span>
     <span class='ocr_line' id='line_1_29' title="bbox 514 2124 1899 2182; baseline 0.003 -18"><span class='ocrx_word' id='word_1_250' title='bbox 514 2140 588 2179; x_wconf 79' lang='lat' dir='ltr'>que</span> <span class='ocrx_word' id='word_1_251' title='bbox 610 2139 676 2164; x_wconf 85' lang='lat' dir='ltr'>nos</span> <span class='ocrx_word' id='word_1_252' title='bbox 709 2124 939 2169; x_wconf 77' lang='lat' dir='ltr'>contuliss‘et,</span> <span class='ocrx_word' id='word_1_253' title='bbox 969 2124 1031 2164; x_wconf 77' lang='lat' dir='ltr'>his</span> <span class='ocrx_word' id='word_1_254' title='bbox 1049 2125 1272 2178; x_wconf 79' lang='lat' dir='ltr'>graviffimis</span> <span class='ocrx_word' id='word_1_255' title='bbox 1305 2127 1448 2166; x_wconf 74' lang='lat' dir='ltr'>casibus</span> <span class='ocrx_word' id='word_1_256' title='bbox 1470 2128 1508 2166; x_wconf 93' lang='lat' dir='ltr'>in</span> <span class='ocrx_word' id='word_1_257' title='bbox 1537 2129 1702 2168; x_wconf 87' lang='lat' dir='ltr'>eundem</span> <span class='ocrx_word' id='word_1_258' title='bbox 1729 2139 1899 2182; x_wconf 88' lang='lat' dir='ltr'>portum,</span> 
     </span>
     <span class='ocr_line' id='line_1_30' title="bbox 514 2190 1898 2248; baseline 0.003 -18"><span class='ocrx_word' id='word_1_259' title='bbox 514 2205 563 2233; x_wconf 73' lang='lat' dir='ltr'>ex</span> <span class='ocrx_word' id='word_1_260' title='bbox 595 2205 673 2244; x_wconf 88' lang='lat' dir='ltr'>quo</span> <span class='ocrx_word' id='word_1_261' title='bbox 705 2204 853 2229; x_wconf 81' lang='lat' dir='ltr'>cramus</span> <span class='ocrx_word' id='word_1_262' title='bbox 887 2190 1030 2243; x_wconf 83' lang='lat' dir='ltr'>egrefli,</span> <span class='ocrx_word' id='word_1_263' title='bbox 1061 2204 1197 2243; x_wconf 78' lang='lat' dir='ltr'>magna</span> <span class='ocrx_word' id='word_1_264' title='bbox 1221 2193 1349 2245; x_wconf 53' lang='lat' dir='ltr'>jactati</span> <span class='ocrx_word' id='word_1_265' title='bbox 1373 2193 1607 2245; x_wconf 70' lang='lat' dir='ltr'>tempestate,</span> <span class='ocrx_word' id='word_1_266' title='bbox 1637 2193 1898 2248; x_wconf 82' lang='lat' dir='ltr'>confugimus.</span> 
     </span>
     <span class='ocr_line' id='line_1_31' title="bbox 517 2255 1900 2314; baseline 0.003 -18"><span class='ocrx_word' id='word_1_267' title='bbox 517 2260 554 2296; x_wconf 85' lang='lat' dir='ltr'><em>O</em></span> <span class='ocrx_word' id='word_1_268' title='bbox 577 2258 662 2296; x_wconf 83' lang='lat' dir='ltr'>vitae</span> <span class='ocrx_word' id='word_1_269' title='bbox 682 2255 922 2309; x_wconf 83' lang='lat' dir='ltr'>philosophia</span> <span class='ocrx_word' id='word_1_270' title='bbox 943 2257 1042 2296; x_wconf 81' lang='lat' dir='ltr'>dux!</span> <span class='ocrx_word' id='word_1_271' title='bbox 1077 2258 1113 2296; x_wconf 92' lang='lat' dir='ltr'>O</span> <span class='ocrx_word' id='word_1_272' title='bbox 1132 2258 1283 2297; x_wconf 82' lang='lat' dir='ltr'>virtutis</span> <span class='ocrx_word' id='word_1_273' title='bbox 1303 2259 1529 2312; x_wconf 72' lang='lat' dir='ltr'>indagatrix,</span> <span class='ocrx_word' id='word_1_274' title='bbox 1551 2261 1822 2314; x_wconf 73' lang='lat' dir='ltr'>expultrixque</span> <span class='ocrx_word' id='word_1_275' title='bbox 1843 2262 1900 2299; x_wconf 73' lang='lat' dir='ltr'>vi-</span> 
     </span>
     <span class='ocr_line' id='line_1_32' title="bbox 515 2321 1901 2374; baseline 0.004 -13"><span class='ocrx_word' id='word_1_276' title='bbox 515 2321 685 2366; x_wconf 77' lang='lat' dir='ltr'>tiorum!</span> <span class='ocrx_word' id='word_1_277' title='bbox 719 2322 826 2374; x_wconf 84' lang='lat' dir='ltr'>Qid</span> <span class='ocrx_word' id='word_1_278' title='bbox 848 2336 922 2360; x_wconf 89' lang='lat' dir='ltr'>non</span> <span class='ocrx_word' id='word_1_279' title='bbox 955 2323 1069 2361; x_wconf 84' lang='lat' dir='ltr'>modo</span> <span class='ocrx_word' id='word_1_280' title='bbox 1091 2337 1171 2368; x_wconf 80' lang='lat' dir='ltr'>nos,</span> <span class='ocrx_word' id='word_1_281' title='bbox 1206 2324 1263 2362; x_wconf 83' lang='lat' dir='ltr'>sed</span> <span class='ocrx_word' id='word_1_282' title='bbox 1284 2326 1446 2364; x_wconf 85' lang='lat' dir='ltr'>omnino</span> <span class='ocrx_word' id='word_1_283' title='bbox 1479 2326 1555 2365; x_wconf 79' lang='lat' dir='ltr'>vita</span> <span class='ocrx_word' id='word_1_284' title='bbox 1574 2325 1796 2372; x_wconf 87' lang='lat' dir='ltr'>hominum,</span> <span class='ocrx_word' id='word_1_285' title='bbox 1828 2328 1901 2366; x_wconf 81' lang='lat' dir='ltr'>sine</span> 
     </span>
     <span class='ocr_line' id='line_1_33' title="bbox 517 2388 1902 2446; baseline 0.001 -17"><span class='ocrx_word' id='word_1_286' title='bbox 517 2399 554 2429; x_wconf 86' lang='lat' dir='ltr'>te</span> <span class='ocrx_word' id='word_1_287' title='bbox 572 2388 642 2427; x_wconf 85' lang='lat' dir='ltr'>esse</span> <span class='ocrx_word' id='word_1_288' title='bbox 662 2389 872 2442; x_wconf 77' lang='lat' dir='ltr'>potuiffet?</span> <span class='ocrx_word' id='word_1_289' title='bbox 904 2390 969 2428; x_wconf 86' lang='lat' dir='ltr'>Tu</span> <span class='ocrx_word' id='word_1_290' title='bbox 1002 2390 1111 2429; x_wconf 77' lang='lat' dir='ltr'>urbes</span> <span class='ocrx_word' id='word_1_291' title='bbox 1143 2391 1344 2443; x_wconf 69' lang='lat' dir='ltr'>peperisti5</span> <span class='ocrx_word' id='word_1_292' title='bbox 1376 2401 1416 2431; x_wconf 82' lang='lat' dir='ltr'>tu</span> <span class='ocrx_word' id='word_1_293' title='bbox 1437 2392 1625 2446; x_wconf 84' lang='lat' dir='ltr'>diffipatos</span> <span class='ocrx_word' id='word_1_294' title='bbox 1656 2393 1832 2433; x_wconf 83' lang='lat' dir='ltr'>homines</span> <span class='ocrx_word' id='word_1_295' title='bbox 1862 2395 1902 2432; x_wconf 86' lang='lat' dir='ltr'>in</span> 
     </span>
     <span class='ocr_line' id='line_1_34' title="bbox 518 2455 1898 2512; baseline 0.004 -18"><span class='ocrx_word' id='word_1_296' title='bbox 518 2455 734 2494; x_wconf 77' lang='lat' dir='ltr'>societatem</span> <span class='ocrx_word' id='word_1_297' title='bbox 769 2456 854 2494; x_wconf 75' lang='lat' dir='ltr'>vita.»</span> <span class='ocrx_word' id='word_1_298' title='bbox 883 2455 1122 2502; x_wconf 75' lang='lat' dir='ltr'>convocasti3</span> <span class='ocrx_word' id='word_1_299' title='bbox 1155 2466 1195 2494; x_wconf 89' lang='lat' dir='ltr'>tu</span> <span class='ocrx_word' id='word_1_300' title='bbox 1230 2471 1292 2496; x_wconf 85' lang='lat' dir='ltr'>eos</span> <span class='ocrx_word' id='word_1_301' title='bbox 1324 2458 1422 2497; x_wconf 84' lang='lat' dir='ltr'>inter</span> <span class='ocrx_word' id='word_1_302' title='bbox 1456 2459 1488 2497; x_wconf 84' lang='lat' dir='ltr'>se</span> <span class='ocrx_word' id='word_1_303' title='bbox 1523 2461 1648 2512; x_wconf 85' lang='lat' dir='ltr'>primo</span> <span class='ocrx_word' id='word_1_304' title='bbox 1679 2461 1898 2504; x_wconf 81' lang='lat' dir='ltr'>domiciliis.</span> 
     </span>
     <span class='ocr_line' id='line_1_35' title="bbox 518 2520 1899 2578; baseline 0.003 -18"><span class='ocrx_word' id='word_1_305' title='bbox 518 2520 654 2560; x_wconf 75' lang='lat' dir='ltr'>deinde</span> <span class='ocrx_word' id='word_1_306' title='bbox 674 2522 878 2574; x_wconf 82' lang='lat' dir='ltr'>conjugiis,</span> <span class='ocrx_word' id='word_1_307' title='bbox 911 2531 993 2560; x_wconf 89' lang='lat' dir='ltr'>tum</span> <span class='ocrx_word' id='word_1_308' title='bbox 1016 2521 1208 2563; x_wconf 73' lang='lat' dir='ltr'>literarum</span> <span class='ocrx_word' id='word_1_309' title='bbox 1228 2533 1266 2563; x_wconf 86' lang='lat' dir='ltr'>ct</span> <span class='ocrx_word' id='word_1_310' title='bbox 1285 2536 1425 2565; x_wconf 86' lang='lat' dir='ltr'>vocum</span> <span class='ocrx_word' id='word_1_311' title='bbox 1444 2527 1732 2570; x_wconf 86' lang='lat' dir='ltr'>communione,</span> <span class='ocrx_word' id='word_1_312' title='bbox 1748 2527 1899 2578; x_wconf 82' lang='lat' dir='ltr'>junxis-</span> 
     </span>
     <span class='ocr_line' id='line_1_36' title="bbox 519 2587 1898 2646; baseline 0.003 -19"><span class='ocrx_word' id='word_1_313' title='bbox 519 2587 578 2633; x_wconf 65' lang='lat' dir='ltr'>ti,</span> <span class='ocrx_word' id='word_1_314' title='bbox 611 2595 650 2626; x_wconf 85' lang='lat' dir='ltr'>tu</span> <span class='ocrx_word' id='word_1_315' title='bbox 672 2587 861 2628; x_wconf 77' lang='lat' dir='ltr'>inventrix</span> <span class='ocrx_word' id='word_1_316' title='bbox 890 2588 1036 2642; x_wconf 85' lang='lat' dir='ltr'>legum,</span> <span class='ocrx_word' id='word_1_317' title='bbox 1068 2597 1109 2629; x_wconf 86' lang='lat' dir='ltr'>tu</span> <span class='ocrx_word' id='word_1_318' title='bbox 1133 2590 1310 2643; x_wconf 76' lang='lat' dir='ltr'>magistra</span> <span class='ocrx_word' id='word_1_319' title='bbox 1324 2604 1479 2632; x_wconf 84' lang='lat' dir='ltr'>morum</span> <span class='ocrx_word' id='word_1_320' title='bbox 1498 2602 1538 2631; x_wconf 87' lang='lat' dir='ltr'>et</span> <span class='ocrx_word' id='word_1_321' title='bbox 1555 2592 1762 2646; x_wconf 76' lang='lat' dir='ltr'>disciplina:</span> <span class='ocrx_word' id='word_1_322' title='bbox 1783 2591 1898 2631; x_wconf 72' lang='lat' dir='ltr'>suisti.</span> 
     </span>
    </p>
   </div>
  </div>
 </body>
</html>
