2330 2983
638 303 714 342 226
1055 299 1162 339 DE
1220 299 1604 340 FINIBUS

634 398 798 443 attende,
819 397 944 451 quaeso
961 416 972 443 ;
1004 411 1092 437 nam
1123 398 1262 446 adhuc,
1298 413 1386 439 meo
1404 399 1554 439 fortasse
1571 399 1680 445 vitio,
1713 399 1809 453 quid
1828 411 1901 453 ego
1920 413 2026 454 quae-

634 477 729 507 ram,
752 477 827 502 non
849 463 1040 517 perspicis.
1091 464 1178 503 Istic
1209 465 1308 512 sum,
1334 466 1477 519 inquit,
1504 467 1740 519 expectoque
1772 466 1868 519 quid
1894 465 1944 505 ad
1970 466 2027 511 id,

636 529 740 582 quod
759 543 940 582 quaeram‚
959 530 1194 583 respondeas.
2054 574 2057 576 ,

673 597 845 634 XXVII.
879 595 1147 649 RespondebO,
1166 610 1228 635 me
1249 610 1325 635 non
1347 610 1527 650 quaerere,
1548 597 1722 650 inquam,
1742 595 1819 636 hoc
1839 605 2027 651 tempore,

634 660 730 713 quid
750 662 868 698 virtus
888 661 997 714 poffit
1014 661 1179 708 efficere,
1197 661 1259 700 sed
1279 662 1372 714 quid
1387 662 1601 701 constanter
1620 663 1781 708 dicatur,
1794 662 1892 715 quid
1901 662 2030 715 ipsum

635 739 656 764 a
676 726 709 763 se
731 725 932 763 dissentiat.
973 727 1064 777 Qo
1084 726 1215 778 igitur,
1238 727 1380 778 inquit,
1402 727 1547 765 modo?
1579 727 1684 779 Qia
1701 740 1794 765 cum
1809 740 1835 765 a
1853 728 2030 772 Zenone,

634 791 808 843 inquam,
840 790 915 828 hoc
935 791 1153 844 magnifice,
1188 801 1370 844 tanquam
1389 805 1436 830 ex
1455 791 1624 836 oraculo,
1656 792 1797 837 editur,
1828 793 1957 831 Virtus
1980 790 2035 830 ad

634 856 733 894 beate
752 855 944 894 vivendum
962 857 1007 909 st
1025 856 1098 909 ipsc}
1131 865 1297 895 contenta
1329 855 1373 909 est
1384 875 1397 902 3
1429 857 1574 908 Qare,
1603 856 1763 909 inquit?
1793 856 2031 910 Respondet,

634 922 743 973 Quia,
773 922 840 973 nfi
864 920 957 975 quod
983 921 1156 975 honestum
1184 921 1243 974 est,
1272 921 1406 960 nullum
1424 922 1469 976 est
1487 921 1590 961 aliud
1602 921 1740 961 bonum.
1785 922 1881 961 Non
1901 935 2033 975 quaero

629 987 727 1039 jam,
763 1000 946 1026 verumne
975 986 1047 1032 fit,
1078 986 1178 1025 illud
1197 987 1298 1033 dico,
1329 1000 1386 1033 ω,
1416 1001 1502 1040 quae
1520 987 1636 1033 dicat,
1670 987 1847 1041 praeclare
1875 987 1976 1027 inter
1993 986 2033 1026 se

635 1051 836 1091 cohaerere.

690 1119 846 1157 Dixerit
878 1116 953 1157 hoc
972 1118 1077 1157 idem
1097 1118 1304 1172 Epicurus,
1338 1118 1494 1172 Semper
1511 1119 1669 1158 beatum
1701 1118 1772 1157 effe
1790 1118 2000 1172 sapientem
2014 1135 2031 1163 ς

635 1185 741 1237 quod
761 1183 917 1237 quidem
939 1183 1030 1222 solet
1062 1183 1222 1222 ebullire
1254 1197 1561 1237 nonnunquam:
1592 1197 1711 1237 quem
1730 1184 1908 1237 quidem,
1935 1197 2033 1223 cum

636 1249 798 1288 summis
831 1248 1028 1287 doloribus
1063 1248 1303 1294 conficiatur,
1338 1250 1390 1287 ait
1423 1250 1632 1295 dicturum,
1664 1251 1781 1302 Quam
1799 1252 1922 1302 suave
1952 1248 2030 1301 est!

634 1328 740 1368 quam
758 1314 852 1353 nihil
864 1315 977 1352 curo!
1007 1313 1101 1352 Non
1128 1327 1299 1367 pugnem
1318 1327 1411 1352 cum
1431 1314 1605 1359 homine,
1635 1327 1705 1352 cur
1722 1322 1878 1352 tantum
1890 1313 2030 1352 habeat

635 1381 676 1418 in
709 1389 839 1418 natura
870 1379 989 1418 boni:
1021 1379 1118 1418 illud
1146 1392 1319 1432 urgeam,
1348 1393 1426 1418 non
1458 1380 1671 1432 intelligere
1699 1392 1806 1424 eum,
1836 1379 1933 1431 quid
1960 1378 2033 1417 fibi

635 1447 843 1485 dicendum
864 1446 921 1491 fit,
954 1459 1044 1484 cum
1066 1446 1237 1484 dolorem
1258 1445 1456 1485 summum
1477 1446 1626 1484 malum
1646 1444 1718 1484 effe
1738 1445 1892 1484 dixerit.
1949 1445 2030 1484 Ea-

635 1513 724 1551 dem
754 1527 858 1551 nunc
894 1525 978 1550 mea
1007 1512 1203 1550 adversum
1234 1522 1270 1550 te
1290 1513 1411 1551 oratio
1438 1512 1504 1551 est.
1549 1512 1661 1552 Dicis
1682 1511 1814 1550 eadem
1833 1511 1966 1550 omnia
1991 1519 2032 1549 et

635 1579 735 1617 bona
755 1588 792 1617 et
825 1577 937 1622 mala,
968 1591 1052 1630 quae
1071 1578 1230 1630 quidem
1261 1578 1396 1616 dicunt
1427 1579 1493 1630 qui
1520 1591 1719 1631 nunquam
1755 1575 2032 1631 philosophum

635 1645 798 1697 pidfflm,
834 1653 877 1682 ut
895 1643 1049 1688 dicitur,
1065 1643 1247 1681 ‘viderunt
1263 1661 1274 1688 ς
1306 1644 1579 1688 valetudinem,
1600 1644 1711 1687 vires,
1731 1643 1926 1688 staturam,
1946 1641 2030 1681 for-

635 1724 755 1756 mam,
777 1709 1034 1762 integritatem
1050 1709 1350 1762 unguiculorum
1370 1710 1563 1755 omnium,
1580 1709 1680 1748 bona
1692 1728 1704 1755 ς
1726 1708 2030 1753 deformitatem,

635 1777 832 1821 morbum,
853 1775 1104 1820 debilitatem,
1127 1775 1238 1814 mala.

690 1843 777 1894 Jam
809 1842 876 1880 illa
905 1850 1057 1880 externa
1091 1839 1200 1894 parce
1235 1850 1277 1879 tu
1309 1841 1465 1894 quidem
1483 1859 1494 1885 ;
1527 1841 1588 1879 sed
1620 1841 1702 1879 haec
1736 1853 1829 1879 cum
1859 1840 2032 1893 corporis

636 1908 736 1946 bona
756 1908 840 1952 fint,
868 1920 1001 1945 eorum
1022 1906 1264 1945 conficientia
1283 1916 1386 1945 certe
1407 1907 1445 1945 in
1474 1907 1585 1945 bonis
1614 1906 1849 1950 numerabis,
1868 1906 2030 1950 amicos,

633 1973 790 2017 liberos,
810 1971 1061 2025 propinquos,
1082 1971 1246 2015 divitias,
1269 1970 1445 2017 honores,
1466 1985 1570 2024 opes.
1603 1974 1748 2010 Contra
1776 1970 1858 2009 haec
1877 1970 2030 2008 attende

635 2051 699 2076 me
719 2036 817 2076 nihil
837 2037 983 2075 dicere:
1007 2035 1032 2074 fi
1054 2036 1120 2074 ista
1140 2036 1238 2074 mala
1257 2036 1357 2081 sunt,
1373 2038 1414 2075 in
1435 2050 1520 2089 quae
1541 2036 1660 2090 potest
1680 2036 1847 2074 incidere
1867 2034 2029 2088 sapiens,

635 2103 840 2156 sapientem
861 2101 944 2146 effe,
966 2115 1042 2139 non
1063 2101 1133 2140 esse
1152 2102 1197 2140 ad
1219 2101 1324 2140 beate
1340 2102 1546 2140 vivendum
1568 2101 1666 2140 satis.
1698 2101 1830 2139 Immo
1843 2113 1945 2145 vero,
1964 2101 2029 2138 in-

635 2169 736 2221 quit,
766 2168 811 2205 ad
831 2166 1038 2206 beatiffime
1071 2167 1293 2212 vivendum,
1322 2180 1456 2220 parum
1490 2167 1565 2205 est:
1597 2166 1642 2205 ad
1664 2168 1771 2205 beate
1790 2179 1892 2211 vero,
1924 2165 2024 2203 satis.

634 2232 916 2277 Animadverti,
939 2232 1111 2284 inquam,
1149 2241 1184 2270 te
1216 2232 1285 2270 isto
1305 2233 1421 2271 modo
1441 2232 1554 2286 paulo
1573 2241 1659 2270 ante
1691 2244 1855 2284 ponere,
1886 2241 1924 2269 et
1950 2231 2028 2269 scio

635 2299 682 2338 ab
703 2297 901 2338 Antiocho
921 2297 1044 2335 nostro
1064 2298 1140 2335 dici
1162 2298 1209 2336 s1c
1231 2298 1359 2336 solere.
1418 2298 1489 2337 Sed
1508 2298 1601 2350 quid
1619 2298 1746 2336 minus
1767 2296 2025 2350 probandum,

635 2379 753 2420 quam
772 2364 842 2403 effe
861 2364 1029 2416 aliquem
1050 2364 1218 2409 beatum,
1241 2378 1311 2403 nec
1332 2364 1416 2402 satis
1439 2365 1621 2402 beatum?
1653 2364 1771 2415 Qod
1790 2373 1918 2402 autem
1940 2362 2026 2401 satis

634 2432 701 2477 est,
722 2434 768 2470 eo
788 2431 978 2484 quidquid
997 2430 1200 2476 accesserit,
1222 2431 1388 2469 nimium
1409 2430 1485 2476 τῆς
1512 2441 1550 2470 et
1573 2444 1687 2470 nemo
1707 2430 1874 2469 nimium
1895 2429 2026 2468 beatus

635 2497 702 2541 est,
724 2506 761 2535 et
783 2510 897 2535 nemo
917 2496 1027 2535 beato
1047 2496 1202 2535 beatior.

692 2563 810 2615 Ergo,
847 2563 986 2614 inquit,
1009 2562 1079 2600 tibi
1101 2561 1377 2614 QMetcllus,
1399 2561 1465 2614 qui
1495 2571 1567 2600 tres
1589 2561 1688 2600 filios
1709 2560 1893 2601 Consules
1913 2559 2024 2604 vidit,

635 2642 657 2669 e
676 2629 817 2683 quibus
852 2642 974 2668 unum
992 2629 1107 2668 etiam
1127 2639 1165 2668 ct
1187 2628 1391 2672 Censorem
1422 2638 1459 2667 et
1493 2628 1814 2683 triumphantem,
1844 2635 2027 2680 quartum
