2330 2983
499 267 572 307 132
907 253 1009 290 DE
1094 249 1481 290 FINIBUS

496 355 577 406 Qi
597 363 726 391 autem
747 351 943 404 voluptate
962 352 1083 390 vitam
1102 350 1204 389 effici
1219 349 1370 388 beatam
1391 345 1557 401 putabit,
1575 346 1643 399 qui
1662 345 1732 385 fibi
1752 345 1784 385 is
1800 359 1897 386 con·-

494 421 634 464 veniet,
666 419 691 456 fi
724 418 877 470 negabit
910 417 1149 470 voluptatem
1171 415 1334 455 crescere
1365 413 1680 467 longinquitate?
1711 413 1831 466 igitur
1851 425 1899 451 ne

495 485 667 523 dolorem
687 483 860 536 quidem.
891 485 953 522 An
976 483 1084 522 dolor
1103 482 1344 535 longissimus
1365 480 1525 533 quisque
1545 479 1804 518 miserrimus:
1827 493 1897 517 vo-

495 550 685 603 luptatem
706 563 783 588 non
800 550 1068 603 optabiliorem
1086 548 1316 587 diuturnitas
1336 545 1456 585 facit?
1476 546 1584 596 Qid
1605 546 1657 583 est
1676 545 1808 598 igitur,
1830 558 1900 583 cur

496 617 549 654 ita
568 617 716 669 semper
735 616 867 654 Deum
884 615 1050 669 appellet
1066 615 1260 667 Epicurus
1280 613 1420 652 beatum
1438 621 1473 650 et
1491 622 1667 650 aeternum
1683 611 1703 649 2?
1727 611 1901 663 Dempta

495 682 601 720 enim
623 682 828 720 aeternitate
848 680 973 720 nihilo
993 681 1136 719 beatior
1156 679 1322 732 Jupiter,
1347 692 1464 731 quam
1485 678 1690 730 Epicurus.
1724 677 1900 729 Uterque

496 748 601 785 euim
621 745 774 787 summo
794 746 897 784 bono
916 745 1070 790 fruitur,
1102 745 1141 783 id
1160 744 1226 789 est,
1248 744 1456 796 voluptate.
1498 744 1555 780 At
1570 743 1675 780 enim
1695 741 1760 780 hic
1780 742 1899 780 etiam

498 812 643 850 dolore.
689 813 744 849 At
774 825 866 848 eum
897 809 1011 848 nihili
1041 810 1134 848 facit
1149 828 1161 854 5
1193 811 1245 847 ait
1265 809 1371 846 enim
1399 807 1448 852 se,
1479 807 1506 845 fi
1526 816 1669 851 uratur,
1699 807 1817 858 Quam
1834 807 1898 845 hoc

482 879 632 930 fimvel
666 877 874 914 dicturum.
907 876 996 927 Qa
1011 876 1130 929 igitur
1150 889 1188 913 re
1207 888 1228 913 a
1243 875 1329 912 Deo
1348 873 1530 917 vincitur,
1552 872 1578 910 s1
1595 872 1802 910 aeternitate
1820 885 1899 911 non

498 943 694 981 vincitur?
726 943 768 980 in
797 955 872 995 qua
899 941 995 995 quid
1014 941 1178 1002 est-'boni
1199 949 1332 993 praeter
1358 939 1551 978 summam
1577 938 1833 991 voluptatem,
1859 947 1900 977 et

496 1023 581 1046 eam
597 1008 869 1061 sempiternam
885 1008 898 1045 ?
921 1008 1030 1060 Qid
1049 1019 1140 1060 ergo
1158 1007 1294 1045 attinet
1313 1005 1476 1059 gloriose
1496 1005 1618 1058 loqui,
1637 1004 1704 1042 nisi
1720 1004 1904 1042 constan--

498 1084 554 1113 ter
573 1075 755 1126 loquare?
784 1075 828 1112 In
850 1074 1044 1126 voluptate
1063 1073 1232 1126 corporis
1256 1072 1425 1124 (addam,
1445 1071 1472 1109 fi
1493 1071 1566 1115 vis,
1585 1071 1719 1115 animi,
1741 1069 1836 1108 dum
1856 1083 1898 1108 ea

473 1141 588 1193 ,ipsa,
621 1150 663 1179 ut
690 1141 820 1185 vultis,
854 1140 898 1178 s1t
924 1154 1080 1193 quoque
1114 1140 1154 1177 in
1184 1139 1359 1192 corpore)
1392 1139 1509 1176 situm
1537 1137 1590 1175 est
1618 1137 1742 1174 vivere
1773 1137 1896 1175 beate.

497 1207 629 1258 Qid?
650 1207 759 1244 istam
776 1206 1019 1258 voluptatem
1034 1216 1260 1258 perpetuam
1276 1205 1363 1257 quis
1383 1203 1504 1256 potest
1519 1202 1688 1256 praestare
1708 1202 1866 1255 sapienti
1883 1203 1897 1240 ἓ

498 1273 603 1311 Nam
625 1273 766 1325 quibus
787 1272 898 1310 rebus
919 1272 1140 1310 effici-untur
1165 1272 1394 1324 voluptates,
1424 1269 1483 1308 ha:
1504 1283 1580 1307 non
1601 1269 1689 1307 sunt
1708 1269 1748 1306 in
1770 1269 1898 1321 potes-

497 1348 574 1377 tate
606 1339 798 1392 fapientis.
843 1339 938 1376 Non
968 1339 1074 1376 enim
1109 1339 1149 1376 in
1176 1337 1253 1390 ipsa
1272 1337 1452 1390 sapientia
1481 1336 1646 1388 positum
1665 1335 1719 1373 est
1739 1335 1898 1374 beatum

496 1405 580 1449 effe,
617 1405 737 1442 sedin
771 1404 818 1442 iis
839 1404 966 1450 rebus,
1001 1417 1097 1456 quas
1126 1403 1307 1456 sapientia
1338 1412 1533 1455 comparat
1565 1401 1612 1439 ad
1642 1401 1895 1453 voluptatem.

496 1473 648 1510 Totum
668 1481 797 1509 autem
828 1471 867 1508 id
887 1481 1118 1515 externum3
1149 1479 1201 1514 et,
1230 1469 1333 1522 quod
1352 1479 1571 1513 externum,
1605 1467 1644 1506 id
1664 1468 1703 1506 in
1724 1467 1809 1506 casu
1828 1467 1902 1506 est..

497 1539 555 1575 Ita
574 1537 617 1575 fit
637 1537 754 1575 beatae
775 1537 861 1574 vitae
881 1536 1038 1575 domina
1067 1535 1244 1581 fortuna;
1277 1549 1394 1588 quam
1425 1535 1619 1588 Epicurus
1650 1535 1702 1572 ait
1735 1534 1906 1587 exiguam·

495 1605 716 1643 intervenire
721 1603 896 1657 sapienti.
1054 1640 1057 1642 .

540 1670 734 1708 XXVIII.
758 1671 856 1722 Age,
871 1669 1034 1721 inqu-ies,
1057 1669 1123 1707 ista
1142 1682 1253 1722 parva
1274 1668 1372 1706 sunt.
1396 1669 1596 1721 Sapientem
1615 1667 1804 1719 locupletat
1823 1667 1900 1719 ips&

495 1745 655 1781 natura;
687 1736 798 1787 cujus
825 1735 976 1773 divitias
998 1736 1187 1788 Epicurus
1210 1735 1285 1787 ipse
1307 1734 1487 1787 parabiles
1517 1733 1587 1772 effe
1606 1733 1753 1772 docuit.
1799 1733 1897 1771 Haec

496 1803 591 1840 bene
625 1802 835 1846 dicuntur;
868 1815 936 1839 nec
967 1815 1038 1854 ego
1070 1815 1267 1854 repugno;
1300 1801 1360 1838 sed
1393 1801 1491 1838 inter
1511 1800 1582 1838 sese
1609 1799 1685 1852 ipsa
1706 1808 1896 1852 pugnant.

496 1869 625 1921 Negat
645 1869 749 1906 enim
771 1867 992 1906 tenuiflimo
1007 1868 1124 1912 vic‘tu,
1152 1867 1190 1905 id
1211 1867 1277 1911 est,
1299 1866 1636 1919 contemptiffimis
1657 1865 1750 1902 escis
1770 1874 1807 1902 et
1823 1878 1898 1917 po-

495 1936 681 1979 tionibus,
698 1936 888 1973 minorem
905 1935 1143 1987 voluptatem
1162 1935 1321 1987 percipi,
1335 1947 1452 1986 quam
1471 1933 1581 1971 rebus
1597 1931 1899 1985 exquisitissimis

495 2001 540 2038 ad
560 2000 810 2053 epulandum.
844 2000 951 2038 Huic
971 2013 1056 2052 eg0,
1079 1999 1104 2037 s1
1126 2009 1278 2051 negaret
1298 1999 1511 2050 quidquam
1535 1996 1704 2035 intercise
1724 1996 1769 2034 ad
1791 1997 1897 2035 beate

495 2065 719 2110 vivendum,
751 2065 855 2117 quali
879 2075 1045 2102 uteretur
1072 2065 1189 2109 victu,
1220 2064 1493 2106 conccderenn
1527 2063 1718 2100 laudarem
1749 2062 1894 2107 etiam5

495 2145 629 2170 verum
649 2133 754 2170 enim
775 2131 917 2169 diceret
935 2145 944 2169 z
967 2131 1083 2183 idque
1104 2134 1312 2173 Socratem,
1335 2130 1402 2181 qui
1424 2129 1659 2182 voluptatem
1681 2128 1789 2166 nullo
1811 2128 1901 2166 loco

494 2207 685 2243 numerat,
718 2198 831 2235 audio
865 2197 1074 2242 dicentem,
1110 2197 1180 2236 cibi
1206 2195 1459 2236 condimentum
1487 2195 1546 2249 ‹ff›
1563 2196 1717 2247 firmem,
1745 2194 1896 2247 pctiom's

481 2265 598 2315 sttim.
632 2264 701 2302 Sed
723 2265 804 2316 qui,
827 2265 871 2302 ad
892 2264 1128 2317 voluptatem
1146 2264 1276 2302 omnia
1298 2261 1474 2306 referens,
1498 2263 1591 2299 vivit
1613 2271 1654 2299 ut
1675 2261 1894 2304 Gallonius,

497 2332 667 2383 loquitur
688 2340 729 2368 ut
752 2331 868 2384 Frugi
892 2331 955 2368 illc
978 2331 1076 2376 Piso,
1095 2345 1170 2368 non
1189 2330 1315 2368 audio.
1341 2329 1425 2367 Nec
1442 2329 1546 2366 cuim
1567 2342 1672 2371 eum,
1690 2327 1794 2379 quod
1812 2326 1894 2365 scn-

498 2398 578 2441 tiat,
601 2397 724 2434 dicere
744 2396 934 2434 existimo.

552 2463 754 2500 Naturales
786 2463 935 2500 divitias
957 2461 1052 2500 dixit
1076 2462 1257 2515 parabiles
1280 2461 1363 2504 csse,
1399 2461 1502 2512 quod
1524 2474 1637 2513 parvo
1657 2459 1743 2497 cisct
1764 2468 1897 2497 natura

495 2538 688 2566 contenta.
736 2533 863 2573 Certe,
897 2529 962 2566 nisi
993 2528 1230 2581 voluptatem
1254 2527 1345 2565 tanti
1378 2527 1619 2565 wilini-arctis.
1663 2527 1747 2564 Non
1766 2526 1893 2567 minor,

497 2594 636 2645 inquit.
659 2596 823 2646 voluptas
838 2595 1041 2647 pem-ipitur
1060 2609 1102 2633 cx
1121 2594 1286 2646 vilgffimis
1308 2594 1422 2637 rebus,
1456 2608 1560 2646 quam
1580 2608 1621 2631 cx
1636 2591 1891 2645 preti'jlfffimek.
