<?xml version="1.0" encoding="UTF-8"?>
<!DOCTYPE html PUBLIC "-//W3C//DTD XHTML 1.0 Transitional//EN"
    "http://www.w3.org/TR/xhtml1/DTD/xhtml1-transitional.dtd">
<html xmlns="http://www.w3.org/1999/xhtml" xml:lang="en" lang="en">
 <head>
  <title>
</title>
<meta http-equiv="Content-Type" content="text/html;charset=utf-8" />
  <meta name='ocr-system' content='tesseract 3.04.00' />
  <meta name='ocr-capabilities' content='ocr_page ocr_carea ocr_par ocr_line ocrx_word'/>
</head>
<body>
  <div class='ocr_page' id='page_1' title='image "./operacumindicibu02ciceuoft_0307.png"; bbox 0 0 2330 2983; ppageno 0'>
   <div class='ocr_carea' id='block_1_1' title="bbox 691 291 1796 345">
    <p class='ocr_par' dir='ltr' id='par_1_1' title="bbox 691 291 1796 345">
     <span class='ocr_line' id='line_1_1' title="bbox 691 291 1796 345; baseline 0.002 -15"><span class='ocrx_word' id='word_1_1' title='bbox 691 291 963 331; x_wconf 88' lang='lat' dir='ltr'><strong>LIBER</strong></span> <span class='ocrx_word' id='word_1_2' title='bbox 1019 293 1513 332; x_wconf 83' lang='lat' dir='ltr'>SECUNDUS.</span> <span class='ocrx_word' id='word_1_3' title='bbox 1721 306 1796 345; x_wconf 85' lang='lat'>299</span> 
     </span>
    </p>
   </div>
   <div class='ocr_carea' id='block_1_2' title="bbox 408 389 1800 2521">
    <p class='ocr_par' dir='ltr' id='par_1_2' title="bbox 411 389 1798 881">
     <span class='ocr_line' id='line_1_2' title="bbox 413 389 1796 443; baseline 0.001 -16"><span class='ocrx_word' id='word_1_4' title='bbox 413 389 592 442; x_wconf 86' lang='lat' dir='ltr'>sapientia</span> <span class='ocrx_word' id='word_1_5' title='bbox 611 389 789 433; x_wconf 86' lang='lat' dir='ltr'>tulerant,</span> <span class='ocrx_word' id='word_1_6' title='bbox 804 389 865 427; x_wconf 91' lang='lat' dir='ltr'>sed</span> <span class='ocrx_word' id='word_1_7' title='bbox 885 389 1008 428; x_wconf 91' lang='lat' dir='ltr'>studio</span> <span class='ocrx_word' id='word_1_8' title='bbox 1028 391 1154 442; x_wconf 89' lang='lat' dir='ltr'>potius</span> <span class='ocrx_word' id='word_1_9' title='bbox 1175 399 1212 428; x_wconf 93' lang='lat' dir='ltr'>et</span> <span class='ocrx_word' id='word_1_10' title='bbox 1231 391 1363 443; x_wconf 85' lang='lat' dir='ltr'>gloria.</span> <span class='ocrx_word' id='word_1_11' title='bbox 1389 393 1521 443; x_wconf 90' lang='lat' dir='ltr'>Itaque</span> <span class='ocrx_word' id='word_1_12' title='bbox 1541 390 1687 429; x_wconf 85' lang='lat' dir='ltr'>barbari</span> <span class='ocrx_word' id='word_1_13' title='bbox 1707 391 1796 443; x_wconf 88' lang='lat' dir='ltr'>qui-</span> 
     </span>
     <span class='ocr_line' id='line_1_3' title="bbox 414 452 1796 508; baseline 0.002 -17"><span class='ocrx_word' id='word_1_14' title='bbox 414 455 502 492; x_wconf 89' lang='lat' dir='ltr'>dam</span> <span class='ocrx_word' id='word_1_15' title='bbox 522 463 560 491; x_wconf 92' lang='lat' dir='ltr'>et</span> <span class='ocrx_word' id='word_1_16' title='bbox 589 454 777 491; x_wconf 86' lang='lat' dir='ltr'><strong>immanes</strong></span> <span class='ocrx_word' id='word_1_17' title='bbox 797 452 896 491; x_wconf 85' lang='lat' dir='ltr'>ferro</span> <span class='ocrx_word' id='word_1_18' title='bbox 926 454 1114 491; x_wconf 84' lang='lat' dir='ltr'>decertare</span> <span class='ocrx_word' id='word_1_19' title='bbox 1140 456 1319 492; x_wconf 87' lang='lat' dir='ltr'>acerrime</span> <span class='ocrx_word' id='word_1_20' title='bbox 1339 456 1487 507; x_wconf 78' lang='lat' dir='ltr'>possunt</span> <span class='ocrx_word' id='word_1_21' title='bbox 1500 475 1511 499; x_wconf 85' lang='lat'>;</span> <span class='ocrx_word' id='word_1_22' title='bbox 1543 465 1719 508; x_wconf 84' lang='lat' dir='ltr'>aegrotare</span> <span class='ocrx_word' id='word_1_23' title='bbox 1737 456 1796 493; x_wconf 88' lang='lat' dir='ltr'>vi-</span> 
     </span>
     <span class='ocr_line' id='line_1_4' title="bbox 413 516 1798 568; baseline 0.001 -13"><span class='ocrx_word' id='word_1_24' title='bbox 413 518 532 556; x_wconf 90' lang='lat' dir='ltr'>riliter</span> <span class='ocrx_word' id='word_1_25' title='bbox 551 530 628 555; x_wconf 90' lang='lat' dir='ltr'>non</span> <span class='ocrx_word' id='word_1_26' title='bbox 649 526 809 568; x_wconf 87' lang='lat' dir='ltr'>queunt.</span> <span class='ocrx_word' id='word_1_27' title='bbox 844 517 971 554; x_wconf 83' lang='lat' dir='ltr'>Graeci</span> <span class='ocrx_word' id='word_1_28' title='bbox 991 525 1118 555; x_wconf 91' lang='lat' dir='ltr'>autem</span> <span class='ocrx_word' id='word_1_29' title='bbox 1138 516 1312 555; x_wconf 88' lang='lat' dir='ltr'>homines</span> <span class='ocrx_word' id='word_1_30' title='bbox 1333 531 1410 555; x_wconf 91' lang='lat' dir='ltr'>non</span> <span class='ocrx_word' id='word_1_31' title='bbox 1431 518 1514 556; x_wconf 88' lang='lat' dir='ltr'>satis</span> <span class='ocrx_word' id='word_1_32' title='bbox 1536 519 1706 564; x_wconf 77' lang='lat' dir='ltr'>animosi,</span> <span class='ocrx_word' id='word_1_33' title='bbox 1737 519 1798 557; x_wconf 92' lang='lat' dir='ltr'>sed</span> 
     </span>
     <span class='ocr_line' id='line_1_5' title="bbox 411 580 1798 635; baseline 0.002 -16"><span class='ocrx_word' id='word_1_34' title='bbox 411 582 630 635; x_wconf 87' lang='lat' dir='ltr'><strong>prudentes,</strong></span> <span class='ocrx_word' id='word_1_35' title='bbox 666 592 709 620; x_wconf 93' lang='lat' dir='ltr'>ut</span> <span class='ocrx_word' id='word_1_36' title='bbox 739 581 791 619; x_wconf 91' lang='lat' dir='ltr'>est</span> <span class='ocrx_word' id='word_1_37' title='bbox 820 590 952 634; x_wconf 86' lang='lat' dir='ltr'>captus</span> <span class='ocrx_word' id='word_1_38' title='bbox 983 580 1204 626; x_wconf 90' lang='lat' dir='ltr'>hominum,</span> <span class='ocrx_word' id='word_1_39' title='bbox 1232 582 1331 626; x_wconf 89' lang='lat' dir='ltr'>satis,</span> <span class='ocrx_word' id='word_1_40' title='bbox 1361 582 1509 620; x_wconf 87' lang='lat' dir='ltr'>hostem</span> <span class='ocrx_word' id='word_1_41' title='bbox 1530 583 1690 635; x_wconf 88' lang='lat' dir='ltr'>aspicere</span> <span class='ocrx_word' id='word_1_42' title='bbox 1720 597 1798 622; x_wconf 90' lang='lat' dir='ltr'>non</span> 
     </span>
     <span class='ocr_line' id='line_1_6' title="bbox 412 646 1798 700; baseline 0.001 -16"><span class='ocrx_word' id='word_1_43' title='bbox 412 646 565 700; x_wconf 82' lang='lat' dir='ltr'>possunt</span> <span class='ocrx_word' id='word_1_44' title='bbox 582 662 591 685; x_wconf 73' lang='grc' dir='ltr'>ε</span> <span class='ocrx_word' id='word_1_45' title='bbox 627 647 745 684; x_wconf 90' lang='lat' dir='ltr'>iidem</span> <span class='ocrx_word' id='word_1_46' title='bbox 780 646 934 684; x_wconf 88' lang='lat' dir='ltr'>morbos</span> <span class='ocrx_word' id='word_1_47' title='bbox 968 647 1169 685; x_wconf 86' lang='lat' dir='ltr'>toleranter</span> <span class='ocrx_word' id='word_1_48' title='bbox 1201 656 1314 699; x_wconf 92' lang='lat' dir='ltr'>atque</span> <span class='ocrx_word' id='word_1_49' title='bbox 1346 647 1514 685; x_wconf 88' lang='lat' dir='ltr'>humane</span> <span class='ocrx_word' id='word_1_50' title='bbox 1543 647 1685 686; x_wconf 90' lang='lat' dir='ltr'>ferunt.</span> <span class='ocrx_word' id='word_1_51' title='bbox 1744 650 1798 686; x_wconf 91' lang='lat' dir='ltr'>At</span> 
     </span>
     <span class='ocr_line' id='line_1_7' title="bbox 413 713 1794 766; baseline 0.001 -15"><span class='ocrx_word' id='word_1_52' title='bbox 413 713 566 751; x_wconf 90' lang='lat' dir='ltr'>Cimbri</span> <span class='ocrx_word' id='word_1_53' title='bbox 586 722 624 751; x_wconf 91' lang='lat' dir='ltr'>et</span> <span class='ocrx_word' id='word_1_54' title='bbox 645 713 828 751; x_wconf 86' lang='lat' dir='ltr'>Celtiberi</span> <span class='ocrx_word' id='word_1_55' title='bbox 849 713 889 750; x_wconf 91' lang='lat' dir='ltr'>in</span> <span class='ocrx_word' id='word_1_56' title='bbox 914 713 1053 766; x_wconf 85' lang='lat' dir='ltr'>praeliis</span> <span class='ocrx_word' id='word_1_57' title='bbox 1073 713 1259 758; x_wconf 88' lang='lat' dir='ltr'>exultant,</span> <span class='ocrx_word' id='word_1_58' title='bbox 1287 714 1543 752; x_wconf 88' lang='lat' dir='ltr'>lamentantur</span> <span class='ocrx_word' id='word_1_59' title='bbox 1562 714 1602 751; x_wconf 92' lang='lat' dir='ltr'>in</span> <span class='ocrx_word' id='word_1_60' title='bbox 1633 714 1768 752; x_wconf 91' lang='lat' dir='ltr'>morbo</span> <span class='ocrx_word' id='word_1_61' title='bbox 1786 728 1794 752; x_wconf 76' lang='grc' dir='ltr'><strong><em>ε</em></strong></span> 
     </span>
     <span class='ocr_line' id='line_1_8' title="bbox 412 776 1796 831; baseline 0 -15"><span class='ocrx_word' id='word_1_62' title='bbox 412 776 511 816; x_wconf 88' lang='lat' dir='ltr'>nihil</span> <span class='ocrx_word' id='word_1_63' title='bbox 531 779 637 816; x_wconf 90' lang='lat' dir='ltr'>enim</span> <span class='ocrx_word' id='word_1_64' title='bbox 670 778 790 830; x_wconf 90' lang='lat' dir='ltr'>potest</span> <span class='ocrx_word' id='word_1_65' title='bbox 809 777 879 815; x_wconf 83' lang='lat' dir='ltr'>effe</span> <span class='ocrx_word' id='word_1_66' title='bbox 898 778 1096 829; x_wconf 85' lang='lat' dir='ltr'>aequabile,</span> <span class='ocrx_word' id='word_1_67' title='bbox 1131 778 1234 831; x_wconf 87' lang='lat' dir='ltr'>quod</span> <span class='ocrx_word' id='word_1_68' title='bbox 1254 792 1331 817; x_wconf 90' lang='lat' dir='ltr'>non</span> <span class='ocrx_word' id='word_1_69' title='bbox 1351 792 1371 816; x_wconf 93' lang='lat' dir='ltr'>a</span> <span class='ocrx_word' id='word_1_70' title='bbox 1398 786 1499 817; x_wconf 88' lang='lat' dir='ltr'>certa</span> <span class='ocrx_word' id='word_1_71' title='bbox 1518 779 1661 818; x_wconf 90' lang='lat' dir='ltr'>ratione</span> <span class='ocrx_word' id='word_1_72' title='bbox 1679 778 1796 831; x_wconf 82' lang='lat' dir='ltr'>profi-</span> 
     </span>
     <span class='ocr_line' id='line_1_9' title="bbox 411 842 585 881; baseline 0 0"><span class='ocrx_word' id='word_1_73' title='bbox 411 842 585 881; x_wconf 83' lang='lat' dir='ltr'>ciscatur.</span> 
     </span>
    </p>

    <p class='ocr_par' dir='ltr' id='par_1_3' title="bbox 408 908 1800 2067">
     <span class='ocr_line' id='line_1_10' title="bbox 468 908 1796 962; baseline 0 -16"><span class='ocrx_word' id='word_1_74' title='bbox 468 909 540 946; x_wconf 88' lang='lat' dir='ltr'>Sed</span> <span class='ocrx_word' id='word_1_75' title='bbox 570 922 661 947; x_wconf 89' lang='lat' dir='ltr'>cum</span> <span class='ocrx_word' id='word_1_76' title='bbox 680 908 817 953; x_wconf 86' lang='lat' dir='ltr'>videas,</span> <span class='ocrx_word' id='word_1_77' title='bbox 848 921 925 953; x_wconf 86' lang='lat' dir='ltr'>eos,</span> <span class='ocrx_word' id='word_1_78' title='bbox 955 908 1023 960; x_wconf 89' lang='lat' dir='ltr'>qui</span> <span class='ocrx_word' id='word_1_79' title='bbox 1047 917 1112 947; x_wconf 89' lang='lat' dir='ltr'>aut</span> <span class='ocrx_word' id='word_1_80' title='bbox 1140 908 1264 947; x_wconf 89' lang='lat' dir='ltr'>studio</span> <span class='ocrx_word' id='word_1_81' title='bbox 1293 917 1357 947; x_wconf 89' lang='lat' dir='ltr'>aut</span> <span class='ocrx_word' id='word_1_82' title='bbox 1386 908 1565 962; x_wconf 90' lang='lat' dir='ltr'>opinione</span> <span class='ocrx_word' id='word_1_83' title='bbox 1595 908 1796 953; x_wconf 88' lang='lat' dir='ltr'>ducantur,</span> 
     </span>
     <span class='ocr_line' id='line_1_11' title="bbox 412 973 1798 1026; baseline 0 -15"><span class='ocrx_word' id='word_1_84' title='bbox 412 974 453 1011; x_wconf 89' lang='lat' dir='ltr'>in</span> <span class='ocrx_word' id='word_1_85' title='bbox 473 986 518 1011; x_wconf 93' lang='lat' dir='ltr'>eo</span> <span class='ocrx_word' id='word_1_86' title='bbox 536 973 791 1025; x_wconf 88' lang='lat' dir='ltr'>persequendo</span> <span class='ocrx_word' id='word_1_87' title='bbox 824 982 937 1024; x_wconf 89' lang='lat' dir='ltr'>atque</span> <span class='ocrx_word' id='word_1_88' title='bbox 956 973 1196 1026; x_wconf 88' lang='lat' dir='ltr'>adipiscendo</span> <span class='ocrx_word' id='word_1_89' title='bbox 1215 974 1343 1012; x_wconf 93' lang='lat' dir='ltr'>dolore</span> <span class='ocrx_word' id='word_1_90' title='bbox 1376 987 1454 1012; x_wconf 89' lang='lat' dir='ltr'>non</span> <span class='ocrx_word' id='word_1_91' title='bbox 1486 973 1633 1026; x_wconf 69' lang='lat' dir='ltr'>frangi,</span> <span class='ocrx_word' id='word_1_92' title='bbox 1664 973 1798 1011; x_wconf 83' lang='lat' dir='ltr'>debeas</span> 
     </span>
     <span class='ocr_line' id='line_1_12' title="bbox 411 1037 1800 1090; baseline 0.001 -14"><span class='ocrx_word' id='word_1_93' title='bbox 411 1038 639 1083; x_wconf 88' lang='lat' dir='ltr'>existimare,</span> <span class='ocrx_word' id='word_1_94' title='bbox 673 1047 737 1076; x_wconf 90' lang='lat' dir='ltr'>aut</span> <span class='ocrx_word' id='word_1_95' title='bbox 756 1051 833 1076; x_wconf 89' lang='lat' dir='ltr'>non</span> <span class='ocrx_word' id='word_1_96' title='bbox 852 1037 922 1076; x_wconf 83' lang='lat' dir='ltr'>effe</span> <span class='ocrx_word' id='word_1_97' title='bbox 941 1038 1088 1076; x_wconf 90' lang='lat' dir='ltr'>malum</span> <span class='ocrx_word' id='word_1_98' title='bbox 1109 1039 1293 1083; x_wconf 90' lang='lat' dir='ltr'>dolorem,</span> <span class='ocrx_word' id='word_1_99' title='bbox 1324 1048 1402 1083; x_wconf 91' lang='lat' dir='ltr'>aut,</span> <span class='ocrx_word' id='word_1_100' title='bbox 1423 1039 1582 1083; x_wconf 87' lang='lat' dir='ltr'>etiamfi,</span> <span class='ocrx_word' id='word_1_101' title='bbox 1609 1039 1800 1090; x_wconf 89' lang='lat' dir='ltr'>quidquid</span> 
     </span>
     <span class='ocr_line' id='line_1_13' title="bbox 412 1103 1797 1156; baseline -0.001 -15"><span class='ocrx_word' id='word_1_102' title='bbox 412 1103 587 1156; x_wconf 89' lang='lat' dir='ltr'>asperum</span> <span class='ocrx_word' id='word_1_103' title='bbox 617 1103 863 1155; x_wconf 90' lang='lat' dir='ltr'>alienumque</span> <span class='ocrx_word' id='word_1_104' title='bbox 893 1116 913 1140; x_wconf 91' lang='lat' dir='ltr'>a</span> <span class='ocrx_word' id='word_1_105' title='bbox 943 1112 1076 1141; x_wconf 88' lang='lat' dir='ltr'>natura</span> <span class='ocrx_word' id='word_1_106' title='bbox 1094 1103 1152 1148; x_wconf 84' lang='lat' dir='ltr'>fit,</span> <span class='ocrx_word' id='word_1_107' title='bbox 1184 1104 1222 1141; x_wconf 93' lang='lat' dir='ltr'>id</span> <span class='ocrx_word' id='word_1_108' title='bbox 1249 1104 1428 1156; x_wconf 88' lang='lat' dir='ltr'>appellari</span> <span class='ocrx_word' id='word_1_109' title='bbox 1461 1104 1606 1156; x_wconf 91' lang='lat' dir='ltr'>placeat</span> <span class='ocrx_word' id='word_1_110' title='bbox 1634 1103 1797 1147; x_wconf 88' lang='lat' dir='ltr'>malum,</span> 
     </span>
     <span class='ocr_line' id='line_1_14' title="bbox 412 1167 1797 1221; baseline -0.001 -13"><span class='ocrx_word' id='word_1_111' title='bbox 412 1169 609 1208; x_wconf 89' lang='lat' dir='ltr'>tantillum</span> <span class='ocrx_word' id='word_1_112' title='bbox 637 1178 766 1215; x_wconf 87' lang='lat' dir='ltr'>tamen</span> <span class='ocrx_word' id='word_1_113' title='bbox 785 1167 871 1213; x_wconf 82' lang='lat' dir='ltr'>effe,</span> <span class='ocrx_word' id='word_1_114' title='bbox 901 1178 944 1207; x_wconf 93' lang='lat' dir='ltr'>ut</span> <span class='ocrx_word' id='word_1_115' title='bbox 963 1182 983 1206; x_wconf 84' lang='lat' dir='ltr'>a</span> <span class='ocrx_word' id='word_1_116' title='bbox 1005 1170 1145 1207; x_wconf 89' lang='lat' dir='ltr'>virtute</span> <span class='ocrx_word' id='word_1_117' title='bbox 1165 1169 1217 1207; x_wconf 92' lang='lat' dir='ltr'>ita</span> <span class='ocrx_word' id='word_1_118' title='bbox 1234 1169 1429 1214; x_wconf 88' lang='lat' dir='ltr'>obruatur,</span> <span class='ocrx_word' id='word_1_119' title='bbox 1461 1179 1504 1207; x_wconf 90' lang='lat' dir='ltr'>ut</span> <span class='ocrx_word' id='word_1_120' title='bbox 1524 1169 1710 1221; x_wconf 90' lang='lat' dir='ltr'>nusquam</span> <span class='ocrx_word' id='word_1_121' title='bbox 1730 1182 1797 1221; x_wconf 88' lang='lat' dir='ltr'>ap-</span> 
     </span>
     <span class='ocr_line' id='line_1_15' title="bbox 412 1233 1798 1287; baseline -0.001 -14"><span class='ocrx_word' id='word_1_122' title='bbox 412 1244 553 1287; x_wconf 88' lang='lat' dir='ltr'>pareat.</span> <span class='ocrx_word' id='word_1_123' title='bbox 585 1235 684 1286; x_wconf 86' lang='lat' dir='ltr'>Qae</span> <span class='ocrx_word' id='word_1_124' title='bbox 704 1233 900 1278; x_wconf 87' lang='lat' dir='ltr'>meditare,</span> <span class='ocrx_word' id='word_1_125' title='bbox 921 1233 1059 1286; x_wconf 87' lang='lat' dir='ltr'>quaeso,</span> <span class='ocrx_word' id='word_1_126' title='bbox 1089 1234 1168 1272; x_wconf 87' lang='lat' dir='ltr'>dies</span> <span class='ocrx_word' id='word_1_127' title='bbox 1199 1243 1235 1271; x_wconf 90' lang='lat' dir='ltr'>et</span> <span class='ocrx_word' id='word_1_128' title='bbox 1256 1236 1396 1272; x_wconf 66' lang='lat' dir='ltr'>nostes.</span> <span class='ocrx_word' id='word_1_129' title='bbox 1436 1235 1569 1272; x_wconf 85' lang='lat' dir='ltr'>Latius</span> <span class='ocrx_word' id='word_1_130' title='bbox 1589 1234 1695 1272; x_wconf 91' lang='lat' dir='ltr'>enim</span> <span class='ocrx_word' id='word_1_131' title='bbox 1715 1247 1798 1272; x_wconf 89' lang='lat' dir='ltr'>ma-</span> 
     </span>
     <span class='ocr_line' id='line_1_16' title="bbox 412 1298 1799 1351; baseline -0.001 -13"><span class='ocrx_word' id='word_1_132' title='bbox 412 1299 521 1338; x_wconf 87' lang='lat' dir='ltr'>nabit</span> <span class='ocrx_word' id='word_1_133' title='bbox 552 1298 634 1337; x_wconf 85' lang='lat' dir='ltr'>haec</span> <span class='ocrx_word' id='word_1_134' title='bbox 658 1299 765 1343; x_wconf 89' lang='lat' dir='ltr'>ratio,</span> <span class='ocrx_word' id='word_1_135' title='bbox 806 1307 844 1336; x_wconf 93' lang='lat' dir='ltr'>et</span> <span class='ocrx_word' id='word_1_136' title='bbox 877 1298 1074 1350; x_wconf 87' lang='lat' dir='ltr'>aliquanto</span> <span class='ocrx_word' id='word_1_137' title='bbox 1106 1299 1291 1351; x_wconf 90' lang='lat' dir='ltr'>majorem</span> <span class='ocrx_word' id='word_1_138' title='bbox 1324 1299 1455 1336; x_wconf 91' lang='lat' dir='ltr'>locum</span> <span class='ocrx_word' id='word_1_139' title='bbox 1489 1311 1606 1350; x_wconf 88' lang='lat' dir='ltr'>quam</span> <span class='ocrx_word' id='word_1_140' title='bbox 1645 1298 1692 1336; x_wconf 93' lang='lat' dir='ltr'>de</span> <span class='ocrx_word' id='word_1_141' title='bbox 1721 1311 1799 1337; x_wconf 91' lang='lat' dir='ltr'>uno</span> 
     </span>
     <span class='ocr_line' id='line_1_17' title="bbox 412 1361 1798 1416; baseline -0.002 -14"><span class='ocrx_word' id='word_1_142' title='bbox 412 1364 544 1402; x_wconf 87' lang='lat' dir='ltr'>dolore</span> <span class='ocrx_word' id='word_1_143' title='bbox 561 1363 780 1416; x_wconf 89' lang='lat' dir='ltr'>occupabit.</span> <span class='ocrx_word' id='word_1_144' title='bbox 822 1363 929 1401; x_wconf 90' lang='lat' dir='ltr'>Nam</span> <span class='ocrx_word' id='word_1_145' title='bbox 949 1363 975 1400; x_wconf 90' lang='lat' dir='ltr'>fi</span> <span class='ocrx_word' id='word_1_146' title='bbox 994 1363 1125 1401; x_wconf 90' lang='lat' dir='ltr'>omnia</span> <span class='ocrx_word' id='word_1_147' title='bbox 1148 1362 1337 1415; x_wconf 89' lang='lat' dir='ltr'>fugiendae</span> <span class='ocrx_word' id='word_1_148' title='bbox 1364 1362 1627 1415; x_wconf 84' lang='lat' dir='ltr'>turpitudinis,</span> <span class='ocrx_word' id='word_1_149' title='bbox 1658 1361 1798 1414; x_wconf 82' lang='lat' dir='ltr'>adipis-</span> 
     </span>
     <span class='ocr_line' id='line_1_18' title="bbox 411 1426 1797 1482; baseline -0.003 -14"><span class='ocrx_word' id='word_1_150' title='bbox 411 1429 617 1482; x_wconf 87' lang='lat' dir='ltr'>cendaeque</span> <span class='ocrx_word' id='word_1_151' title='bbox 635 1427 838 1466; x_wconf 89' lang='lat' dir='ltr'>honestatis</span> <span class='ocrx_word' id='word_1_152' title='bbox 858 1427 966 1465; x_wconf 90' lang='lat' dir='ltr'>causa</span> <span class='ocrx_word' id='word_1_153' title='bbox 983 1426 1181 1473; x_wconf 86' lang='lat' dir='ltr'>faciemus,</span> <span class='ocrx_word' id='word_1_154' title='bbox 1216 1441 1293 1466; x_wconf 91' lang='lat' dir='ltr'>non</span> <span class='ocrx_word' id='word_1_155' title='bbox 1314 1428 1431 1467; x_wconf 91' lang='lat' dir='ltr'>modo</span> <span class='ocrx_word' id='word_1_156' title='bbox 1450 1427 1621 1466; x_wconf 90' lang='lat' dir='ltr'>stimulos</span> <span class='ocrx_word' id='word_1_157' title='bbox 1641 1427 1797 1471; x_wconf 87' lang='lat' dir='ltr'>doloris,</span> 
     </span>
     <span class='ocr_line' id='line_1_19' title="bbox 412 1492 1798 1544; baseline -0.002 -12"><span class='ocrx_word' id='word_1_158' title='bbox 412 1494 474 1532; x_wconf 93' lang='lat' dir='ltr'>sed</span> <span class='ocrx_word' id='word_1_159' title='bbox 493 1495 610 1533; x_wconf 90' lang='lat' dir='ltr'>etiam</span> <span class='ocrx_word' id='word_1_160' title='bbox 629 1492 795 1532; x_wconf 87' lang='lat' dir='ltr'>fulmina</span> <span class='ocrx_word' id='word_1_161' title='bbox 812 1492 974 1531; x_wconf 83' lang='lat' dir='ltr'>fortunae</span> <span class='ocrx_word' id='word_1_162' title='bbox 995 1502 1286 1532; x_wconf 85' lang='lat' dir='ltr'>contemnamus</span> <span class='ocrx_word' id='word_1_163' title='bbox 1306 1493 1453 1537; x_wconf 80' lang='lat' dir='ltr'>Hcebit,</span> <span class='ocrx_word' id='word_1_164' title='bbox 1481 1492 1686 1544; x_wconf 89' lang='lat' dir='ltr'>praesertim</span> <span class='ocrx_word' id='word_1_165' title='bbox 1707 1505 1798 1530; x_wconf 91' lang='lat' dir='ltr'>cum</span> 
     </span>
     <span class='ocr_line' id='line_1_20' title="bbox 411 1556 1798 1612; baseline -0.002 -15"><span class='ocrx_word' id='word_1_166' title='bbox 411 1569 587 1612; x_wconf 87' lang='lat' dir='ltr'>paratum</span> <span class='ocrx_word' id='word_1_167' title='bbox 606 1558 651 1596; x_wconf 85' lang='lat' dir='ltr'>fit</span> <span class='ocrx_word' id='word_1_168' title='bbox 670 1558 768 1596; x_wconf 90' lang='lat' dir='ltr'>illud</span> <span class='ocrx_word' id='word_1_169' title='bbox 787 1571 834 1596; x_wconf 89' lang='lat' dir='ltr'>ex</span> <span class='ocrx_word' id='word_1_170' title='bbox 852 1557 1023 1596; x_wconf 87' lang='lat' dir='ltr'>hesterna</span> <span class='ocrx_word' id='word_1_171' title='bbox 1041 1558 1294 1610; x_wconf 84' lang='lat' dir='ltr'>disputatione</span> <span class='ocrx_word' id='word_1_172' title='bbox 1322 1557 1557 1610; x_wconf 87' lang='lat' dir='ltr'>perfugium.</span> <span class='ocrx_word' id='word_1_173' title='bbox 1617 1558 1674 1595; x_wconf 90' lang='lat' dir='ltr'>Ut</span> <span class='ocrx_word' id='word_1_174' title='bbox 1693 1556 1798 1594; x_wconf 89' lang='lat' dir='ltr'>enim</span> 
     </span>
     <span class='ocr_line' id='line_1_21' title="bbox 410 1621 1795 1676; baseline -0.002 -14"><span class='ocrx_word' id='word_1_175' title='bbox 410 1624 438 1662; x_wconf 87' lang='lat' dir='ltr'>fi</span> <span class='ocrx_word' id='word_1_176' title='bbox 459 1624 522 1662; x_wconf 91' lang='lat' dir='ltr'>cui</span> <span class='ocrx_word' id='word_1_177' title='bbox 542 1623 747 1676; x_wconf 87' lang='lat' dir='ltr'>naviganti,</span> <span class='ocrx_word' id='word_1_178' title='bbox 777 1636 895 1676; x_wconf 92' lang='lat' dir='ltr'>quem</span> <span class='ocrx_word' id='word_1_179' title='bbox 914 1623 1108 1676; x_wconf 84' lang='lat' dir='ltr'>praedones</span> <span class='ocrx_word' id='word_1_180' title='bbox 1128 1623 1388 1675; x_wconf 88' lang='lat' dir='ltr'>insequantur,</span> <span class='ocrx_word' id='word_1_181' title='bbox 1413 1624 1519 1661; x_wconf 88' lang='lat' dir='ltr'>Deus</span> <span class='ocrx_word' id='word_1_182' title='bbox 1539 1621 1624 1674; x_wconf 85' lang='lat' dir='ltr'>quis</span> <span class='ocrx_word' id='word_1_183' title='bbox 1643 1622 1795 1666; x_wconf 87' lang='lat' dir='ltr'>dixerit,</span> 
     </span>
     <span class='ocr_line' id='line_1_22' title="bbox 410 1687 1796 1742; baseline -0.002 -14"><span class='ocrx_word' id='word_1_184' title='bbox 410 1690 511 1742; x_wconf 87' lang='lat' dir='ltr'>Ejice</span> <span class='ocrx_word' id='word_1_185' title='bbox 528 1699 564 1728; x_wconf 85' lang='lat' dir='ltr'>te</span> <span class='ocrx_word' id='word_1_186' title='bbox 592 1689 633 1728; x_wconf 81' lang='lat' dir='ltr'>de</span> <span class='ocrx_word' id='word_1_187' title='bbox 649 1689 742 1728; x_wconf 88' lang='lat' dir='ltr'>navi</span> <span class='ocrx_word' id='word_1_188' title='bbox 752 1707 764 1734; x_wconf 88' lang='lat'>;</span> <span class='ocrx_word' id='word_1_189' title='bbox 788 1688 918 1742; x_wconf 82' lang='lat' dir='ltr'>praesto</span> <span class='ocrx_word' id='word_1_190' title='bbox 946 1689 991 1742; x_wconf 77' lang='lat' dir='ltr'>est</span> <span class='ocrx_word' id='word_1_191' title='bbox 1009 1690 1073 1742; x_wconf 86' lang='lat' dir='ltr'>qui</span> <span class='ocrx_word' id='word_1_192' title='bbox 1087 1689 1253 1741; x_wconf 59' lang='lat' dir='ltr'>exetpiat,</span> <span class='ocrx_word' id='word_1_193' title='bbox 1283 1689 1343 1726; x_wconf 90' lang='lat' dir='ltr'>vel</span> <span class='ocrx_word' id='word_1_194' title='bbox 1369 1687 1587 1741; x_wconf 84' lang='lat' dir='ltr'>delphinus,</span> <span class='ocrx_word' id='word_1_195' title='bbox 1618 1696 1661 1726; x_wconf 92' lang='lat' dir='ltr'>ut</span> <span class='ocrx_word' id='word_1_196' title='bbox 1679 1688 1796 1726; x_wconf 90' lang='lat' dir='ltr'>Ario-</span> 
     </span>
     <span class='ocr_line' id='line_1_23' title="bbox 411 1752 1796 1805; baseline -0.001 -12"><span class='ocrx_word' id='word_1_197' title='bbox 411 1768 501 1793; x_wconf 87' lang='lat' dir='ltr'>nem</span> <span class='ocrx_word' id='word_1_198' title='bbox 517 1753 830 1805; x_wconf 87' lang='lat' dir='ltr'>Methymnaeum</span> <span class='ocrx_word' id='word_1_199' title='bbox 845 1772 858 1798; x_wconf 71' lang='lat'>5</span> <span class='ocrx_word' id='word_1_200' title='bbox 888 1754 948 1791; x_wconf 93' lang='lat' dir='ltr'>vel</span> <span class='ocrx_word' id='word_1_201' title='bbox 967 1754 1055 1805; x_wconf 90' lang='lat' dir='ltr'>equi</span> <span class='ocrx_word' id='word_1_202' title='bbox 1077 1754 1228 1805; x_wconf 90' lang='lat' dir='ltr'>Pelopis</span> <span class='ocrx_word' id='word_1_203' title='bbox 1249 1752 1306 1790; x_wconf 90' lang='lat' dir='ltr'>illi</span> <span class='ocrx_word' id='word_1_204' title='bbox 1327 1753 1531 1805; x_wconf 90' lang='lat' dir='ltr'>Neptunii,</span> <span class='ocrx_word' id='word_1_205' title='bbox 1549 1752 1616 1804; x_wconf 87' lang='lat' dir='ltr'>qui</span> <span class='ocrx_word' id='word_1_206' title='bbox 1638 1765 1702 1804; x_wconf 90' lang='lat' dir='ltr'>per</span> <span class='ocrx_word' id='word_1_207' title='bbox 1722 1766 1796 1791; x_wconf 90' lang='lat' dir='ltr'>un-</span> 
     </span>
     <span class='ocr_line' id='line_1_24' title="bbox 410 1817 1794 1871; baseline -0.004 -12"><span class='ocrx_word' id='word_1_208' title='bbox 410 1821 474 1859; x_wconf 84' lang='lat' dir='ltr'>das</span> <span class='ocrx_word' id='word_1_209' title='bbox 494 1833 625 1858; x_wconf 90' lang='lat' dir='ltr'>currus</span> <span class='ocrx_word' id='word_1_210' title='bbox 646 1819 836 1871; x_wconf 87' lang='lat' dir='ltr'>suspensos</span> <span class='ocrx_word' id='word_1_211' title='bbox 857 1818 1014 1871; x_wconf 75' lang='lat' dir='ltr'>rapuisse</span> <span class='ocrx_word' id='word_1_212' title='bbox 1030 1819 1224 1862; x_wconf 89' lang='lat' dir='ltr'>dicuntur,</span> <span class='ocrx_word' id='word_1_213' title='bbox 1242 1818 1435 1869; x_wconf 83' lang='lat' dir='ltr'>excipient</span> <span class='ocrx_word' id='word_1_214' title='bbox 1455 1827 1504 1862; x_wconf 90' lang='lat' dir='ltr'>te,</span> <span class='ocrx_word' id='word_1_215' title='bbox 1526 1826 1576 1861; x_wconf 92' lang='lat' dir='ltr'>et,</span> <span class='ocrx_word' id='word_1_216' title='bbox 1598 1830 1676 1869; x_wconf 91' lang='lat' dir='ltr'>quo</span> <span class='ocrx_word' id='word_1_217' title='bbox 1687 1817 1794 1862; x_wconf 91' lang='lat' dir='ltr'>velis,</span> 
     </span>
     <span class='ocr_line' id='line_1_25' title="bbox 411 1881 1797 1937; baseline -0.001 -14"><span class='ocrx_word' id='word_1_218' title='bbox 411 1884 602 1937; x_wconf 89' lang='lat' dir='ltr'>perferent</span> <span class='ocrx_word' id='word_1_219' title='bbox 614 1902 626 1928; x_wconf 71' lang='grc' dir='ltr'><strong><em>ς</em></strong></span> <span class='ocrx_word' id='word_1_220' title='bbox 657 1897 815 1922; x_wconf 90' lang='lat' dir='ltr'>omnem</span> <span class='ocrx_word' id='word_1_221' title='bbox 846 1884 999 1921; x_wconf 87' lang='lat' dir='ltr'>omittas</span> <span class='ocrx_word' id='word_1_222' title='bbox 1032 1883 1235 1920; x_wconf 89' lang='lat' dir='ltr'>timorem:</span> <span class='ocrx_word' id='word_1_223' title='bbox 1267 1882 1316 1920; x_wconf 90' lang='lat' dir='ltr'>fic</span> <span class='ocrx_word' id='word_1_224' title='bbox 1338 1883 1560 1934; x_wconf 84' lang='lat' dir='ltr'>urgentibus</span> <span class='ocrx_word' id='word_1_225' title='bbox 1592 1881 1727 1934; x_wconf 82' lang='lat' dir='ltr'>asperis</span> <span class='ocrx_word' id='word_1_226' title='bbox 1758 1892 1797 1921; x_wconf 90' lang='lat' dir='ltr'>et</span> 
     </span>
     <span class='ocr_line' id='line_1_26' title="bbox 409 1947 1795 1999; baseline -0.002 -11"><span class='ocrx_word' id='word_1_227' title='bbox 409 1950 545 1988; x_wconf 86' lang='lat' dir='ltr'>odiofis</span> <span class='ocrx_word' id='word_1_228' title='bbox 563 1949 775 1993; x_wconf 83' lang='lat' dir='ltr'>doloribus,</span> <span class='ocrx_word' id='word_1_229' title='bbox 812 1949 839 1987; x_wconf 85' lang='lat' dir='ltr'>fi</span> <span class='ocrx_word' id='word_1_230' title='bbox 858 1949 952 1986; x_wconf 90' lang='lat' dir='ltr'>tanti</span> <span class='ocrx_word' id='word_1_231' title='bbox 974 1949 1059 1993; x_wconf 78' lang='lat' dir='ltr'>sint,</span> <span class='ocrx_word' id='word_1_232' title='bbox 1096 1957 1137 1985; x_wconf 92' lang='lat' dir='ltr'>ut</span> <span class='ocrx_word' id='word_1_233' title='bbox 1157 1947 1301 1985; x_wconf 90' lang='lat' dir='ltr'>ferendi</span> <span class='ocrx_word' id='word_1_234' title='bbox 1322 1961 1399 1986; x_wconf 90' lang='lat' dir='ltr'>non</span> <span class='ocrx_word' id='word_1_235' title='bbox 1419 1948 1504 1992; x_wconf 90' lang='lat' dir='ltr'>fint,</span> <span class='ocrx_word' id='word_1_236' title='bbox 1538 1960 1616 1999; x_wconf 91' lang='lat' dir='ltr'>quo</span> <span class='ocrx_word' id='word_1_237' title='bbox 1636 1947 1680 1986; x_wconf 89' lang='lat' dir='ltr'>fit</span> <span class='ocrx_word' id='word_1_238' title='bbox 1700 1961 1795 1986; x_wconf 87' lang='lat' dir='ltr'>con-</span> 
     </span>
     <span class='ocr_line' id='line_1_27' title="bbox 408 2013 790 2067; baseline -0.005 -14"><span class='ocrx_word' id='word_1_239' title='bbox 408 2014 651 2067; x_wconf 87' lang='lat' dir='ltr'>fugiendum,</span> <span class='ocrx_word' id='word_1_240' title='bbox 672 2013 790 2051; x_wconf 89' lang='lat' dir='ltr'>vides.</span> 
     </span>
    </p>

    <p class='ocr_par' dir='ltr' id='par_1_4' title="bbox 409 2076 1796 2521">
     <span class='ocr_line' id='line_1_28' title="bbox 464 2076 1795 2131; baseline -0.003 -13"><span class='ocrx_word' id='word_1_241' title='bbox 464 2081 562 2118; x_wconf 89' lang='lat' dir='ltr'>Haec</span> <span class='ocrx_word' id='word_1_242' title='bbox 581 2078 660 2117; x_wconf 88' lang='lat' dir='ltr'>fere</span> <span class='ocrx_word' id='word_1_243' title='bbox 678 2077 753 2116; x_wconf 93' lang='lat' dir='ltr'>hoc</span> <span class='ocrx_word' id='word_1_244' title='bbox 781 2088 950 2131; x_wconf 90' lang='lat' dir='ltr'>tempore</span> <span class='ocrx_word' id='word_1_245' title='bbox 969 2079 1099 2130; x_wconf 85' lang='lat' dir='ltr'>putavi</span> <span class='ocrx_word' id='word_1_246' title='bbox 1119 2078 1189 2116; x_wconf 81' lang='lat' dir='ltr'>effe</span> <span class='ocrx_word' id='word_1_247' title='bbox 1208 2077 1379 2116; x_wconf 84' lang='lat' dir='ltr'>dicenda.</span> <span class='ocrx_word' id='word_1_248' title='bbox 1427 2077 1497 2115; x_wconf 87' lang='lat' dir='ltr'>Sed</span> <span class='ocrx_word' id='word_1_249' title='bbox 1518 2086 1559 2115; x_wconf 85' lang='lat' dir='ltr'>tu</span> <span class='ocrx_word' id='word_1_250' title='bbox 1580 2076 1727 2115; x_wconf 84' lang='lat' dir='ltr'>fortaffe</span> <span class='ocrx_word' id='word_1_251' title='bbox 1756 2077 1795 2115; x_wconf 90' lang='lat' dir='ltr'>in</span> 
     </span>
     <span class='ocr_line' id='line_1_29' title="bbox 410 2141 1796 2196; baseline -0.003 -13"><span class='ocrx_word' id='word_1_252' title='bbox 410 2145 592 2183; x_wconf 88' lang='lat' dir='ltr'>sententia</span> <span class='ocrx_word' id='word_1_253' title='bbox 626 2156 833 2196; x_wconf 84' lang='lat' dir='ltr'>permanes.</span> <span class='ocrx_word' id='word_1_254' title='bbox 892 2146 1119 2181; x_wconf 81' lang='lat' dir='ltr'>AUD1TOR.</span> <span class='ocrx_word' id='word_1_255' title='bbox 1156 2143 1325 2180; x_wconf 86' lang='lat' dir='ltr'>Minime</span> <span class='ocrx_word' id='word_1_256' title='bbox 1359 2155 1472 2187; x_wconf 77' lang='lat' dir='ltr'>vero3</span> <span class='ocrx_word' id='word_1_257' title='bbox 1505 2155 1644 2193; x_wconf 90' lang='lat' dir='ltr'>meque</span> <span class='ocrx_word' id='word_1_258' title='bbox 1678 2141 1796 2179; x_wconf 91' lang='lat' dir='ltr'>biduo</span> 
     </span>
     <span class='ocr_line' id='line_1_30' title="bbox 409 2207 1792 2260; baseline -0.003 -12"><span class='ocrx_word' id='word_1_259' title='bbox 409 2211 570 2248; x_wconf 86' lang='lat' dir='ltr'>duarum</span> <span class='ocrx_word' id='word_1_260' title='bbox 593 2223 734 2253; x_wconf 89' lang='lat' dir='ltr'>rerum,</span> <span class='ocrx_word' id='word_1_261' title='bbox 765 2221 856 2260; x_wconf 85' lang='lat' dir='ltr'>quas</span> <span class='ocrx_word' id='word_1_262' title='bbox 888 2209 1054 2246; x_wconf 79' lang='lat' dir='ltr'>maxime</span> <span class='ocrx_word' id='word_1_263' title='bbox 1081 2208 1281 2251; x_wconf 81' lang='lat' dir='ltr'>timebam,</span> <span class='ocrx_word' id='word_1_264' title='bbox 1312 2207 1414 2260; x_wconf 89' lang='lat' dir='ltr'>spero</span> <span class='ocrx_word' id='word_1_265' title='bbox 1434 2208 1636 2246; x_wconf 87' lang='lat' dir='ltr'>liberatum</span> <span class='ocrx_word' id='word_1_266' title='bbox 1671 2217 1792 2244; x_wconf 89' lang='lat' dir='ltr'>metu.</span> 
     </span>
     <span class='ocr_line' id='line_1_31' title="bbox 412 2271 1793 2325; baseline -0.003 -13"><span class='ocrx_word' id='word_1_267' title='bbox 412 2275 624 2312; x_wconf 77' lang='lat' dir='ltr'><strong>MARCUS.</strong></span> <span class='ocrx_word' id='word_1_268' title='bbox 647 2275 739 2311; x_wconf 85' lang='lat' dir='ltr'>Cras</span> <span class='ocrx_word' id='word_1_269' title='bbox 760 2286 850 2325; x_wconf 87' lang='lat' dir='ltr'>ergo</span> <span class='ocrx_word' id='word_1_270' title='bbox 869 2273 914 2311; x_wconf 88' lang='lat' dir='ltr'>ad</span> <span class='ocrx_word' id='word_1_271' title='bbox 934 2273 1180 2325; x_wconf 89' lang='lat' dir='ltr'>clepsydram.</span> <span class='ocrx_word' id='word_1_272' title='bbox 1213 2273 1273 2311; x_wconf 86' lang='lat' dir='ltr'>Sic</span> <span class='ocrx_word' id='word_1_273' title='bbox 1294 2274 1398 2310; x_wconf 91' lang='lat' dir='ltr'>enim</span> <span class='ocrx_word' id='word_1_274' title='bbox 1419 2273 1613 2310; x_wconf 83' lang='lat' dir='ltr'>duximus.</span> <span class='ocrx_word' id='word_1_275' title='bbox 1650 2272 1701 2308; x_wconf 89' lang='lat' dir='ltr'>Et</span> <span class='ocrx_word' id='word_1_276' title='bbox 1723 2271 1793 2308; x_wconf 86' lang='lat' dir='ltr'>tibi</span> 
     </span>
     <span class='ocr_line' id='line_1_32' title="bbox 411 2334 1791 2390; baseline -0.004 -14"><span class='ocrx_word' id='word_1_277' title='bbox 411 2339 485 2376; x_wconf 91' lang='lat' dir='ltr'>hoc</span> <span class='ocrx_word' id='word_1_278' title='bbox 505 2337 614 2376; x_wconf 87' lang='lat' dir='ltr'>video</span> <span class='ocrx_word' id='word_1_279' title='bbox 645 2351 720 2376; x_wconf 89' lang='lat' dir='ltr'>non</span> <span class='ocrx_word' id='word_1_280' title='bbox 750 2337 851 2390; x_wconf 78' lang='lat' dir='ltr'>poss‘e</span> <span class='ocrx_word' id='word_1_281' title='bbox 870 2338 1010 2376; x_wconf 84' lang='lat' dir='ltr'>deberi.</span> <span class='ocrx_word' id='word_1_282' title='bbox 1070 2341 1299 2376; x_wconf 67' lang='lat' dir='ltr'>Aumron.</span> <span class='ocrx_word' id='word_1_283' title='bbox 1335 2339 1390 2375; x_wconf 88' lang='lat' dir='ltr'>Ita</span> <span class='ocrx_word' id='word_1_284' title='bbox 1409 2338 1567 2390; x_wconf 81' lang='lat' dir='ltr'>prorsus.</span> <span class='ocrx_word' id='word_1_285' title='bbox 1612 2336 1662 2372; x_wconf 88' lang='lat' dir='ltr'>Et</span> <span class='ocrx_word' id='word_1_286' title='bbox 1697 2334 1791 2372; x_wconf 90' lang='lat' dir='ltr'>illud</span> 
     </span>
     <span class='ocr_line' id='line_1_33' title="bbox 412 2400 1791 2455; baseline -0.004 -15"><span class='ocrx_word' id='word_1_287' title='bbox 412 2403 570 2455; x_wconf 89' lang='lat' dir='ltr'>quidem</span> <span class='ocrx_word' id='word_1_288' title='bbox 602 2412 686 2440; x_wconf 87' lang='lat' dir='ltr'>ante</span> <span class='ocrx_word' id='word_1_289' title='bbox 712 2403 911 2440; x_wconf 90' lang='lat' dir='ltr'>meridiem</span> <span class='ocrx_word' id='word_1_290' title='bbox 928 2421 939 2447; x_wconf 87' lang='lat'>;</span> <span class='ocrx_word' id='word_1_291' title='bbox 971 2402 1059 2447; x_wconf 89' lang='lat' dir='ltr'>hoc,</span> <span class='ocrx_word' id='word_1_292' title='bbox 1091 2403 1222 2441; x_wconf 86' lang='lat' dir='ltr'>eodem</span> <span class='ocrx_word' id='word_1_293' title='bbox 1255 2412 1437 2453; x_wconf 88' lang='lat' dir='ltr'>tempore.</span> <span class='ocrx_word' id='word_1_294' title='bbox 1488 2402 1698 2439; x_wconf 70' lang='lat' dir='ltr'><strong>MARCUS.</strong></span> <span class='ocrx_word' id='word_1_295' title='bbox 1732 2400 1791 2436; x_wconf 81' lang='lat' dir='ltr'>Sic</span> 
     </span>
     <span class='ocr_line' id='line_1_34' title="bbox 411 2467 1395 2521; baseline -0.003 -15"><span class='ocrx_word' id='word_1_296' title='bbox 411 2468 608 2512; x_wconf 78' lang='lat' dir='ltr'>faciemus,</span> <span class='ocrx_word' id='word_1_297' title='bbox 632 2467 778 2520; x_wconf 87' lang='lat' dir='ltr'>tuisque</span> <span class='ocrx_word' id='word_1_298' title='bbox 798 2469 955 2521; x_wconf 86' lang='lat' dir='ltr'>optimis</span> <span class='ocrx_word' id='word_1_299' title='bbox 976 2468 1107 2506; x_wconf 81' lang='lat' dir='ltr'>studiis</span> <span class='ocrx_word' id='word_1_300' title='bbox 1127 2467 1395 2519; x_wconf 85' lang='lat' dir='ltr'>obsequemur.</span> 
     </span>
    </p>
   </div>
   <div class='ocr_carea' id='block_1_3' title="bbox 1378 2670 1494 2721">
    <p class='ocr_par' dir='ltr' id='par_1_5' title="bbox 1378 2670 1494 2721">
     <span class='ocr_line' id='line_1_35' title="bbox 1378 2670 1494 2721; baseline -0.009 -14"><span class='ocrx_word' id='word_1_301' title='bbox 1378 2670 1451 2721; x_wconf 73' lang='lat' dir='ltr'>Pp</span> <span class='ocrx_word' id='word_1_302' title='bbox 1475 2681 1494 2706; x_wconf 76' lang='lat'>2</span> 
     </span>
    </p>
   </div>
  </div>
 </body>
</html>
