2330 2983
589 255 642 294 50
906 237 969 276 M.
1028 234 1661 276 T.C1CERONIS

588 336 684 385 veri)
699 332 975 385 comprehendi
993 346 1036 370 ea
1056 342 1183 370 tamen
1199 341 1237 370 et
1257 333 1401 385 percipi
1421 345 1536 385 nego.
1561 333 1666 370 Cum
1685 329 1793 369 enim
1807 338 1898 369 tuus
1915 330 1987 371 iste

591 401 741 438 Stoicus
759 399 900 451 sapiens
917 397 1130 449 syllabatim
1152 398 1226 436 tibi
1244 398 1311 436 ista
1329 398 1483 442 dixerit,
1495 397 1621 436 veniet
1640 396 1785 435 flumen
1804 397 1987 436 orationis

591 478 750 502 aureum
770 463 934 502 fundens
946 463 1182 507 Aristoteles,
1202 463 1270 516 qui
1286 463 1400 502 illum
1416 463 1580 516 desipere
1595 463 1697 502 dicat
1713 477 1723 500 :
1741 475 1866 515 neque
1879 463 1986 500 enim

592 538 721 567 ortum
734 528 804 571 effe
820 541 991 580 unquam
1009 528 1217 572 mundum,
1229 528 1333 579 quod
1353 527 1459 566 nulla
1471 527 1602 572 fuerit,
1617 540 1716 566 novo
1735 527 1894 566 confilio
1907 526 1988 564 ini-

595 604 650 638 to,
671 603 750 632 tam
771 593 938 645 praeclari
956 593 1079 645 operis
1099 593 1283 645 inceptio,
1303 602 1344 631 et
1360 593 1414 631 ita
1431 606 1522 631 eum
1551 592 1623 631 effe
1642 593 1814 645 undique
1838 601 1989 645 aptum,

596 670 639 697 ut
659 659 763 697 nulla
792 659 847 696 vis
881 668 1005 697 tantos
1036 667 1150 710 queat
1183 667 1312 697 motus
1343 659 1677 710 mutationemque
1709 658 1856 702 moliri,
1885 656 1995 695 nulla

596 726 763 764 senectus
783 724 1032 762 diuturnitate
1052 733 1273 775 temporum
1291 723 1463 767 existere,
1491 733 1535 762 ut
1558 722 1626 761 hic
1643 733 1799 761 ornatus
1819 735 1993 775 unqumn

597 789 759 842 dilapsus
779 789 942 830 occidat.
991 789 1089 828 Tibi
1106 787 1182 826 hoc
1202 788 1412 841 repudiare,
1442 788 1543 826 illud
1560 797 1690 827 autem
1709 788 1880 841 superius
1896 787 2000 825 ficut

597 864 711 908 caput
730 863 768 892 et
787 853 932 892 famam
953 861 1061 891 tuam
1079 852 1295 898 defendere,
1313 853 1458 892 neceffe
1474 853 1571 892 etit:
1601 852 1722 899 mihi.
1737 866 1787 892 ne
1805 861 1851 892 ut
1875 852 1997 892 dubi-

598 931 679 960 tem
699 920 875 973 quidem,
891 918 1128 971 relinquatur
1145 919 1158 956 ?

654 988 713 1025 Ut
741 986 922 1025 omittam
948 984 1143 1023 levitatem
1173 994 1315 1024 temere
1343 984 1646 1030 affentientium,
1672 984 1807 1038 qmnti
1841 984 2003 1023 libertas

601 1051 671 1090 ista
700 1049 916 1090 aestimanda
944 1048 1014 1094 est,
1041 1063 1120 1088 non
1153 1048 1255 1088 mihi
1272 1049 1415 1088 neceffe
1439 1049 1528 1095 effe,
1559 1050 1663 1102 quod
1697 1050 1772 1088 tibi
1799 1049 1882 1088 est?
1914 1050 2006 1087 Cur

602 1118 726 1162 Deus,
756 1116 888 1154 omnia
907 1115 1021 1153 nostri
1039 1115 1148 1153 causa
1177 1129 1268 1153 curn
1288 1114 1443 1160 faceret,
1473 1116 1540 1167 (sic
1560 1116 1665 1154 enim
1684 1115 1820 1165 vultis)
1850 1123 2004 1152 tantam.

603 1183 685 1221 vim
705 1182 895 1221 natricum
915 1181 1210 1233 viperarumque
1239 1180 1401 1219 fecerit?
1436 1195 1504 1219 cur
1534 1180 1733 1220 mortifera
1762 1190 1842 1219 tam
1875 1180 2007 1218 multa.

604 1246 809 1300 perniciosa
821 1255 918 1283 terra
936 1246 1110 1297 marique
1125 1245 1335 1298 disperserit
1350 1247 1363 1283 ?
1384 1246 1545 1298 Negatis
1566 1245 1646 1285 haec
1664 1256 1741 1285 tam
1759 1246 1880 1298 polite
1895 1255 2000 1283 tam-

605 1326 680 1365 que
709 1311 899 1350 subtiliter
931 1311 1033 1348 effici
1062 1310 1225 1362 potuiffe
1253 1311 1330 1349 fine
1363 1311 1490 1349 divina
1523 1312 1652 1363 aliqua
1683 1311 1857 1354 solertia;
1888 1312 2007 1363 cujus

604 1377 763 1430 quidem
779 1389 845 1414 vos
861 1375 1094 1427 majestatem
1113 1375 1301 1414 deducitis
1321 1376 1439 1429 usque
1457 1376 1505 1415 ad
1523 1377 1657 1429 apium
1669 1375 2005 1428 formicarumque

605 1441 878 1496 perfectionem
893 1459 906 1485 ⁵
928 1450 972 1478 ut
989 1441 1108 1479 etiam
1126 1441 1226 1478 inter
1245 1442 1349 1479 Deos
1370 1442 1632 1493 Myrmecides
1648 1442 1810 1495 aliquis,
1824 1441 2005 1480 minuto·

606 1521 693 1547 rum
712 1506 984 1560 opusculorum
1004 1505 1222 1551 fabricator,
1237 1505 1349 1545 fuiffe
1367 1507 1551 1546 videatur.

654 1574 785 1626 Negas
804 1573 886 1616 fine
902 1573 988 1611 Deo
1000 1572 1107 1625 posse
1121 1573 1350 1624 quidquam.
1373 1574 1476 1611 Ecce
1497 1573 1572 1612 tibi
1589 1586 1609 1613 e
1630 1573 1834 1612 transverso
1854 1574 2006 1626 Lamp-

609 1639 760 1677 sacenus
781 1640 917 1681 Strato,
939 1637 1006 1688 qui
1024 1637 1087 1676 det
1106 1637 1166 1675 isti
1183 1639 1268 1676 Deo
1284 1638 1575 1676 immunitatem
1585 1638 1718 1690 magni
1736 1638 1896 1690 quidem
1911 1651 2004 1677 mu-

610 1704 722 1751 neris.
773 1703 844 1741 Sed
862 1715 954 1740 cum
975 1702 1180 1741 sacerdotes
1201 1703 1361 1742 deorum
1381 1704 1619 1743 vacationem
1650 1703 1829 1749 habeant,
1860 1713 2013 1756 quanto

609 1770 662 1809 est
681 1769 826 1821 aequius
844 1767 981 1807 habere
1005 1767 1104 1821 ipsos
1124 1768 1212 1808 deos
1231 1770 1249 1806 ?
1286 1770 1415 1822 Negat
1434 1770 1548 1822 opera
1566 1769 1727 1809 deorum
1747 1769 1783 1808 se
1802 1770 1860 1808 uti
1879 1769 1927 1808 ad
1946 1767 2009 1807 fa-

612 1834 840 1874 bricandum
860 1833 1067 1873 mundum.
1118 1835 1373 1888 Qaecunque
1390 1835 1476 1880 sint,
1503 1835 1616 1874 docet
1635 1836 1768 1875 omnia
1784 1835 1856 1874 effe
1874 1833 2012 1873 effecta

614 1901 745 1939 natura
763 1915 771 1938 :
804 1914 888 1945 nec,
917 1909 959 1938 ut
980 1899 1058 1945 ille,
1080 1901 1148 1953 qui
1169 1901 1317 1954 asperis,
1337 1911 1374 1939 et
1404 1902 1576 1946 laevibus,
1603 1911 1641 1939 et
1661 1900 1824 1940 hamatis
1845 1901 2008 1941 uncina-

616 1966 736 2018 tisque
756 1965 981 2019 corporibus
1001 1976 1177 2004 concreta
1196 1966 1277 2005 haec
1297 1967 1368 2005 esse
1388 1967 1504 2011 dicat,
1522 1968 1719 2019 interjcdto
1735 1967 1854 2006 inani.
1895 1969 2009 2006 Som-

616 2033 677 2070 nia
695 2030 821 2070 censet
840 2030 921 2070 haec
941 2029 1011 2069 esse
1033 2031 1265 2076 Democriti,
1291 2046 1367 2070 non
1389 2032 1574 2077 docentis,
1607 2031 1668 2071 sed
1687 2033 1868 2085 optantis.
1929 2031 2013 2085 Ipse

615 2108 742 2136 autem
763 2097 924 2150 singulas
956 2097 1093 2135 mundi
1124 2108 1246 2150 partes
1273 2099 1513 2151 persequens,
1544 2099 1735 2151 quidquid
1765 2108 1829 2138 aut
1858 2098 1917 2143 sit,
1946 2107 2013 2137 aut

619 2164 696 2208 fiat,
732 2163 966 2201 naturalibus
986 2162 1067 2201 fieri
1099 2174 1163 2202 aut
1182 2163 1327 2203 factum
1347 2164 1419 2203 effe
1447 2165 1560 2204 docet
1581 2165 1813 2218 ponderibus
1833 2174 1871 2203 et
1892 2165 2012 2203 moti-

620 2231 704 2268 bus.
737 2230 798 2267 Sic
820 2229 885 2267 ille
904 2239 940 2267 et
964 2230 1094 2268 Deum
1112 2244 1223 2283 opere
1244 2245 1383 2284 magno
1403 2231 1551 2277 liberat,
1577 2241 1615 2270 et
1635 2245 1698 2270 me
1718 2232 1870 2271 timore.
1911 2231 2016 2282 Qis

619 2296 723 2333 enim
744 2295 863 2348 potest
886 2295 995 2346 (cum
1016 2295 1208 2334 existimet
1221 2310 1240 2334 a
1258 2297 1341 2335 Deo
1362 2296 1396 2334 se
1411 2297 1552 2348 curari)
1576 2311 1652 2336 non
1673 2307 1710 2335 et
1729 2297 1807 2335 dies
1827 2307 1864 2334 et
1885 2298 2015 2335 noctes

621 2360 798 2400 divinum
820 2373 964 2399 numen
991 2359 1170 2399 horrere?
1204 2372 1255 2407 et,
1278 2362 1302 2401 fi
1319 2363 1414 2415 quid
1434 2363 1571 2401 adversi
1592 2363 1786 2407 acciderit,
1810 2362 1932 2415 (quod
1951 2361 2017 2401 cui

625 2439 698 2464 non
720 2425 857 2466 accidit
873 2427 905 2477 ?)
937 2426 1194 2472 extimescere,
1217 2442 1263 2467 ne
1284 2429 1322 2466 id
1337 2429 1422 2480 jure
1442 2430 1608 2468 evenerit
1627 2430 1639 2467 ?

681 2492 766 2531 Nec
787 2492 951 2531 Stratoni
971 2502 1098 2532 tamen
1115 2493 1289 2535 assentior
1301 2513 1315 2541 ς
1337 2509 1406 2534 nec
1427 2509 1515 2535 vero
1531 2496 1617 2535 tibi.
1652 2495 1778 2536 Modo
1792 2495 1882 2542 hoc,
1899 2493 2019 2534 modo

628 2557 737 2602 illud,
758 2558 992 2611 probabilius
1009 2559 1170 2599 videtur.
