2330 2983
678 218 951 257 LIBER
1008 217 1440 270 QUARTUS.
1675 234 1748 274 355

425 317 557 367 Atque
578 324 619 353 ut
649 316 854 354 muliebres
874 329 1018 354 amores
1040 318 1230 361 omittam,
1262 317 1401 370 quibus
1423 318 1606 369 majorem
1627 317 1748 355 licen-

372 382 465 418 tiam
479 391 609 419 natura
624 381 802 419 conceffit
813 399 826 426 ;
849 382 933 433 quis
955 391 1019 419 aut
1038 383 1084 419 de
1099 383 1332 433 Ganymedis
1349 393 1456 436 raptu
1476 383 1638 428 dubitat,
1656 384 1750 436 quid

370 455 489 497 poetae
519 446 637 483 velint
653 463 663 489 ς
695 454 758 482 aut
789 459 865 483 non
895 446 1090 497 intelligit,
1121 447 1215 497 quid
1246 448 1345 498 apud
1366 449 1592 500 Euripidem
1623 458 1661 486 et
1688 448 1749 486 lo-

371 519 508 561 quatur
539 519 577 547 et
606 511 736 561 cupiat
766 510 880 548 Laius
900 510 913 545 ?
943 510 1037 561 quid
1070 510 1233 561 denique
1255 510 1430 549 homines
1462 514 1676 558 doffiffimi,
1712 523 1750 552 et

369 573 511 611 summi
529 583 649 626 poetae
668 574 714 611 de
733 574 768 611 se
788 574 855 626 ipfi
875 583 913 611 et
932 574 1165 611 carminibus
1185 574 1310 619 edant,
1331 585 1369 612 et
1388 577 1563 614 cantibus
1583 579 1596 613 ?
1625 580 1749 616 Fortis

367 639 427 676 vir
444 639 484 676 in
514 638 578 677 sua
596 639 791 691 republica
820 639 1012 691 cognitus,
1043 653 1126 691 quae
1157 639 1202 677 de
1227 641 1414 691 juvenum
1434 654 1559 680 amore
1590 642 1748 695 scripsit,

368 703 519 741 Alcaeus
538 703 552 740 Ξ
595 704 701 742 Nam
734 705 982 742 Anacreontis
1016 705 1175 756 quidem
1202 713 1282 743 tota
1314 707 1432 757 poefis
1465 706 1517 744 est
1554 709 1747 746 amatoria.

368 769 543 806 Maxime
562 782 650 807 vero
669 770 848 807 omnium
867 769 1031 821 flagraffe
1050 783 1177 808 amore
1194 768 1419 823 Rheginum
1435 772 1612 822 Ibycum,
1634 786 1748 826 appa-

368 842 424 871 ret
443 846 489 870 ex
509 833 670 886 scriptis.

423 899 613 937 XXXIV.
642 901 772 951 Atque
791 898 932 938 horum
952 900 1131 939 omnium
1150 901 1370 940 libidinosos
1390 901 1460 940 effe
1479 915 1622 940 amores
1642 889 1749 942 vide-

369 977 469 1001 mus.
493 963 716 1017 Philosophi
731 965 861 1002 sumus
880 967 1016 1010 exorti,
1037 975 1074 1003 et
1093 968 1242 1004 auctore
1257 968 1415 1018 quidem
1436 968 1560 1006 nostro
1576 969 1747 1014 Platone,

367 1041 485 1080 quem
515 1042 593 1067 non
622 1030 762 1081 injuria
792 1029 1037 1068 Dicaearchus
1057 1031 1215 1076 accusat,
1251 1033 1319 1083 qui
1350 1034 1468 1070 amori
1488 1035 1751 1074 auctoritatem

366 1094 636 1133 tribueremus.
674 1095 791 1133 Stoici
809 1108 896 1133 vero
914 1104 952 1132 et
971 1096 1176 1147 sapientem
1196 1105 1413 1135 amaturum
1433 1098 1501 1135 effe
1515 1099 1653 1138 ‘dicunt
1670 1118 1681 1144 ;
1713 1109 1750 1137 et

366 1173 536 1198 amorem
569 1160 709 1212 ipsum,
739 1168 921 1198 conatum
951 1160 1131 1198 amicitiae
1162 1159 1343 1199 faciendae
1373 1176 1420 1200 ex
1451 1163 1749 1215 pulchritudinis

365 1225 500 1277 specie,
522 1225 723 1264 definiunt.
767 1226 848 1277 Qi
867 1225 894 1263 fi
924 1226 1010 1278 quis
1031 1226 1084 1264 est
1102 1226 1142 1263 in
1163 1239 1289 1264 rerum
1309 1236 1440 1265 natura
1460 1229 1535 1267 fine
1561 1229 1748 1268 sollicitu-

366 1290 469 1335 dine,
492 1291 567 1328 s1ne
587 1290 780 1334 defiderio,
802 1290 878 1327 fine
894 1303 996 1335 cura,
1017 1291 1092 1328 fine
1111 1290 1266 1343 suspirio
1281 1309 1293 1336 3
1317 1291 1359 1329 fit
1379 1291 1476 1331 sane.
1504 1294 1625 1332 Vacat
1643 1295 1749 1333 enim

367 1356 475 1393 omni
495 1355 667 1393 libidine.
710 1356 808 1393 Haec
827 1364 955 1394 autem
975 1356 1021 1394 de
1040 1356 1200 1394 libidine
1219 1356 1338 1394 oratio
1357 1357 1422 1395 est.
1466 1358 1530 1396 Sin
1546 1368 1677 1398 autem
1697 1361 1749 1398 est

367 1421 505 1473 aliquis
526 1434 645 1465 amor,
676 1429 719 1458 ut
738 1421 791 1458 est
815 1429 929 1466 certe,
960 1421 1028 1473 qui
1048 1420 1147 1460 nihil
1167 1421 1273 1466 abfit,
1303 1431 1367 1460 aut
1387 1436 1464 1462 non
1490 1424 1674 1471 multum,
1701 1426 1748 1464 ab

367 1486 520 1532 insania,
541 1485 663 1538 qualis
684 1485 724 1523 in
744 1486 935 1524 Leucadia
953 1487 1006 1524 est
1024 1505 1036 1530 3

502 1552 545 1590 Si
559 1550 693 1604 quidem
697 1551 754 1601 sit
772 1552 950 1603 quffquam
969 1552 1086 1595 Deus,
1117 1551 1176 1590 cui
1191 1565 1250 1603 ego
1254 1552 1326 1601 sim
1344 1565 1442 1591 curae
1455 1567 1469 1590 :

368 1620 424 1670 (at
441 1617 482 1655 id
500 1625 577 1654 erat
596 1616 691 1654 Deis
710 1616 894 1655 omnibus
913 1616 1140 1662 curandum,
1171 1618 1501 1670 quemadmodum
1519 1617 1584 1659 hic
1603 1618 1745 1659 fruere-

366 1688 428 1717 tur
445 1678 640 1730 voluptate
659 1677 857 1729 amatoria)

500 1744 585 1782 Heu
602 1757 654 1781 me
672 1742 840 1794 irfilicem
852 1745 869 1780 l

364 1808 481 1848 Nihil
500 1809 638 1847 verius.
671 1808 793 1845 Probe
812 1816 849 1845 et
869 1806 947 1851 ille,
1039 1850 1042 1853 v

500 1873 657 1924 Sanusne
674 1886 721 1915 es,
752 1872 815 1923 qui
831 1881 957 1910 temere
972 1871 1165 1910 lamentare
1180 1872 1200 1910 ἓ

368 1939 429 1977 Sic
448 1937 597 1975 insanus
617 1936 767 1974 videtur
785 1937 901 1974 etiam
922 1936 1009 1974 suis.
1041 1938 1095 1974 At
1114 1949 1206 1989 quas
1226 1937 1424 1989 tragcedias
1444 1936 1570 1977 effecit
1587 1940 1600 1976 ?

502 2000 564 2046 Te,
581 2002 707 2053 Apollo
708 2004 850 2054 stmffle,
857 2002 928 2054 fi’r
942 2012 1047 2055 opem,
1065 2011 1177 2055 teque,
1191 2002 1400 2055 ommspotens
1415 2005 1596 2056 Neptune,
1612 2005 1745 2051 invoco,

502 2068 630 2120 Vosque
648 2066 729 2105 adeo
748 2067 862 2105 venti.

366 2132 568 2172 Mundum
589 2140 716 2169 totum
737 2132 772 2169 se
801 2132 847 2170 ad
866 2145 1037 2170 amorem
1058 2132 1168 2170 suum
1188 2132 1460 2172 sublevandum
1481 2135 1750 2175 conversurum

367 2207 499 2250 putat;
532 2198 719 2235 Venerem
740 2210 855 2235 unam
874 2197 1058 2242 excludit,
1081 2206 1122 2235 ut
1141 2198 1315 2250 iniquam
1332 2213 1342 2237 ι

503 2263 601 2300 Nam
621 2261 708 2314 quid
722 2276 781 2314 ego
800 2272 835 2300 te
849 2263 1027 2315 appellem,
1051 2265 1164 2302 Venus
1181 2264 1201 2302 .?

368 2329 466 2366 Eam
487 2341 562 2379 prae
582 2327 740 2366 libidine
770 2338 881 2380 negat
911 2343 1039 2367 curare
1059 2329 1284 2382 quidquam.
1327 2330 1442 2381 Qafi
1463 2343 1548 2369 vero
1569 2330 1645 2382 ipse
1673 2343 1749 2369 non

368 2402 521 2446 propter
542 2393 743 2431 libidinem
767 2402 869 2432 tanta
889 2394 1030 2447 flagitia
1049 2405 1087 2433 et
1106 2394 1233 2440 faciat,
1265 2405 1302 2433 et
1324 2396 1437 2433 dicat.

422 2464 591 2501 XXXV.
625 2464 684 2501 Sic
716 2464 832 2516 igitur
862 2465 995 2504 affecto
1025 2465 1106 2504 haec
1137 2465 1351 2503 adhibenda
1380 2464 1525 2502 curatio
1551 2465 1616 2510 est,
1647 2474 1690 2503 ut
1717 2465 1751 2502 ei

369 2529 479 2573 illud,
511 2528 614 2581 quod
633 2529 776 2582 cupiat,
806 2530 975 2569 ostendat
1005 2544 1121 2582 quarn
1141 2531 1234 2575 leve,
1256 2544 1372 2582 quam
1406 2530 1749 2574 contemnendum,

1328 2601 1455 2650 sz
