<?xml version="1.0" encoding="UTF-8"?>
<!DOCTYPE html PUBLIC "-//W3C//DTD XHTML 1.0 Transitional//EN"
    "http://www.w3.org/TR/xhtml1/DTD/xhtml1-transitional.dtd">
<html xmlns="http://www.w3.org/1999/xhtml" xml:lang="en" lang="en">
 <head>
  <title>
</title>
<meta http-equiv="Content-Type" content="text/html;charset=utf-8" />
  <meta name='ocr-system' content='tesseract 3.04.00' />
  <meta name='ocr-capabilities' content='ocr_page ocr_carea ocr_par ocr_line ocrx_word'/>
</head>
<body>
  <div class='ocr_page' id='page_1' title='image "./operacumindicibu02ciceuoft_0115.png"; bbox 0 0 2330 2983; ppageno 0'>
   <div class='ocr_carea' id='block_1_1' title="bbox 561 288 1685 359">
    <p class='ocr_par' dir='ltr' id='par_1_1' title="bbox 561 288 1685 359">
     <span class='ocr_line' id='line_1_1' title="bbox 561 288 1685 359; baseline 0.003 -16"><span class='ocrx_word' id='word_1_1' title='bbox 561 303 837 344; x_wconf 85' lang='lat' dir='ltr'>LIBER</span> <span class='ocrx_word' id='word_1_2' title='bbox 908 288 1408 345; x_wconf 79' lang='lat' dir='ltr'>SECUNDUS.</span> <span class='ocrx_word' id='word_1_3' title='bbox 1611 319 1685 359; x_wconf 86' lang='lat'>107</span> 
     </span>
    </p>
   </div>
   <div class='ocr_carea' id='block_1_2' title="bbox 280 401 1685 2627">
    <p class='ocr_par' dir='ltr' id='par_1_2' title="bbox 284 401 1685 847">
     <span class='ocr_line' id='line_1_2' title="bbox 285 401 1683 459; baseline 0.001 -18"><span class='ocrx_word' id='word_1_4' title='bbox 285 401 328 441; x_wconf 91' lang='lat' dir='ltr'>in</span> <span class='ocrx_word' id='word_1_5' title='bbox 348 401 491 448; x_wconf 90' lang='lat' dir='ltr'>dolore,</span> <span class='ocrx_word' id='word_1_6' title='bbox 509 415 578 441; x_wconf 90' lang='lat' dir='ltr'>nec</span> <span class='ocrx_word' id='word_1_7' title='bbox 598 403 639 442; x_wconf 93' lang='lat' dir='ltr'>in</span> <span class='ocrx_word' id='word_1_8' title='bbox 659 404 868 457; x_wconf 91' lang='lat' dir='ltr'>voluptate,</span> <span class='ocrx_word' id='word_1_9' title='bbox 883 404 954 442; x_wconf 83' lang='lat' dir='ltr'>effe</span> <span class='ocrx_word' id='word_1_10' title='bbox 966 423 978 449; x_wconf 73' lang='lat'>3</span> <span class='ocrx_word' id='word_1_11' title='bbox 1002 413 1045 443; x_wconf 92' lang='lat' dir='ltr'>ut</span> <span class='ocrx_word' id='word_1_12' title='bbox 1063 405 1104 443; x_wconf 89' lang='lat' dir='ltr'>in</span> <span class='ocrx_word' id='word_1_13' title='bbox 1125 405 1320 459; x_wconf 85' lang='lat' dir='ltr'>voluptate</span> <span class='ocrx_word' id='word_1_14' title='bbox 1335 405 1392 450; x_wconf 88' lang='lat' dir='ltr'>fit,</span> <span class='ocrx_word' id='word_1_15' title='bbox 1407 404 1475 456; x_wconf 90' lang='lat' dir='ltr'>qui</span> <span class='ocrx_word' id='word_1_16' title='bbox 1493 403 1683 457; x_wconf 86' lang='lat' dir='ltr'>epuletur,</span> 
     </span>
     <span class='ocr_line' id='line_1_3' title="bbox 285 467 1683 521; baseline 0.001 -16"><span class='ocrx_word' id='word_1_17' title='bbox 285 468 328 505; x_wconf 88' lang='lat' dir='ltr'>in</span> <span class='ocrx_word' id='word_1_18' title='bbox 349 467 491 513; x_wconf 90' lang='lat' dir='ltr'>dolore,</span> <span class='ocrx_word' id='word_1_19' title='bbox 519 469 588 521; x_wconf 89' lang='lat' dir='ltr'>qui</span> <span class='ocrx_word' id='word_1_20' title='bbox 607 477 842 521; x_wconf 84' lang='lat' dir='ltr'>torqueatur.</span> <span class='ocrx_word' id='word_1_21' title='bbox 874 469 940 507; x_wconf 91' lang='lat' dir='ltr'>Tu</span> <span class='ocrx_word' id='word_1_22' title='bbox 961 479 1089 508; x_wconf 90' lang='lat' dir='ltr'>autem</span> <span class='ocrx_word' id='word_1_23' title='bbox 1115 470 1215 508; x_wconf 89' lang='lat' dir='ltr'>inter</span> <span class='ocrx_word' id='word_1_24' title='bbox 1233 469 1315 508; x_wconf 85' lang='lat' dir='ltr'>haec</span> <span class='ocrx_word' id='word_1_25' title='bbox 1336 479 1480 508; x_wconf 85' lang='lat' dir='ltr'>tantam</span> <span class='ocrx_word' id='word_1_26' title='bbox 1500 469 1683 507; x_wconf 90' lang='lat' dir='ltr'>multitu-</span> 
     </span>
     <span class='ocr_line' id='line_1_4' title="bbox 285 531 1682 585; baseline 0.001 -15"><span class='ocrx_word' id='word_1_27' title='bbox 285 531 417 570; x_wconf 88' lang='lat' dir='ltr'>dinem</span> <span class='ocrx_word' id='word_1_28' title='bbox 436 531 646 571; x_wconf 88' lang='lat' dir='ltr'>hominum</span> <span class='ocrx_word' id='word_1_29' title='bbox 665 533 902 585; x_wconf 59' lang='lat' dir='ltr'>interjectam</span> <span class='ocrx_word' id='word_1_30' title='bbox 923 547 1001 572; x_wconf 92' lang='lat' dir='ltr'>non</span> <span class='ocrx_word' id='word_1_31' title='bbox 1021 534 1140 578; x_wconf 85' lang='lat' dir='ltr'>vides,</span> <span class='ocrx_word' id='word_1_32' title='bbox 1167 547 1236 571; x_wconf 89' lang='lat' dir='ltr'>nec</span> <span class='ocrx_word' id='word_1_33' title='bbox 1258 534 1485 578; x_wconf 69' lang='lat' dir='ltr'>laetantium,</span> <span class='ocrx_word' id='word_1_34' title='bbox 1520 546 1590 571; x_wconf 91' lang='lat' dir='ltr'>nec</span> <span class='ocrx_word' id='word_1_35' title='bbox 1611 533 1682 571; x_wconf 88' lang='lat' dir='ltr'>do-</span> 
     </span>
     <span class='ocr_line' id='line_1_5' title="bbox 284 595 1682 651; baseline 0.001 -17"><span class='ocrx_word' id='word_1_36' title='bbox 284 595 450 636; x_wconf 86' lang='lat' dir='ltr'>lentium</span> <span class='ocrx_word' id='word_1_37' title='bbox 469 598 482 634; x_wconf 88' lang='lat'>?</span> <span class='ocrx_word' id='word_1_38' title='bbox 514 598 623 643; x_wconf 93' lang='lat' dir='ltr'>Non,</span> <span class='ocrx_word' id='word_1_39' title='bbox 644 598 809 651; x_wconf 83' lang='lat' dir='ltr'>prorsus,</span> <span class='ocrx_word' id='word_1_40' title='bbox 830 599 959 651; x_wconf 91' lang='lat' dir='ltr'>inquit</span> <span class='ocrx_word' id='word_1_41' title='bbox 974 617 987 644; x_wconf 78' lang='lat'>3</span> <span class='ocrx_word' id='word_1_42' title='bbox 1018 598 1239 650; x_wconf 90' lang='lat' dir='ltr'>omnesque,</span> <span class='ocrx_word' id='word_1_43' title='bbox 1261 599 1330 650; x_wconf 87' lang='lat' dir='ltr'>qui</span> <span class='ocrx_word' id='word_1_44' title='bbox 1351 598 1427 637; x_wconf 89' lang='lat' dir='ltr'>fine</span> <span class='ocrx_word' id='word_1_45' title='bbox 1447 598 1577 636; x_wconf 91' lang='lat' dir='ltr'>dolore</span> <span class='ocrx_word' id='word_1_46' title='bbox 1596 597 1682 642; x_wconf 90' lang='lat' dir='ltr'>fint,</span> 
     </span>
     <span class='ocr_line' id='line_1_6' title="bbox 285 661 1684 716; baseline 0 -17"><span class='ocrx_word' id='word_1_47' title='bbox 285 661 328 699; x_wconf 88' lang='lat' dir='ltr'>in</span> <span class='ocrx_word' id='word_1_48' title='bbox 356 663 568 716; x_wconf 91' lang='lat' dir='ltr'>voluptate,</span> <span class='ocrx_word' id='word_1_49' title='bbox 598 672 637 701; x_wconf 92' lang='lat' dir='ltr'>et</span> <span class='ocrx_word' id='word_1_50' title='bbox 669 677 712 702; x_wconf 91' lang='lat' dir='ltr'>ea</span> <span class='ocrx_word' id='word_1_51' title='bbox 731 663 890 716; x_wconf 90' lang='lat' dir='ltr'>quidem</span> <span class='ocrx_word' id='word_1_52' title='bbox 918 664 1082 708; x_wconf 88' lang='lat' dir='ltr'>summa,</span> <span class='ocrx_word' id='word_1_53' title='bbox 1114 663 1186 701; x_wconf 85' lang='lat' dir='ltr'>effe</span> <span class='ocrx_word' id='word_1_54' title='bbox 1215 663 1316 702; x_wconf 86' lang='lat' dir='ltr'>dico.</span> <span class='ocrx_word' id='word_1_55' title='bbox 1349 664 1453 715; x_wconf 89' lang='lat' dir='ltr'>Ergo</span> <span class='ocrx_word' id='word_1_56' title='bbox 1480 663 1522 700; x_wconf 91' lang='lat' dir='ltr'>in</span> <span class='ocrx_word' id='word_1_57' title='bbox 1551 663 1684 700; x_wconf 84' lang='lat' dir='ltr'>eadem</span> 
     </span>
     <span class='ocr_line' id='line_1_7' title="bbox 284 727 1685 782; baseline -0.001 -16"><span class='ocrx_word' id='word_1_58' title='bbox 284 727 480 781; x_wconf 89' lang='lat' dir='ltr'>voluptate</span> <span class='ocrx_word' id='word_1_59' title='bbox 498 742 604 774; x_wconf 90' lang='lat' dir='ltr'>eum,</span> <span class='ocrx_word' id='word_1_60' title='bbox 637 729 707 782; x_wconf 88' lang='lat' dir='ltr'>qui</span> <span class='ocrx_word' id='word_1_61' title='bbox 726 729 833 768; x_wconf 88' lang='lat' dir='ltr'>alteri</span> <span class='ocrx_word' id='word_1_62' title='bbox 861 729 1018 769; x_wconf 89' lang='lat' dir='ltr'>misceat</span> <span class='ocrx_word' id='word_1_63' title='bbox 1037 728 1224 774; x_wconf 87' lang='lat' dir='ltr'>mulsum,</span> <span class='ocrx_word' id='word_1_64' title='bbox 1253 728 1333 782; x_wconf 89' lang='lat' dir='ltr'>ipse</span> <span class='ocrx_word' id='word_1_65' title='bbox 1365 742 1444 767; x_wconf 91' lang='lat' dir='ltr'>non</span> <span class='ocrx_word' id='word_1_66' title='bbox 1474 728 1616 772; x_wconf 84' lang='lat' dir='ltr'>fitiens,</span> <span class='ocrx_word' id='word_1_67' title='bbox 1646 734 1685 765; x_wconf 87' lang='lat' dir='ltr'>et</span> 
     </span>
     <span class='ocr_line' id='line_1_8' title="bbox 284 794 902 847; baseline 0.005 -16"><span class='ocrx_word' id='word_1_68' title='bbox 284 806 391 839; x_wconf 92' lang='lat' dir='ltr'>eum,</span> <span class='ocrx_word' id='word_1_69' title='bbox 412 795 481 847; x_wconf 92' lang='lat' dir='ltr'>qui</span> <span class='ocrx_word' id='word_1_70' title='bbox 499 794 597 833; x_wconf 91' lang='lat' dir='ltr'>illud</span> <span class='ocrx_word' id='word_1_71' title='bbox 618 795 743 834; x_wconf 75' lang='lat' dir='ltr'>sitiens</span> <span class='ocrx_word' id='word_1_72' title='bbox 764 795 871 834; x_wconf 87' lang='lat' dir='ltr'>bibat</span> <span class='ocrx_word' id='word_1_73' title='bbox 888 796 902 833; x_wconf 89' lang='lat'>?</span> 
     </span>
    </p>

    <p class='ocr_par' dir='ltr' id='par_1_3' title="bbox 283 858 1685 1638">
     <span class='ocr_line' id='line_1_9' title="bbox 339 858 1685 915; baseline -0.001 -17"><span class='ocrx_word' id='word_1_74' title='bbox 339 860 411 898; x_wconf 92' lang='lat' dir='ltr'>VI.</span> <span class='ocrx_word' id='word_1_75' title='bbox 443 861 554 898; x_wconf 88' lang='lat' dir='ltr'>Tum</span> <span class='ocrx_word' id='word_1_76' title='bbox 571 860 652 906; x_wconf 88' lang='lat' dir='ltr'>ille,</span> <span class='ocrx_word' id='word_1_77' title='bbox 683 861 839 906; x_wconf 86' lang='lat' dir='ltr'>Finem,</span> <span class='ocrx_word' id='word_1_78' title='bbox 859 860 1002 915; x_wconf 86' lang='lat' dir='ltr'>inquit,</span> <span class='ocrx_word' id='word_1_79' title='bbox 1026 860 1300 914; x_wconf 89' lang='lat' dir='ltr'>interrogandi,</span> <span class='ocrx_word' id='word_1_80' title='bbox 1321 860 1348 899; x_wconf 89' lang='lat' dir='ltr'>fi</span> <span class='ocrx_word' id='word_1_81' title='bbox 1367 860 1517 898; x_wconf 90' lang='lat' dir='ltr'>videtur</span> <span class='ocrx_word' id='word_1_82' title='bbox 1537 874 1546 898; x_wconf 77' lang='lat' dir='ltr'><strong><em>z</em></strong></span> <span class='ocrx_word' id='word_1_83' title='bbox 1578 858 1685 911; x_wconf 90' lang='lat' dir='ltr'>quod</span> 
     </span>
     <span class='ocr_line' id='line_1_10' title="bbox 285 924 1683 979; baseline 0.001 -16"><span class='ocrx_word' id='word_1_84' title='bbox 285 924 445 977; x_wconf 89' lang='lat' dir='ltr'>quidem</span> <span class='ocrx_word' id='word_1_85' title='bbox 464 939 538 978; x_wconf 89' lang='lat' dir='ltr'>ego</span> <span class='ocrx_word' id='word_1_86' title='bbox 556 939 577 964; x_wconf 88' lang='lat' dir='ltr'>a</span> <span class='ocrx_word' id='word_1_87' title='bbox 595 926 787 979; x_wconf 89' lang='lat' dir='ltr'>principio</span> <span class='ocrx_word' id='word_1_88' title='bbox 806 927 859 964; x_wconf 87' lang='lat' dir='ltr'>ita</span> <span class='ocrx_word' id='word_1_89' title='bbox 877 940 941 965; x_wconf 90' lang='lat' dir='ltr'>me</span> <span class='ocrx_word' id='word_1_90' title='bbox 967 926 1083 964; x_wconf 91' lang='lat' dir='ltr'>malle</span> <span class='ocrx_word' id='word_1_91' title='bbox 1113 927 1298 972; x_wconf 88' lang='lat' dir='ltr'>dixeram,</span> <span class='ocrx_word' id='word_1_92' title='bbox 1329 925 1404 964; x_wconf 93' lang='lat' dir='ltr'>hoc</span> <span class='ocrx_word' id='word_1_93' title='bbox 1434 925 1561 979; x_wconf 90' lang='lat' dir='ltr'>ipsum</span> <span class='ocrx_word' id='word_1_94' title='bbox 1591 937 1683 978; x_wconf 88' lang='lat' dir='ltr'>pro-</span> 
     </span>
     <span class='ocr_line' id='line_1_11' title="bbox 284 990 1682 1044; baseline 0.001 -16"><span class='ocrx_word' id='word_1_95' title='bbox 284 991 434 1036; x_wconf 87' lang='lat' dir='ltr'>videns,</span> <span class='ocrx_word' id='word_1_96' title='bbox 462 991 676 1029; x_wconf 67' lang='lat' dir='ltr'>dialecticas</span> <span class='ocrx_word' id='word_1_97' title='bbox 707 992 920 1044; x_wconf 88' lang='lat' dir='ltr'>captiones.</span> <span class='ocrx_word' id='word_1_98' title='bbox 978 990 1188 1030; x_wconf 88' lang='lat' dir='ltr'>Rhetorice</span> <span class='ocrx_word' id='word_1_99' title='bbox 1221 992 1366 1044; x_wconf 87' lang='lat' dir='ltr'>igitur,</span> <span class='ocrx_word' id='word_1_100' title='bbox 1395 992 1582 1044; x_wconf 88' lang='lat' dir='ltr'>inquam,</span> <span class='ocrx_word' id='word_1_101' title='bbox 1613 1003 1682 1029; x_wconf 91' lang='lat' dir='ltr'>nos</span> 
     </span>
     <span class='ocr_line' id='line_1_12' title="bbox 284 1058 1684 1111; baseline 0 -16"><span class='ocrx_word' id='word_1_102' title='bbox 284 1058 419 1103; x_wconf 88' lang='lat' dir='ltr'>mavis,</span> <span class='ocrx_word' id='word_1_103' title='bbox 450 1071 568 1110; x_wconf 91' lang='lat' dir='ltr'>quam</span> <span class='ocrx_word' id='word_1_104' title='bbox 586 1058 796 1104; x_wconf 68' lang='lat' dir='ltr'>dialectice,</span> <span class='ocrx_word' id='word_1_105' title='bbox 818 1059 1007 1111; x_wconf 88' lang='lat' dir='ltr'>disputare</span> <span class='ocrx_word' id='word_1_106' title='bbox 1025 1059 1038 1095; x_wconf 91' lang='lat'>?</span> <span class='ocrx_word' id='word_1_107' title='bbox 1070 1059 1186 1110; x_wconf 85' lang='lat' dir='ltr'>Qafi</span> <span class='ocrx_word' id='word_1_108' title='bbox 1205 1072 1307 1104; x_wconf 90' lang='lat' dir='ltr'>vero,</span> <span class='ocrx_word' id='word_1_109' title='bbox 1334 1059 1478 1111; x_wconf 88' lang='lat' dir='ltr'>inquit,</span> <span class='ocrx_word' id='word_1_110' title='bbox 1501 1066 1684 1111; x_wconf 89' lang='lat' dir='ltr'>perpetua</span> 
     </span>
     <span class='ocr_line' id='line_1_13' title="bbox 283 1123 1684 1177; baseline 0 -15"><span class='ocrx_word' id='word_1_111' title='bbox 283 1123 404 1162; x_wconf 88' lang='lat' dir='ltr'>oratio</span> <span class='ocrx_word' id='word_1_112' title='bbox 424 1123 621 1162; x_wconf 88' lang='lat' dir='ltr'>rhetorum</span> <span class='ocrx_word' id='word_1_113' title='bbox 642 1123 780 1170; x_wconf 88' lang='lat' dir='ltr'>solum,</span> <span class='ocrx_word' id='word_1_114' title='bbox 813 1137 890 1162; x_wconf 91' lang='lat' dir='ltr'>non</span> <span class='ocrx_word' id='word_1_115' title='bbox 909 1124 1026 1162; x_wconf 89' lang='lat' dir='ltr'>etiam</span> <span class='ocrx_word' id='word_1_116' title='bbox 1056 1123 1391 1177; x_wconf 88' lang='lat' dir='ltr'>philosophorum,</span> <span class='ocrx_word' id='word_1_117' title='bbox 1422 1124 1479 1162; x_wconf 74' lang='lat' dir='ltr'>fit,</span> <span class='ocrx_word' id='word_1_118' title='bbox 1512 1124 1684 1161; x_wconf 85' lang='lat' dir='ltr'>Zenonis</span> 
     </span>
     <span class='ocr_line' id='line_1_14' title="bbox 283 1180 1684 1243; baseline 0 -16"><span class='ocrx_word' id='word_1_119' title='bbox 283 1189 350 1234; x_wconf 90' lang='lat' dir='ltr'>est,</span> <span class='ocrx_word' id='word_1_120' title='bbox 378 1190 554 1242; x_wconf 85' lang='lat' dir='ltr'>inquam,</span> <span class='ocrx_word' id='word_1_121' title='bbox 589 1189 665 1228; x_wconf 93' lang='lat' dir='ltr'>hoc</span> <span class='ocrx_word' id='word_1_122' title='bbox 696 1191 839 1235; x_wconf 89' lang='lat' dir='ltr'>Stoici,</span> <span class='ocrx_word' id='word_1_123' title='bbox 875 1203 1035 1228; x_wconf 89' lang='lat' dir='ltr'>omnem</span> <span class='ocrx_word' id='word_1_124' title='bbox 1061 1190 1142 1229; x_wconf 88' lang='lat' dir='ltr'>vim</span> <span class='ocrx_word' id='word_1_125' title='bbox 1176 1190 1378 1243; x_wconf 85' lang='lat' dir='ltr'>loquendi,</span> <span class='ocrx_word' id='word_1_126' title='bbox 1420 1199 1462 1228; x_wconf 90' lang='lat' dir='ltr'>ut</span> <span class='ocrx_word' id='word_1_127' title='bbox 1481 1180 1684 1242; x_wconf 83' lang='lat' dir='ltr'>jamante</span> 
     </span>
     <span class='ocr_line' id='line_1_15' title="bbox 284 1255 1681 1309; baseline 0 -15"><span class='ocrx_word' id='word_1_128' title='bbox 284 1256 520 1301; x_wconf 87' lang='lat' dir='ltr'>Aristoteles,</span> <span class='ocrx_word' id='word_1_129' title='bbox 556 1256 596 1294; x_wconf 89' lang='lat' dir='ltr'>in</span> <span class='ocrx_word' id='word_1_130' title='bbox 632 1256 722 1295; x_wconf 86' lang='lat' dir='ltr'>duas</span> <span class='ocrx_word' id='word_1_131' title='bbox 758 1257 943 1295; x_wconf 91' lang='lat' dir='ltr'>tributam</span> <span class='ocrx_word' id='word_1_132' title='bbox 973 1255 1045 1294; x_wconf 82' lang='lat' dir='ltr'>effe</span> <span class='ocrx_word' id='word_1_133' title='bbox 1079 1265 1200 1309; x_wconf 88' lang='lat' dir='ltr'>partes</span> <span class='ocrx_word' id='word_1_134' title='bbox 1218 1271 1228 1295; x_wconf 69' lang='grc' dir='ltr'>ε</span> <span class='ocrx_word' id='word_1_135' title='bbox 1260 1255 1491 1294; x_wconf 90' lang='lat' dir='ltr'>rhetoricam</span> <span class='ocrx_word' id='word_1_136' title='bbox 1524 1256 1681 1309; x_wconf 84' lang='lat' dir='ltr'>palmae,</span> 
     </span>
     <span class='ocr_line' id='line_1_16' title="bbox 283 1322 1685 1375; baseline 0 -15"><span class='ocrx_word' id='word_1_137' title='bbox 283 1322 522 1361; x_wconf 64' lang='lat' dir='ltr'>dialecticam</span> <span class='ocrx_word' id='word_1_138' title='bbox 539 1336 685 1375; x_wconf 88' lang='lat' dir='ltr'>pugno,</span> <span class='ocrx_word' id='word_1_139' title='bbox 717 1322 882 1360; x_wconf 87' lang='lat' dir='ltr'>fimilem</span> <span class='ocrx_word' id='word_1_140' title='bbox 902 1322 972 1360; x_wconf 85' lang='lat' dir='ltr'>effe</span> <span class='ocrx_word' id='word_1_141' title='bbox 993 1323 1157 1367; x_wconf 87' lang='lat' dir='ltr'>dicebat,</span> <span class='ocrx_word' id='word_1_142' title='bbox 1179 1322 1283 1374; x_wconf 90' lang='lat' dir='ltr'>quod</span> <span class='ocrx_word' id='word_1_143' title='bbox 1303 1322 1416 1360; x_wconf 84' lang='lat' dir='ltr'>latius</span> <span class='ocrx_word' id='word_1_144' title='bbox 1437 1323 1685 1374; x_wconf 87' lang='lat' dir='ltr'>loquerentur</span> 
     </span>
     <span class='ocr_line' id='line_1_17' title="bbox 283 1386 1685 1439; baseline -0.001 -13"><span class='ocrx_word' id='word_1_145' title='bbox 283 1386 466 1433; x_wconf 87' lang='lat' dir='ltr'>rhetores,</span> <span class='ocrx_word' id='word_1_146' title='bbox 488 1387 676 1425; x_wconf 65' lang='lat' dir='ltr'>dialectici</span> <span class='ocrx_word' id='word_1_147' title='bbox 696 1397 824 1426; x_wconf 84' lang='lat' dir='ltr'>autem</span> <span class='ocrx_word' id='word_1_148' title='bbox 845 1387 1104 1439; x_wconf 85' lang='lat' dir='ltr'>compreffius.</span> <span class='ocrx_word' id='word_1_149' title='bbox 1139 1387 1339 1439; x_wconf 87' lang='lat' dir='ltr'>Obsequar</span> <span class='ocrx_word' id='word_1_150' title='bbox 1357 1387 1476 1439; x_wconf 90' lang='lat' dir='ltr'>igitur</span> <span class='ocrx_word' id='word_1_151' title='bbox 1495 1386 1685 1426; x_wconf 81' lang='lat' dir='ltr'>voluntati</span> 
     </span>
     <span class='ocr_line' id='line_1_18' title="bbox 284 1451 1683 1507; baseline -0.001 -15"><span class='ocrx_word' id='word_1_152' title='bbox 284 1463 386 1492; x_wconf 84' lang='lat' dir='ltr'>tuae:</span> <span class='ocrx_word' id='word_1_153' title='bbox 418 1454 635 1506; x_wconf 85' lang='lat' dir='ltr'>dicamque,</span> <span class='ocrx_word' id='word_1_154' title='bbox 665 1454 692 1492; x_wconf 89' lang='lat' dir='ltr'>fi</span> <span class='ocrx_word' id='word_1_155' title='bbox 711 1463 858 1507; x_wconf 88' lang='lat' dir='ltr'>potero,</span> <span class='ocrx_word' id='word_1_156' title='bbox 891 1452 1093 1498; x_wconf 86' lang='lat' dir='ltr'>rhetorice,</span> <span class='ocrx_word' id='word_1_157' title='bbox 1124 1453 1187 1491; x_wconf 90' lang='lat' dir='ltr'>sed</span> <span class='ocrx_word' id='word_1_158' title='bbox 1205 1451 1277 1491; x_wconf 87' lang='lat' dir='ltr'>hac</span> <span class='ocrx_word' id='word_1_159' title='bbox 1297 1452 1484 1492; x_wconf 91' lang='lat' dir='ltr'>rhetorica</span> <span class='ocrx_word' id='word_1_160' title='bbox 1508 1451 1683 1506; x_wconf 90' lang='lat' dir='ltr'>philoso-</span> 
     </span>
     <span class='ocr_line' id='line_1_19' title="bbox 283 1517 1684 1573; baseline -0.001 -15"><span class='ocrx_word' id='word_1_161' title='bbox 283 1519 468 1573; x_wconf 88' lang='lat' dir='ltr'>phorum,</span> <span class='ocrx_word' id='word_1_162' title='bbox 490 1533 567 1558; x_wconf 88' lang='lat' dir='ltr'>non</span> <span class='ocrx_word' id='word_1_163' title='bbox 587 1519 710 1557; x_wconf 89' lang='lat' dir='ltr'>nostra</span> <span class='ocrx_word' id='word_1_164' title='bbox 729 1519 794 1557; x_wconf 89' lang='lat' dir='ltr'>illa</span> <span class='ocrx_word' id='word_1_165' title='bbox 814 1518 951 1557; x_wconf 77' lang='lat' dir='ltr'>forensi</span> <span class='ocrx_word' id='word_1_166' title='bbox 963 1538 975 1564; x_wconf 64' lang='grc' dir='ltr'><strong>ς</strong></span> <span class='ocrx_word' id='word_1_167' title='bbox 1008 1531 1125 1570; x_wconf 88' lang='lat' dir='ltr'>quam</span> <span class='ocrx_word' id='word_1_168' title='bbox 1146 1517 1289 1557; x_wconf 74' lang='lat' dir='ltr'>necess‘e</span> <span class='ocrx_word' id='word_1_169' title='bbox 1309 1518 1375 1564; x_wconf 89' lang='lat' dir='ltr'>est,</span> <span class='ocrx_word' id='word_1_170' title='bbox 1403 1531 1496 1556; x_wconf 90' lang='lat' dir='ltr'>cum</span> <span class='ocrx_word' id='word_1_171' title='bbox 1517 1518 1684 1572; x_wconf 85' lang='lat' dir='ltr'>popula-</span> 
     </span>
     <span class='ocr_line' id='line_1_20' title="bbox 284 1583 1297 1638; baseline -0.002 -14"><span class='ocrx_word' id='word_1_172' title='bbox 284 1586 375 1624; x_wconf 88' lang='lat' dir='ltr'>riter</span> <span class='ocrx_word' id='word_1_173' title='bbox 395 1585 586 1637; x_wconf 90' lang='lat' dir='ltr'>loquatur‚</span> <span class='ocrx_word' id='word_1_174' title='bbox 607 1584 678 1622; x_wconf 83' lang='lat' dir='ltr'>effe</span> <span class='ocrx_word' id='word_1_175' title='bbox 698 1585 893 1623; x_wconf 90' lang='lat' dir='ltr'>interdum</span> <span class='ocrx_word' id='word_1_176' title='bbox 912 1584 1027 1638; x_wconf 89' lang='lat' dir='ltr'>paulo</span> <span class='ocrx_word' id='word_1_177' title='bbox 1043 1583 1297 1622; x_wconf 90' lang='lat' dir='ltr'>hebetiorem.</span> 
     </span>
    </p>

    <p class='ocr_par' dir='ltr' id='par_1_4' title="bbox 280 1644 1685 2426">
     <span class='ocr_line' id='line_1_21' title="bbox 338 1644 1682 1703; baseline 0 -14"><span class='ocrx_word' id='word_1_178' title='bbox 338 1644 410 1689; x_wconf 88' lang='lat' dir='ltr'>Sed</span> <span class='ocrx_word' id='word_1_179' title='bbox 441 1650 537 1688; x_wconf 88' lang='lat' dir='ltr'>dum</span> <span class='ocrx_word' id='word_1_180' title='bbox 567 1650 820 1695; x_wconf 65' lang='lat' dir='ltr'>dialceticam,</span> <span class='ocrx_word' id='word_1_181' title='bbox 855 1651 1079 1703; x_wconf 86' lang='lat' dir='ltr'>Torquate,</span> <span class='ocrx_word' id='word_1_182' title='bbox 1107 1649 1326 1688; x_wconf 88' lang='lat' dir='ltr'>contemnit</span> <span class='ocrx_word' id='word_1_183' title='bbox 1355 1649 1562 1702; x_wconf 90' lang='lat' dir='ltr'>Epicurus,</span> <span class='ocrx_word' id='word_1_184' title='bbox 1596 1663 1682 1703; x_wconf 87' lang='lat' dir='ltr'>quae</span> 
     </span>
     <span class='ocr_line' id='line_1_22' title="bbox 281 1715 1681 1769; baseline 0 -15"><span class='ocrx_word' id='word_1_185' title='bbox 281 1729 357 1755; x_wconf 88' lang='lat' dir='ltr'>una</span> <span class='ocrx_word' id='word_1_186' title='bbox 377 1716 550 1754; x_wconf 90' lang='lat' dir='ltr'>continet</span> <span class='ocrx_word' id='word_1_187' title='bbox 568 1729 726 1754; x_wconf 90' lang='lat' dir='ltr'>omnem</span> <span class='ocrx_word' id='word_1_188' title='bbox 757 1725 796 1754; x_wconf 90' lang='lat' dir='ltr'>et</span> <span class='ocrx_word' id='word_1_189' title='bbox 820 1716 1085 1769; x_wconf 86' lang='lat' dir='ltr'>perspiciendi,</span> <span class='ocrx_word' id='word_1_190' title='bbox 1116 1716 1210 1768; x_wconf 86' lang='lat' dir='ltr'>quid</span> <span class='ocrx_word' id='word_1_191' title='bbox 1237 1716 1277 1754; x_wconf 91' lang='lat' dir='ltr'>in</span> <span class='ocrx_word' id='word_1_192' title='bbox 1298 1728 1449 1768; x_wconf 89' lang='lat' dir='ltr'>quaque</span> <span class='ocrx_word' id='word_1_193' title='bbox 1468 1728 1507 1753; x_wconf 92' lang='lat' dir='ltr'>re</span> <span class='ocrx_word' id='word_1_194' title='bbox 1526 1715 1585 1761; x_wconf 88' lang='lat' dir='ltr'>fit,</span> <span class='ocrx_word' id='word_1_195' title='bbox 1607 1716 1681 1754; x_wconf 89' lang='lat' dir='ltr'>sci-</span> 
     </span>
     <span class='ocr_line' id='line_1_23' title="bbox 280 1780 1681 1834; baseline 0.001 -15"><span class='ocrx_word' id='word_1_196' title='bbox 280 1782 439 1826; x_wconf 87' lang='lat' dir='ltr'>entiam,</span> <span class='ocrx_word' id='word_1_197' title='bbox 460 1791 498 1820; x_wconf 91' lang='lat' dir='ltr'>et</span> <span class='ocrx_word' id='word_1_198' title='bbox 511 1781 727 1834; x_wconf 85' lang='lat' dir='ltr'>judicandi,</span> <span class='ocrx_word' id='word_1_199' title='bbox 759 1781 871 1834; x_wconf 88' lang='lat' dir='ltr'>quale</span> <span class='ocrx_word' id='word_1_200' title='bbox 894 1782 1067 1834; x_wconf 90' lang='lat' dir='ltr'>quidque</span> <span class='ocrx_word' id='word_1_201' title='bbox 1085 1781 1143 1827; x_wconf 84' lang='lat' dir='ltr'>fit,</span> <span class='ocrx_word' id='word_1_202' title='bbox 1174 1790 1212 1819; x_wconf 92' lang='lat' dir='ltr'>et</span> <span class='ocrx_word' id='word_1_203' title='bbox 1232 1781 1377 1819; x_wconf 85' lang='lat' dir='ltr'>ratione</span> <span class='ocrx_word' id='word_1_204' title='bbox 1407 1794 1449 1818; x_wconf 90' lang='lat' dir='ltr'>ac</span> <span class='ocrx_word' id='word_1_205' title='bbox 1469 1782 1529 1819; x_wconf 88' lang='lat' dir='ltr'>via</span> <span class='ocrx_word' id='word_1_206' title='bbox 1547 1780 1681 1834; x_wconf 89' lang='lat' dir='ltr'>dispu-</span> 
     </span>
     <span class='ocr_line' id='line_1_24' title="bbox 282 1846 1685 1900; baseline -0.001 -14"><span class='ocrx_word' id='word_1_207' title='bbox 282 1848 388 1886; x_wconf 90' lang='lat' dir='ltr'>tandi</span> <span class='ocrx_word' id='word_1_208' title='bbox 401 1866 413 1892; x_wconf 90' lang='lat'>;</span> <span class='ocrx_word' id='word_1_209' title='bbox 436 1847 514 1885; x_wconf 89' lang='lat' dir='ltr'>ruit</span> <span class='ocrx_word' id='word_1_210' title='bbox 528 1848 569 1885; x_wconf 90' lang='lat' dir='ltr'>in</span> <span class='ocrx_word' id='word_1_211' title='bbox 584 1847 762 1893; x_wconf 89' lang='lat' dir='ltr'>dicendo,</span> <span class='ocrx_word' id='word_1_212' title='bbox 777 1856 820 1886; x_wconf 93' lang='lat' dir='ltr'>ut</span> <span class='ocrx_word' id='word_1_213' title='bbox 836 1846 935 1885; x_wconf 89' lang='lat' dir='ltr'>mihi</span> <span class='ocrx_word' id='word_1_214' title='bbox 952 1847 1110 1900; x_wconf 91' lang='lat' dir='ltr'>quidem</span> <span class='ocrx_word' id='word_1_215' title='bbox 1127 1847 1291 1892; x_wconf 86' lang='lat' dir='ltr'>videtur,</span> <span class='ocrx_word' id='word_1_216' title='bbox 1309 1860 1378 1885; x_wconf 90' lang='lat' dir='ltr'>nec</span> <span class='ocrx_word' id='word_1_217' title='bbox 1395 1860 1450 1892; x_wconf 90' lang='lat' dir='ltr'>ea,</span> <span class='ocrx_word' id='word_1_218' title='bbox 1464 1860 1550 1900; x_wconf 85' lang='lat' dir='ltr'>quae</span> <span class='ocrx_word' id='word_1_219' title='bbox 1565 1847 1685 1885; x_wconf 83' lang='lat' dir='ltr'>doce-</span> 
     </span>
     <span class='ocr_line' id='line_1_25' title="bbox 282 1913 1681 1967; baseline 0.001 -16"><span class='ocrx_word' id='word_1_220' title='bbox 282 1928 322 1952; x_wconf 88' lang='lat' dir='ltr'>re</span> <span class='ocrx_word' id='word_1_221' title='bbox 341 1914 437 1958; x_wconf 89' lang='lat' dir='ltr'>vult,</span> <span class='ocrx_word' id='word_1_222' title='bbox 460 1914 539 1951; x_wconf 89' lang='lat' dir='ltr'>ulla</span> <span class='ocrx_word' id='word_1_223' title='bbox 557 1923 635 1952; x_wconf 84' lang='lat' dir='ltr'>arte</span> <span class='ocrx_word' id='word_1_224' title='bbox 654 1913 879 1967; x_wconf 70' lang='lat' dir='ltr'>distinguit,</span> <span class='ocrx_word' id='word_1_225' title='bbox 902 1922 945 1952; x_wconf 93' lang='lat' dir='ltr'>ut</span> <span class='ocrx_word' id='word_1_226' title='bbox 964 1913 1046 1952; x_wconf 84' lang='lat' dir='ltr'>haec</span> <span class='ocrx_word' id='word_1_227' title='bbox 1066 1913 1157 1967; x_wconf 91' lang='lat' dir='ltr'>ipsa,</span> <span class='ocrx_word' id='word_1_228' title='bbox 1174 1927 1258 1966; x_wconf 87' lang='lat' dir='ltr'>quae</span> <span class='ocrx_word' id='word_1_229' title='bbox 1278 1913 1397 1952; x_wconf 91' lang='lat' dir='ltr'>modo</span> <span class='ocrx_word' id='word_1_230' title='bbox 1411 1913 1681 1966; x_wconf 87' lang='lat' dir='ltr'>loquebamur.</span> 
     </span>
     <span class='ocr_line' id='line_1_26' title="bbox 283 1978 1678 2032; baseline -0.001 -15"><span class='ocrx_word' id='word_1_231' title='bbox 283 1982 490 2018; x_wconf 88' lang='lat' dir='ltr'>Summum</span> <span class='ocrx_word' id='word_1_232' title='bbox 506 1992 526 2017; x_wconf 89' lang='lat' dir='ltr'>a</span> <span class='ocrx_word' id='word_1_233' title='bbox 542 1979 649 2017; x_wconf 88' lang='lat' dir='ltr'>vobis</span> <span class='ocrx_word' id='word_1_234' title='bbox 672 1979 820 2018; x_wconf 89' lang='lat' dir='ltr'>bonum</span> <span class='ocrx_word' id='word_1_235' title='bbox 840 1980 1015 2032; x_wconf 88' lang='lat' dir='ltr'>voluptas</span> <span class='ocrx_word' id='word_1_236' title='bbox 1033 1979 1192 2018; x_wconf 87' lang='lat' dir='ltr'>dicitur:</span> <span class='ocrx_word' id='word_1_237' title='bbox 1215 1978 1464 2032; x_wconf 85' lang='lat' dir='ltr'>aperiendum</span> <span class='ocrx_word' id='word_1_238' title='bbox 1479 1978 1532 2016; x_wconf 90' lang='lat' dir='ltr'>est</span> <span class='ocrx_word' id='word_1_239' title='bbox 1547 1979 1678 2031; x_wconf 87' lang='lat' dir='ltr'>igitur,</span> 
     </span>
     <span class='ocr_line' id='line_1_27' title="bbox 281 2045 1682 2099; baseline 0.001 -16"><span class='ocrx_word' id='word_1_240' title='bbox 281 2045 376 2098; x_wconf 91' lang='lat' dir='ltr'>quid</span> <span class='ocrx_word' id='word_1_241' title='bbox 409 2045 454 2083; x_wconf 90' lang='lat' dir='ltr'>fit</span> <span class='ocrx_word' id='word_1_242' title='bbox 487 2045 677 2098; x_wconf 86' lang='lat' dir='ltr'>voluptas,</span> <span class='ocrx_word' id='word_1_243' title='bbox 711 2046 837 2097; x_wconf 89' lang='lat' dir='ltr'>(aliter</span> <span class='ocrx_word' id='word_1_244' title='bbox 867 2046 973 2084; x_wconf 89' lang='lat' dir='ltr'>enim</span> <span class='ocrx_word' id='word_1_245' title='bbox 999 2045 1196 2099; x_wconf 84' lang='lat' dir='ltr'>explicari,</span> <span class='ocrx_word' id='word_1_246' title='bbox 1238 2045 1344 2098; x_wconf 91' lang='lat' dir='ltr'>quod</span> <span class='ocrx_word' id='word_1_247' title='bbox 1373 2045 1571 2098; x_wconf 70' lang='lat' dir='ltr'>quaeritur,</span> <span class='ocrx_word' id='word_1_248' title='bbox 1602 2058 1682 2085; x_wconf 85' lang='lat' dir='ltr'>non</span> 
     </span>
     <span class='ocr_line' id='line_1_28' title="bbox 280 2111 1681 2165; baseline 0 -15"><span class='ocrx_word' id='word_1_249' title='bbox 280 2111 420 2164; x_wconf 85' lang='lat' dir='ltr'>potest)</span> <span class='ocrx_word' id='word_1_250' title='bbox 451 2125 568 2165; x_wconf 85' lang='lat' dir='ltr'>quam</span> <span class='ocrx_word' id='word_1_251' title='bbox 588 2112 614 2150; x_wconf 88' lang='lat' dir='ltr'>fi</span> <span class='ocrx_word' id='word_1_252' title='bbox 635 2112 906 2165; x_wconf 81' lang='lat' dir='ltr'>explicavisset,</span> <span class='ocrx_word' id='word_1_253' title='bbox 935 2126 1013 2151; x_wconf 92' lang='lat' dir='ltr'>non</span> <span class='ocrx_word' id='word_1_254' title='bbox 1033 2122 1112 2151; x_wconf 87' lang='lat' dir='ltr'>tam</span> <span class='ocrx_word' id='word_1_255' title='bbox 1132 2111 1331 2151; x_wconf 89' lang='lat' dir='ltr'>haefitaret.</span> <span class='ocrx_word' id='word_1_256' title='bbox 1362 2113 1446 2150; x_wconf 89' lang='lat' dir='ltr'>Aut</span> <span class='ocrx_word' id='word_1_257' title='bbox 1470 2112 1575 2150; x_wconf 88' lang='lat' dir='ltr'>enim</span> <span class='ocrx_word' id='word_1_258' title='bbox 1596 2125 1681 2150; x_wconf 88' lang='lat' dir='ltr'>eam</span> 
     </span>
     <span class='ocr_line' id='line_1_29' title="bbox 282 2177 1679 2231; baseline 0 -16"><span class='ocrx_word' id='word_1_259' title='bbox 282 2177 519 2230; x_wconf 84' lang='lat' dir='ltr'>voluptatem</span> <span class='ocrx_word' id='word_1_260' title='bbox 540 2187 724 2223; x_wconf 89' lang='lat' dir='ltr'>tueretur,</span> <span class='ocrx_word' id='word_1_261' title='bbox 745 2191 863 2231; x_wconf 91' lang='lat' dir='ltr'>quam</span> <span class='ocrx_word' id='word_1_262' title='bbox 884 2178 1115 2231; x_wconf 86' lang='lat' dir='ltr'>Aristippus,</span> <span class='ocrx_word' id='word_1_263' title='bbox 1146 2177 1186 2216; x_wconf 90' lang='lat' dir='ltr'>id</span> <span class='ocrx_word' id='word_1_264' title='bbox 1211 2177 1276 2222; x_wconf 90' lang='lat' dir='ltr'>est,</span> <span class='ocrx_word' id='word_1_265' title='bbox 1306 2191 1381 2230; x_wconf 87' lang='lat' dir='ltr'>qua</span> <span class='ocrx_word' id='word_1_266' title='bbox 1407 2177 1530 2215; x_wconf 87' lang='lat' dir='ltr'>sensus</span> <span class='ocrx_word' id='word_1_267' title='bbox 1551 2177 1679 2215; x_wconf 85' lang='lat' dir='ltr'>dulci·</span> 
     </span>
     <span class='ocr_line' id='line_1_30' title="bbox 282 2242 1678 2296; baseline 0 -16"><span class='ocrx_word' id='word_1_268' title='bbox 282 2252 339 2280; x_wconf 90' lang='lat' dir='ltr'>ter</span> <span class='ocrx_word' id='word_1_269' title='bbox 359 2256 400 2281; x_wconf 92' lang='lat' dir='ltr'>ac</span> <span class='ocrx_word' id='word_1_270' title='bbox 414 2244 589 2295; x_wconf 86' lang='lat' dir='ltr'>jucunde</span> <span class='ocrx_word' id='word_1_271' title='bbox 609 2253 797 2289; x_wconf 85' lang='lat' dir='ltr'>movetur,</span> <span class='ocrx_word' id='word_1_272' title='bbox 833 2245 968 2296; x_wconf 90' lang='lat' dir='ltr'>(quam</span> <span class='ocrx_word' id='word_1_273' title='bbox 999 2244 1115 2282; x_wconf 90' lang='lat' dir='ltr'>etiam</span> <span class='ocrx_word' id='word_1_274' title='bbox 1135 2243 1314 2296; x_wconf 90' lang='lat' dir='ltr'>pecudes,</span> <span class='ocrx_word' id='word_1_275' title='bbox 1347 2243 1372 2280; x_wconf 91' lang='lat' dir='ltr'>fi</span> <span class='ocrx_word' id='word_1_276' title='bbox 1392 2243 1500 2295; x_wconf 87' lang='lat' dir='ltr'>loqui</span> <span class='ocrx_word' id='word_1_277' title='bbox 1521 2242 1678 2295; x_wconf 76' lang='lat' dir='ltr'>possent,</span> 
     </span>
     <span class='ocr_line' id='line_1_31' title="bbox 281 2307 1677 2362; baseline -0.001 -17"><span class='ocrx_word' id='word_1_278' title='bbox 281 2308 513 2360; x_wconf 84' lang='lat' dir='ltr'>appellarent</span> <span class='ocrx_word' id='word_1_279' title='bbox 544 2309 801 2362; x_wconf 84' lang='lat' dir='ltr'>voluptatem)</span> <span class='ocrx_word' id='word_1_280' title='bbox 833 2318 911 2355; x_wconf 89' lang='lat' dir='ltr'>aut,</span> <span class='ocrx_word' id='word_1_281' title='bbox 943 2310 968 2348; x_wconf 89' lang='lat' dir='ltr'>fi</span> <span class='ocrx_word' id='word_1_282' title='bbox 990 2309 1113 2362; x_wconf 86' lang='lat' dir='ltr'>magis</span> <span class='ocrx_word' id='word_1_283' title='bbox 1136 2309 1302 2362; x_wconf 89' lang='lat' dir='ltr'>placeret</span> <span class='ocrx_word' id='word_1_284' title='bbox 1322 2308 1387 2347; x_wconf 91' lang='lat' dir='ltr'>suo</span> <span class='ocrx_word' id='word_1_285' title='bbox 1417 2321 1523 2346; x_wconf 90' lang='lat' dir='ltr'>more</span> <span class='ocrx_word' id='word_1_286' title='bbox 1554 2307 1677 2359; x_wconf 90' lang='lat' dir='ltr'>loqui,</span> 
     </span>
     <span class='ocr_line' id='line_1_32' title="bbox 283 2373 465 2426; baseline 0.011 -16"><span class='ocrx_word' id='word_1_287' title='bbox 283 2373 400 2426; x_wconf 73' lang='lat' dir='ltr'>quam</span> <span class='ocrx_word' id='word_1_288' title='bbox 422 2384 465 2412; x_wconf 91' lang='lat' dir='ltr'>ut</span> 
     </span>
    </p>

    <p class='ocr_par' dir='ltr' id='par_1_5' title="bbox 282 2441 1678 2627">
     <span class='ocr_line' id='line_1_33' title="bbox 421 2441 1385 2496; baseline 0 -17"><span class='ocrx_word' id='word_1_289' title='bbox 421 2442 549 2479; x_wconf 83' lang='lat' dir='ltr'>Omnes</span> <span class='ocrx_word' id='word_1_290' title='bbox 568 2442 712 2487; x_wconf 80' lang='lat' dir='ltr'>Danai,</span> <span class='ocrx_word' id='word_1_291' title='bbox 732 2451 840 2496; x_wconf 85' lang='lat' dir='ltr'>atque</span> <span class='ocrx_word' id='word_1_292' title='bbox 857 2443 1092 2496; x_wconf 55' lang='lat' dir='ltr'>fflcenmfis,</span> <span class='ocrx_word' id='word_1_293' title='bbox 1115 2441 1250 2481; x_wconf 85' lang='lat' dir='ltr'>Attica</span> <span class='ocrx_word' id='word_1_294' title='bbox 1261 2441 1385 2494; x_wconf 81' lang='lat' dir='ltr'>pubes,</span> 
     </span>
     <span class='ocr_line' id='line_1_34' title="bbox 282 2505 1677 2561; baseline 0 -18"><span class='ocrx_word' id='word_1_295' title='bbox 282 2505 498 2558; x_wconf 81' lang='lat' dir='ltr'>reliquique</span> <span class='ocrx_word' id='word_1_296' title='bbox 520 2507 660 2552; x_wconf 81' lang='lat' dir='ltr'>Graeci,</span> <span class='ocrx_word' id='word_1_297' title='bbox 696 2508 765 2560; x_wconf 83' lang='lat' dir='ltr'>qui</span> <span class='ocrx_word' id='word_1_298' title='bbox 784 2507 859 2546; x_wconf 93' lang='lat' dir='ltr'>hoc</span> <span class='ocrx_word' id='word_1_299' title='bbox 890 2507 1072 2561; x_wconf 78' lang='lat' dir='ltr'>anapaesto</span> <span class='ocrx_word' id='word_1_300' title='bbox 1103 2508 1282 2551; x_wconf 88' lang='lat' dir='ltr'>citantur,</span> <span class='ocrx_word' id='word_1_301' title='bbox 1317 2506 1406 2550; x_wconf 92' lang='lat' dir='ltr'>hoc,</span> <span class='ocrx_word' id='word_1_302' title='bbox 1439 2518 1515 2543; x_wconf 86' lang='lat' dir='ltr'>non</span> <span class='ocrx_word' id='word_1_303' title='bbox 1537 2505 1677 2550; x_wconf 86' lang='lat' dir='ltr'>dolere,</span> 
     </span>
     <span class='ocr_line' id='line_1_35' title="bbox 282 2572 1678 2627; baseline 0 -18"><span class='ocrx_word' id='word_1_304' title='bbox 282 2572 405 2610; x_wconf 87' lang='lat' dir='ltr'>solum</span> <span class='ocrx_word' id='word_1_305' title='bbox 427 2573 633 2626; x_wconf 82' lang='lat' dir='ltr'>voluptatis</span> <span class='ocrx_word' id='word_1_306' title='bbox 655 2574 812 2612; x_wconf 88' lang='lat' dir='ltr'>nomine</span> <span class='ocrx_word' id='word_1_307' title='bbox 841 2575 1059 2627; x_wconf 87' lang='lat' dir='ltr'>appellaret,</span> <span class='ocrx_word' id='word_1_308' title='bbox 1091 2574 1188 2611; x_wconf 90' lang='lat' dir='ltr'>illud</span> <span class='ocrx_word' id='word_1_309' title='bbox 1208 2573 1470 2626; x_wconf 87' lang='lat' dir='ltr'>Aristippeum</span> <span class='ocrx_word' id='word_1_310' title='bbox 1500 2581 1678 2610; x_wconf 87' lang='lat' dir='ltr'>contem-</span> 
     </span>
    </p>
   </div>
   <div class='ocr_carea' id='block_1_3' title="bbox 283 2638 1679 2744">
    <p class='ocr_par' dir='ltr' id='par_1_6' title="bbox 283 2638 1679 2744">
     <span class='ocr_line' id='line_1_36' title="bbox 283 2638 1679 2694; baseline 0 -19"><span class='ocrx_word' id='word_1_311' title='bbox 283 2647 387 2676; x_wconf 88' lang='lat' dir='ltr'>neret</span> <span class='ocrx_word' id='word_1_312' title='bbox 405 2654 413 2677; x_wconf 91' lang='lat'>:</span> <span class='ocrx_word' id='word_1_313' title='bbox 446 2649 523 2684; x_wconf 83' lang='lat' dir='ltr'>aut,</span> <span class='ocrx_word' id='word_1_314' title='bbox 546 2640 570 2678; x_wconf 84' lang='lat' dir='ltr'>fi</span> <span class='ocrx_word' id='word_1_315' title='bbox 591 2650 798 2694; x_wconf 89' lang='lat' dir='ltr'>utrumque</span> <span class='ocrx_word' id='word_1_316' title='bbox 818 2641 1008 2694; x_wconf 83' lang='lat' dir='ltr'>probaret,</span> <span class='ocrx_word' id='word_1_317' title='bbox 1030 2650 1072 2679; x_wconf 92' lang='lat' dir='ltr'>ut</span> <span class='ocrx_word' id='word_1_318' title='bbox 1091 2640 1241 2694; x_wconf 87' lang='lat' dir='ltr'>probat,</span> <span class='ocrx_word' id='word_1_319' title='bbox 1268 2640 1519 2692; x_wconf 86' lang='lat' dir='ltr'>conjungeret</span> <span class='ocrx_word' id='word_1_320' title='bbox 1539 2638 1679 2678; x_wconf 83' lang='lat' dir='ltr'>doloris</span> 
     </span>
     <span class='ocr_line' id='line_1_37' title="bbox 366 2705 1379 2744; baseline 0.002 -2"><span class='ocrx_word' id='word_1_321' title='bbox 366 2706 489 2743; x_wconf 84' lang='lat' dir='ltr'><strong>T0M.</strong></span> <span class='ocrx_word' id='word_1_322' title='bbox 514 2705 567 2744; x_wconf 89' lang='lat'>11.</span> <span class='ocrx_word' id='word_1_323' title='bbox 1288 2706 1324 2744; x_wconf 91' lang='lat' dir='ltr'>O</span> <span class='ocrx_word' id='word_1_324' title='bbox 1358 2716 1379 2743; x_wconf 92' lang='lat'><strong>2</strong></span> 
     </span>
    </p>
   </div>
  </div>
 </body>
</html>
