2330 2983
665 243 940 283 LIBER
998 241 1433 295 QUARTUS.
1668 254 1743 293 343

354 341 460 381 hunc
479 351 564 396 apte
593 351 631 380 et
650 342 779 394 quiete
798 340 907 379 ferat.
944 341 1062 392 Quod
1084 341 1151 394 qui
1171 340 1300 386 faciet,
1331 353 1408 378 non
1440 338 1662 392 aegritudine
1683 339 1742 377 so-

354 408 438 446 lum
459 407 622 452 vacabit,
654 407 715 445 sed
734 407 850 444 etiam
872 407 1220 459 perturbationibus
1248 407 1406 458 reliquis
1433 405 1629 444 omnibus.
1667 405 1744 443 His

353 483 481 512 autem
524 485 664 510 vacuus
702 472 854 510 animus
887 471 1052 524 perfecte
1085 481 1198 523 atque
1232 471 1403 509 absolute
1438 471 1564 509 beatos
1599 471 1717 508 efficit
1730 489 1742 515 3

353 539 535 590 idemque
554 538 782 582 concitatus,
804 546 842 574 et
856 536 1059 574 abstractus
1072 537 1118 574 ab
1139 537 1286 589 integra
1300 546 1476 588 certaque
1492 537 1650 581 ratione,
1668 550 1745 574 non

353 604 602 642 constantiam
624 604 747 642 solum
767 604 924 648 amittit,
955 616 1089 641 verum
1109 604 1225 641 etiam
1244 603 1457 641 sanitatem.

413 669 608 722 roirca
634 670 762 708 mollis
783 678 820 707 et
841 679 1014 707 enervata
1032 669 1200 722 putanda
1219 669 1271 707 est
1292 669 1632 722 Peripateticorum
1653 668 1747 705 ratio

352 746 390 774 et
423 738 556 782 oratio,
590 737 658 789 qui
689 736 901 789 perturbari
935 736 1083 774 animos
1111 735 1252 774 neceffe
1284 735 1355 774 effe
1386 735 1547 779 dicunt;
1585 735 1647 772 sed
1678 734 1746 771 ad-

354 801 491 841 hibent
521 803 682 840 modum
714 802 922 854 quendam,
967 815 1084 854 quem
1119 802 1218 840 ultra
1246 802 1423 855 progredi
1454 815 1530 839 non
1560 810 1745 853 oporteat.

355 868 526 907 Modum
547 878 589 907 tu
609 867 766 906 adhibes
788 869 882 906 vitio
902 868 914 905 ?
945 882 991 906 an
1013 869 1153 906 vitium
1174 869 1328 906 nullum
1345 868 1411 912 est,
1442 881 1519 905 non
1540 880 1666 920 parere
1686 879 1745 904 ra-

355 935 452 973 tioni
470 936 483 972 ?
514 948 560 973 an
581 935 676 972 ratio
694 948 830 987 parurn
852 935 1038 987 praecipit‚
1073 948 1142 972 ncc
1162 935 1310 972 bonum
1330 934 1428 972 illud
1448 933 1531 978 effe,
1559 933 1663 985 quod
1683 942 1748 970 aut

353 1001 486 1053 cupias
505 1000 691 1044 ardenter,
713 1009 778 1037 aut
798 1000 955 1052 adeptus
975 999 1106 1037 efferas
1128 1010 1164 1037 te
1185 999 1388 1038 insolenter
1407 1000 1419 1036 ?
1452 1013 1520 1036 nec
1534 1012 1646 1051 porro
1663 1012 1746 1035 ma-

354 1065 453 1109 lurn,
482 1077 562 1117 quo
591 1073 655 1102 aut
686 1064 879 1117 oppressus
902 1066 1041 1116 jaceas,
1079 1074 1155 1109 aut,
1189 1078 1235 1102 ne
1265 1065 1495 1116 opprimam,
1528 1073 1656 1100 mente
1683 1064 1747 1100 vix

351 1132 527 1170 constes?
558 1144 676 1183 eaque
705 1132 836 1169 omnia
867 1141 932 1168 aut
966 1131 1081 1168 nimis
1110 1116 1249 1175 tristias
1269 1140 1334 1168 aut
1365 1131 1481 1168 nimis
1513 1129 1596 1167 laeta
1625 1143 1748 1167 errore

353 1197 463 1236 fieri?
495 1197 577 1249 Qi
596 1198 622 1235 si
641 1210 743 1235 error
763 1196 886 1235 stultis
906 1206 1133 1235 extenuetur
1153 1196 1226 1241 die,
1249 1207 1306 1241 ut,
1327 1210 1419 1234 curn
1440 1209 1494 1234 res
1510 1195 1640 1233 eadem
1662 1209 1745 1233 ma-

353 1275 453 1308 neat,
482 1262 591 1301 aliter
610 1261 733 1300 ferant
759 1262 976 1307 inveterata,
998 1262 1106 1300 aliter
1124 1263 1288 1299 recentia
1304 1280 1316 1306 3
1348 1261 1531 1314 sapientes
1561 1274 1608 1298 ne
1629 1261 1746 1298 attin-

354 1339 417 1383 gat
434 1329 594 1381 quidem
614 1328 790 1366 omnino.

405 1395 557 1433 XVIII.
580 1394 739 1432 Etenim
760 1394 845 1446 quis
865 1394 936 1432 erit
956 1394 1110 1432 tandem
1128 1393 1266 1431 modus
1279 1393 1372 1431 iste?
1395 1394 1622 1444 Qaeramus
1642 1393 1746 1430 enim

353 1460 517 1499 modum
537 1459 786 1513 aegritudiniS,
807 1459 846 1497 in
868 1473 946 1512 quo
965 1472 1086 1513 operae
1107 1459 1322 1512 plurimum
1341 1459 1512 1511 ponitur.
1544 1460 1660 1510 AEgre
1682 1466 1745 1495 tu-

356 1525 434 1564 liffe
470 1527 513 1564 P.
549 1525 746 1563 Rutilium
779 1524 904 1563 fratris
940 1524 1128 1577 repulsam
1162 1523 1392 1568 consulatus,
1429 1523 1614 1576 scriptum
1647 1522 1748 1575 apud

354 1592 549 1630 Fannium
568 1590 645 1635 est5
667 1590 730 1628 sed
750 1600 878 1628 tamen
899 1589 1059 1628 transiffe
1080 1589 1229 1627 videtur
1248 1590 1425 1634 modum,
1447 1590 1590 1642 quippe
1610 1589 1679 1642 qui
1696 1589 1747 1627 ob

352 1671 437 1696 mm
472 1656 622 1695 causam
653 1669 674 1694 a
705 1656 784 1694 vita
803 1655 1001 1694 recesserit.
1054 1656 1293 1694 Moderatius
1329 1656 1446 1708 igitur
1475 1654 1571 1693 ferre
1596 1655 1745 1693 debuit.

353 1723 462 1776 Qid
483 1723 522 1768 fi,
545 1736 637 1761 cum
657 1722 696 1760 id
715 1721 831 1761 ferret
850 1722 1014 1767 modice,
1037 1735 1139 1760 mors
1156 1723 1366 1760 liberorum
1387 1720 1583 1759 acceffiffet
1600 1721 1613 1758 ?
1645 1722 1748 1760 Nata

352 1790 440 1829 effet
470 1790 655 1843 aegritudo
688 1802 798 1834 nova,
829 1789 891 1827 sed
921 1802 963 1825 ea
993 1788 1145 1826 modica
1160 1806 1172 1833 ;
1204 1801 1342 1841 magna
1372 1797 1499 1826 tamen
1534 1786 1630 1825 facta
1659 1787 1746 1826 effet

353 1856 521 1894 acceffio.
572 1854 694 1906 Qid,
730 1854 756 1892 fi
786 1854 922 1892 deinde
955 1854 1102 1892 dolores
1132 1867 1260 1906 graves
1279 1854 1462 1907 corporis,
1499 1853 1525 1891 sl
1554 1854 1745 1892 bonorum

353 1920 513 1965 amiffio,
543 1920 570 1958 fi
589 1920 752 1964 caecitas,
787 1920 814 1957 fi
833 1919 1010 1965 exilium,
1041 1920 1066 1958 fi
1089 1933 1159 1972 pro
1187 1919 1342 1972 fingulis
1374 1919 1484 1957 malis
1505 1919 1745 1972 aegritudines

352 1987 571 2025 accederent
588 1986 602 2022 ?
633 1986 793 2024 Summa
811 1998 854 2023 ea
873 1985 994 2030 fieret,
1015 1999 1100 2038 quae
1119 1999 1198 2024 non
1219 1985 1473 2024 sustineretur.

407 2052 489 2103 Qi
511 2051 672 2090 modum
692 2052 812 2104 igitur
831 2051 926 2090 vitio
945 2052 1094 2104 quaerit,
1120 2051 1293 2090 similiter
1312 2050 1418 2096 facit,
1441 2061 1483 2088 ut
1503 2050 1528 2089 si
1550 2051 1650 2104 poffe
1669 2065 1744 2103 pu-

353 2127 408 2156 tet
427 2131 533 2163 eum,
553 2117 622 2171 qui
642 2117 678 2155 se
695 2130 716 2154 e
737 2117 913 2156 Leucade
932 2118 1236 2171 praecipitaverit,
1258 2117 1434 2155 sustinere
1454 2117 1501 2162 se,
1522 2131 1615 2155 cum
1638 2117 1743 2155 velit.

356 2184 412 2221 Ut
431 2183 537 2221 enim
566 2183 606 2221 id
636 2196 713 2221 non
734 2182 881 2235 potest;
912 2183 961 2221 s1c
981 2183 1131 2220 animus
1151 2183 1389 2235 perturbatus
1409 2192 1446 2221 et
1467 2183 1645 2221 incitatus
1675 2195 1744 2220 nec

354 2249 534 2287 cohibere
568 2249 604 2286 se
637 2248 770 2301 potest,
802 2262 885 2294 nec,
915 2263 995 2301 quo
1027 2249 1113 2287 loco
1146 2249 1243 2295 vult,
1274 2249 1463 2288 infistere:
1508 2249 1746 2300 omninoque

355 2328 441 2366 quae
474 2314 678 2353 crescentia
713 2315 920 2367 perniciosa
952 2315 1050 2360 sunt,
1095 2315 1226 2353 eadem
1260 2315 1347 2353 sunt
1379 2315 1510 2353 vitiosa
1543 2314 1742 2353 nascentia.

356 2380 562 2433 AEgritudo
593 2390 737 2426 autem,
764 2390 982 2434 caeteraeque
1014 2381 1315 2435 perturbationes
1348 2381 1603 2433 amplificatae,
1644 2390 1745 2417 certe

356 2445 538 2501 pestiferae
558 2445 671 2491 sunt3
702 2447 819 2500 igitur
851 2447 968 2487 etiam
999 2447 1176 2501 susceptae
1196 2448 1382 2486 continuo
1414 2447 1452 2483 in
1475 2459 1611 2497 magna
1631 2446 1743 2499 pestis

355 2522 461 2566 parte
486 2511 689 2550 versantur.
720 2513 878 2551 Etenim
905 2513 993 2565 ipsae
1023 2513 1058 2551 se
1087 2513 1309 2565 impellunt,
1340 2512 1406 2550 ubi
1429 2511 1542 2549 semel
1563 2525 1583 2548 a
1601 2512 1744 2549 ratione

355 2577 555 2618 discessum
585 2578 635 2617 est
650 2596 663 2624 5
695 2578 848 2633 ipsaque
879 2579 948 2617 fibi
981 2579 1225 2618 imbecillitas
1258 2578 1444 2632 indulget,
1475 2578 1514 2615 in
1546 2578 1745 2631 altumque
