2330 2983
667 268 942 307 LIBER
999 269 1419 308 TERTlUs.
1664 282 1745 322 309

351 378 428 404 non
447 365 727 418 obtemperans.
773 367 878 418 Ergo
898 365 980 404 haec
1000 366 1078 405 duo
1096 379 1244 419 genera,
1266 366 1439 419 voluptas
1455 365 1614 418 gestiens
1633 376 1672 406 et
1691 367 1744 405 li-

351 431 457 475 bido,
493 431 684 469 bonorum
718 431 899 483 opinione
935 431 1150 475 turbantur,
1186 441 1229 469 ut
1259 432 1336 469 duo
1355 432 1513 484 reliqua,
1544 442 1670 471 metus
1705 441 1745 471 et

350 496 549 548 aegrstudo,
568 495 773 534 malorum.
796 496 903 535 Nam
917 505 955 534 et
970 505 1096 534 metus
1113 496 1246 548 opinio
1266 497 1319 533 est
1334 498 1465 548 magni
1479 499 1572 537 mali
1587 499 1743 551 impen-

350 561 473 598 dentis
490 579 502 606 3
533 569 571 599 et
591 561 778 613 aegritudo
797 561 848 599 est
871 561 1003 614 opinio
1022 563 1153 614 magni
1173 561 1265 599 mali
1286 561 1498 614 praesentis;
1529 572 1567 601 et
1587 565 1745 616 quidem

350 639 478 664 recens
498 626 630 679 opinio
651 626 736 665 talis
756 627 863 672 mali,
895 636 938 665 ut
968 627 1007 665 in
1027 640 1072 665 eo
1103 629 1251 666 reftum
1269 627 1441 666 videatur
1459 627 1530 666 effe
1559 630 1647 682 angi
1664 644 1673 668 :
1704 631 1746 668 id

349 702 478 730 autem
497 692 562 737 est,
593 701 637 731 ut
656 692 701 736 is,
738 693 806 744 qui
827 692 966 738 doleat,
996 702 1170 746 oportere
1199 693 1379 746 opinetur
1398 693 1434 731 se
1467 694 1608 733 dolere.
1667 695 1746 733 His

349 766 478 796 autem
512 758 876 811 perturbationibus,
907 772 1000 812 quas
1033 759 1074 797 in
1102 759 1179 797 vita
1208 757 1418 798 hominum
1450 759 1610 798 stultitia
1643 760 1746 813 quafi

350 823 532 876 quasdam
557 823 675 862 furias
706 825 888 863 immittit
917 834 1032 877 atque
1060 825 1208 870 incitat,
1239 826 1421 864 omnibus
1455 826 1600 865 viribus
1630 836 1747 878 atque

351 889 489 942 opibus
510 890 801 943 repugnandum
821 890 886 935 est,
919 890 945 928 fi
965 890 1144 929 volumus
1170 890 1259 936 hoc,
1295 891 1400 943 quod
1419 891 1553 930 datum
1573 891 1625 929 est
1644 892 1746 938 vitae,

351 955 556 1006 tranquille
576 955 801 1007 placideque
821 955 1026 994 traducere.
1059 956 1131 994 Sed
1159 965 1290 994 caetera
1316 956 1433 994 alias:
1465 970 1570 995 nunc
1590 957 1746 1009 aegritu-

351 1019 496 1064 dinem,
517 1019 543 1057 fi
563 1019 772 1072 possumus,
795 1020 1043 1073 depellamus.
1076 1020 1121 1059 Id
1142 1021 1246 1058 enim
1267 1020 1311 1058 fit
1328 1021 1564 1074 propofitum
1576 1040 1589 1067 5
1621 1034 1746 1074 quan-

350 1084 562 1136 doquidem
580 1097 664 1122 eam
692 1094 735 1122 tu
753 1085 874 1122 videri
893 1086 966 1123 tibi
986 1086 1026 1123 in
1054 1085 1263 1138 sapientem
1282 1085 1412 1123 cadere
1441 1087 1582 1125 dixisti.
1629 1087 1747 1138 Qod

351 1162 422 1202 ego
441 1149 551 1187 nullo
570 1149 688 1187 modo
708 1149 899 1188 existimo.
918 1151 1038 1188 Tetra
1057 1149 1163 1188 enim
1179 1163 1236 1188 res
1252 1149 1318 1195 est,
1335 1150 1483 1196 misera,
1500 1150 1746 1197 detestabilis,

351 1215 460 1252 omni
479 1214 740 1259 contentione,
761 1214 869 1260 velis,
890 1224 934 1253 ut
953 1215 1005 1253 ita
1023 1214 1164 1260 dicam,
1186 1215 1375 1267 remisque
1393 1214 1589 1269 fugienda.

405 1281 499 1319 XII.
532 1281 668 1331 Qalis
688 1281 794 1319 enim
825 1280 897 1318 tibi
917 1281 983 1318 ille
1002 1281 1151 1319 videtur
1170 1281 1336 1320 Tantalo
1355 1291 1578 1334 prognatus,
1606 1281 1748 1335 Pelope

350 1354 475 1391 natus,
496 1346 565 1398 qui
585 1346 780 1398 quondam
799 1359 820 1383 a
840 1346 967 1385 socero
985 1353 1181 1388 OEnomao
1200 1360 1286 1400 rege
1306 1347 1612 1400 Hippodamiam
1630 1348 1749 1400 raptis

350 1413 477 1451 nactus
495 1410 540 1464 est
557 1411 693 1464 nuptiis
707 1411 728 1450 ἒ
757 1412 863 1462 Jovis
883 1411 950 1450 iste
973 1412 1132 1464 quidem
1151 1425 1354 1466 pronepos.
1386 1415 1540 1452 Tamne
1559 1426 1650 1467 ergo
1676 1413 1748 1452 ab·

348 1478 485 1530 jectus,
507 1486 666 1528 tamque
686 1475 824 1516 fractus
843 1478 856 1515 ?

487 1543 610 1583 Nolite
640 1543 819 1594 (inquit)
850 1543 998 1595 hqspites
1015 1542 1067 1581 ad
1078 1556 1131 1581 me
1148 1542 1248 1582 adire
1266 1543 1354 1583 illico
1373 1543 1392 1581 ι’
1414 1544 1446 1584 ic
1460 1563 1473 1588 ς

487 1610 548 1648 Ne
566 1608 726 1660 contagio
745 1622 820 1646 mea
839 1608 948 1653 bonis,
980 1608 1153 1647 umbrave
1171 1608 1255 1660 offt
1266 1625 1280 1648 .-

490 1671 529 1713 ‘T'
522 1684 614 1712 anta
632 1674 690 1713 vis
694 1674 841 1727 fieleris
859 1674 896 1712 in
915 1682 1059 1727 corpore
1077 1674 1205 1713 haeret.

351 1741 418 1780 Tu
437 1748 487 1785 te,
516 1738 697 1791 Thyesta,
729 1739 941 1784 damnabis,
963 1739 1189 1791 orbabisque
1208 1740 1294 1777 luce
1319 1747 1475 1793 propter
1495 1740 1575 1779 vim
1598 1740 1744 1778 sceleris

350 1807 462 1845 alieni
479 1806 493 1843 ?
525 1805 635 1857 Qid
653 1806 665 1842 ?
696 1804 810 1843 illum
831 1804 958 1843 filium
980 1805 1076 1844 Solis
1097 1819 1223 1843 nonne
1241 1807 1357 1858 patris
1377 1806 1491 1859 ipfius
1512 1805 1598 1844 luce
1613 1806 1745 1859 indig-

352 1885 447 1911 num
466 1879 576 1924 putas
596 1870 609 1906 ?

486 1935 666 1988 Refuge're
684 1936 775 1975 oculi
785 1955 797 1980 3
828 1945 955 1989 corpus
972 1937 1080 1975 macie
1098 1936 1261 1975 extabuit
1276 1955 1288 1981 ς

486 2002 679 2053 Lacrymae
689 2001 856 2054 peredere
874 2001 1017 2040 humore
1034 2002 1218 2055 ezssznguz's
1231 2016 1342 2054 genas
1354 2020 1367 2047 ;

487 2067 571 2106 Situ
589 2065 721 2105 nidoris
740 2066 854 2105 barba
866 2066 1009 2119 paedore
1026 2067 1174 2106 horrida

485 2133 611 2185 Atque
629 2131 766 2184 interfit
784 2131 940 2184 irfiglc‘at
950 2134 1076 2184 peetus
1095 2132 1215 2170 illuvie
1219 2131 1408 2185 scabrum.

351 2197 448 2236 Haec
468 2197 582 2242 mala,
612 2197 636 2235 ὂ
655 2196 868 2234 stultiffime
889 2197 1012 2242 AEeta,
1046 2197 1125 2249 ipse
1155 2197 1227 2235 tibi
1250 2197 1438 2235 addidisti.
1475 2196 1569 2235 Non
1596 2196 1744 2235 inerant

351 2263 391 2300 in
410 2262 485 2307 his,
507 2276 591 2314 quae
611 2261 684 2300 tibi
700 2261 803 2299 casus
824 2261 1030 2307 invexerat,
1051 2271 1088 2300 et
1107 2263 1266 2315 quidem
1287 2263 1495 2301 inveterato
1513 2262 1628 2306 malo,
1650 2275 1742 2299 cum

351 2337 482 2366 tumor
500 2327 618 2366 animi
638 2325 836 2366 resedisset.
879 2327 947 2366 Est
966 2337 1095 2366 autem
1116 2328 1314 2380 aegritudo,
1351 2338 1394 2366 ut
1413 2328 1570 2371 docebo,
1592 2328 1631 2364 in
1653 2327 1740 2378 opi-

351 2394 466 2431 nione
486 2393 579 2431 mali
599 2393 774 2430 recentis.
820 2393 891 2431 Sed
921 2406 1059 2432 moeres
1085 2393 1264 2431 videlicet
1298 2395 1404 2446 regni
1439 2393 1630 2437 defiderio,
1664 2405 1741 2429 non

351 2458 439 2496 filiae
457 2476 470 2503 ;
500 2458 610 2496 illam
629 2458 734 2496 enim
753 2458 896 2503 oderas,
923 2467 962 2497 et
975 2459 1062 2511 jure
1080 2457 1241 2497 fortaffe.
1275 2459 1411 2510 Regno
1432 2471 1508 2495 non
1529 2471 1637 2509 aequo
1657 2457 1741 2494 ani-

352 2538 419 2562 mo
438 2524 601 2562 carebas.
633 2523 701 2562 Est
719 2533 846 2562 autem
873 2524 1077 2577 impudens
1096 2524 1221 2562 Iustus
1243 2537 1403 2561 moerore
1433 2523 1467 2560 se
1485 2522 1740 2566 conficientis,

351 2590 455 2642 quod
485 2589 669 2643 imperare
703 2603 781 2628 non
811 2589 923 2628 liceat
941 2589 1086 2628 liberis.
1134 2589 1338 2641 Dionysius
1367 2588 1522 2641 quidem
1544 2597 1739 2639 tyrannus,
