2330 2983
619 251 894 291 LIBER
951 249 1448 288 SECUNDUS.
1653 261 1735 302 477

343 362 514 406 tempore
531 353 619 391 anni
638 382 647 397 ,
670 362 713 390 ut
733 352 878 404 semper
893 360 931 389 et
950 351 1117 389 novitate
1133 349 1379 394 delectemur,
1395 358 1433 386 et
1447 347 1569 401 copia.
1603 347 1735 398 Qam

346 418 587 471 tempestivos
607 427 734 455 autem
755 416 873 460 dedit,
902 429 1020 467 quam
1049 415 1224 453 salutares
1255 427 1333 452 non
1363 413 1480 451 modo
1510 411 1733 457 hominum,

346 482 408 521 sed
427 484 542 521 etiam
574 482 768 535 pecudum
788 481 931 533 generi,
965 481 1009 518 iis
1041 480 1207 531 denique
1226 479 1423 523 omnibus,
1457 492 1541 531 quae
1560 479 1737 517 oriuntur

346 560 366 585 e
388 556 496 591 terra,
513 556 646 584 ventos
664 544 830 584 Etefias!
859 558 1027 596 quorum
1047 544 1139 581 flatu
1160 543 1272 580 nimii
1289 552 1548 594 temperantur
1567 543 1733 581 calores:

345 613 392 651 ab
425 612 559 650 iisdem
591 613 707 649 etiam
738 611 926 648 maritimi
957 609 1086 647 cursus
1119 608 1271 652 celeres,
1307 616 1345 645 et
1378 608 1471 645 certi
1503 608 1735 660 diriguntur.

346 678 478 716 Multa
495 677 753 731 praetereunda
773 677 885 721 sunt3
918 685 955 714 et
981 685 1109 714 tamen
1130 675 1253 712 multa
1276 674 1472 712 dicuntur.
1509 674 1738 712 Enumerari

346 744 452 782 enim
473 758 550 782 non
570 743 721 796 possunt
737 742 945 780 fluminum
966 741 1287 794 opportunitates;
1311 740 1416 778 aestus
1434 740 1634 784 maritimi,
1653 749 1739 777 tum

347 809 584 854 accedentes,
614 818 699 846 tum
718 808 956 852 recedentes;
988 815 1137 844 montes
1158 806 1292 850 vestiti,
1313 815 1427 857 atque
1446 805 1623 843 filvestres
1637 824 1649 850 3
1682 805 1738 843 sa-

349 874 437 913 linae
456 876 503 913 ab
523 888 587 912 ora
606 874 799 912 maritima
818 872 1100 917 remofiffimae,
1130 872 1500 910 medicamentorum
1518 871 1740 909 salutarium

348 940 570 993 pleniffimae
591 949 724 984 terrac,
755 949 849 977 artes
871 939 1036 991 denique
1056 937 1370 982 innumerabiles,
1401 938 1448 975 ad
1467 939 1613 975 vietum
1638 946 1675 974 et
1695 937 1742 974 ad

349 1006 469 1043 vitam
489 1005 618 1043 necess
612 1006 708 1042 ιῑίεε.
751 1006 840 1056 Jam
871 1005 947 1042 diei
977 1004 1172 1055 noctisque
1202 1003 1417 1041 viciffitudo
1437 1003 1630 1041 conservat
1656 1003 1741 1040 ani-

349 1080 511 1116 mantes,
534 1072 704 1109 tribuens
725 1070 828 1108 aliud
846 1070 980 1122 agendi
1001 1080 1166 1122 tempus,
1188 1068 1292 1106 aliud
1308 1069 1541 1121 quiescendi.
1584 1069 1643 1106 Sic
1666 1082 1740 1105 un-

349 1137 466 1189 dique
486 1137 594 1175 omni
614 1137 758 1174 ratione
777 1136 1035 1179 concluditur,
1057 1143 1185 1172 mente
1204 1134 1438 1186 consilioque
1457 1134 1588 1172 divino
1613 1133 1745 1172 omnia

349 1204 390 1242 in
411 1202 484 1242 hoc
505 1203 653 1241 mundo
683 1203 729 1240 ad
748 1203 907 1240 salutem
926 1202 1118 1246 omnium,
1151 1199 1552 1254 conservationemque
1576 1200 1743 1238 admira-

351 1270 481 1308 biliter
500 1269 766 1307 administrari.

408 1336 472 1374 Sin
493 1344 636 1387 quaeret
656 1335 860 1388 quispiam,
893 1334 1091 1386 cujusnam
1111 1332 1232 1378 caus-51,
1265 1342 1455 1372 tantarum
1476 1346 1603 1371 rerum
1624 1332 1745 1370 moli-

353 1402 408 1439 tio
428 1400 525 1438 faeta
544 1400 587 1438 fit
601 1419 612 1445 ς
635 1400 863 1438 arborumne
882 1409 920 1437 et
938 1399 1142 1438 herbarum
1158 1399 1170 1436 ?
1199 1413 1283 1451 quae
1302 1413 1523 1452 quanquam
1543 1399 1618 1436 fine
1637 1397 1745 1436 sensu

354 1467 455 1512 sunt,
470 1476 597 1505 tamen
618 1480 638 1504 a
657 1476 787 1504 natura
802 1466 1042 1504 sustinentur.
1065 1468 1119 1504 At
1140 1466 1179 1504 id
1195 1465 1352 1518 quidem
1370 1465 1575 1503 absurdum
1592 1465 1657 1502 est.
1680 1466 1750 1502 An

354 1532 583 1570 bestiarum?
599 1531 740 1570 Nihilo
755 1531 1005 1585 probabilius,
1020 1532 1124 1570 Deos
1138 1542 1333 1569 mutarum
1354 1540 1391 1568 et
1410 1529 1510 1568 nihil
1523 1530 1746 1582 intelligen-

353 1598 455 1635 tium
475 1596 584 1634 causa
613 1606 764 1634 tantum
784 1595 974 1632 laborasse.
1019 1597 1200 1645 Qorum
1233 1595 1352 1646 igitur
1373 1594 1481 1632 causa
1501 1595 1587 1647 quis
1608 1594 1747 1632 dixerit

353 1661 534 1700 effectum
555 1660 625 1699 effe
642 1660 864 1698 mundum?
900 1660 1050 1698 Eorum
1070 1659 1212 1697 scilicet
1232 1659 1502 1705 animantium,
1524 1673 1609 1711 quae
1628 1659 1746 1697 ratio-

353 1740 402 1766 ne
421 1736 597 1766 utuntur.
642 1727 701 1765 Hi
718 1726 805 1764 sunt
824 1726 909 1770 Dii,
930 1734 968 1762 et
987 1724 1164 1762 homines
1180 1743 1192 1769 ς
1224 1725 1364 1776 quibus
1384 1724 1555 1777 profe&o
1574 1723 1673 1762 nihil
1694 1725 1748 1763 est

354 1793 508 1832 melius.
551 1792 665 1830 Ratio
684 1791 738 1830 est
756 1791 876 1835 enim,
898 1804 982 1842 quae
1001 1790 1147 1842 praestat
1166 1789 1361 1827 omnibus.
1401 1791 1459 1827 Ita
1478 1789 1524 1827 fit
1549 1789 1747 1835 credibile,

355 1859 532 1897 Deorum
553 1867 590 1896 et
609 1856 818 1895 hominum
838 1855 946 1894 causa
963 1855 1110 1893 factum
1129 1854 1199 1893 effe
1219 1855 1428 1901 mundum,
1455 1869 1617 1907 quaeque
1642 1855 1682 1893 in
1702 1869 1749 1894 eo

357 1923 504 1962 mundo
520 1923 592 1962 sint
610 1923 754 1961 omnia.
787 1921 1028 1974 Faciliusque
1048 1922 1297 1974 intelligetur,
1319 1935 1339 1959 a
1354 1922 1442 1960 Diis
1462 1922 1748 1960 immortalibus

355 1989 582 2029 hominibus
602 1989 672 2027 effe
691 1989 899 2041 provisum,
930 1988 956 2026 fi
977 1988 1048 2026 erit
1067 1997 1146 2026 tota
1166 1986 1336 2026 hominis
1355 1987 1556 2026 fabricatio
1575 1987 1749 2041 perspec-

358 2064 407 2100 ta,
437 2054 637 2107 omnisque
660 2052 838 2092 humanae
859 2062 1000 2091 naturae
1019 2053 1153 2106 figura,
1170 2061 1284 2105 atque
1303 2052 1500 2106 perfestio.
1530 2054 1636 2092 Nam
1657 2067 1749 2091 cum

359 2121 480 2159 tribus
501 2121 611 2158 rebus
632 2120 889 2157 animantium
908 2119 986 2157 vita
1006 2128 1189 2164 teneatur,
1211 2118 1313 2164 cibo,
1330 2120 1499 2172 potione,
1521 2119 1654 2172 spiritu
1670 2137 1682 2164 ς
1704 2119 1751 2157 ad

359 2186 440 2224 haec
461 2187 591 2224 omnia
609 2185 852 2237 percipienda
870 2199 910 2224 os
931 2185 983 2223 est
1002 2185 1253 2238 apdffimum,
1282 2186 1400 2239 quod,
1432 2185 1619 2238 adjunctis
1646 2185 1751 2223 nari-

361 2252 448 2297 bus,
469 2251 602 2304 spiritu
622 2259 794 2302 augetur.

404 2317 512 2355 LIV.
535 2315 727 2354 Dentibus
747 2325 875 2354 autem
894 2317 934 2354 in
951 2330 1014 2355 ore
1031 2317 1253 2356 constructis
1274 2317 1483 2361 manditur,
1497 2326 1609 2369 atque
1627 2316 1673 2353 ab
1689 2315 1751 2354 his

363 2391 589 2421 extenuatur
608 2391 646 2420 et
665 2382 825 2421 molitur
843 2383 968 2421 cibus.
990 2383 1139 2422 Eorum
1157 2383 1294 2421 adversi
1312 2384 1413 2421 acuti
1432 2381 1558 2421 morsu
1575 2381 1754 2420 dividunt

364 2447 475 2492 escas,
498 2447 628 2485 intimi
649 2456 775 2485 autem
796 2448 1023 2494 conficiunt,
1044 2449 1111 2501 qui
1131 2449 1290 2501 genuini
1311 2457 1491 2485 vocantur
1509 2461 1518 2484 ε
1552 2460 1636 2499 quae
1655 2460 1752 2485 con-

365 2511 480 2550 fectio
499 2512 615 2550 etiam
635 2525 656 2549 a
674 2512 806 2565 lingua
823 2514 991 2566 adjuvari
1009 2514 1174 2552 videtur.
1216 2514 1410 2565 Linguam
1437 2521 1564 2550 autem
1585 2512 1630 2549 ad
1651 2513 1753 2550 radi-

365 2591 426 2617 ces
446 2579 525 2632 ejus
545 2577 690 2618 haerens
710 2579 857 2633 excipit
883 2579 1099 2618 stomachus
1115 2598 1128 2626 5
1159 2579 1236 2632 quo
1264 2579 1436 2632 primum
1458 2578 1667 2617 illabuntur
1696 2591 1756 2623 ca,
