2330 2983
590 280 664 318 190
1006 260 1109 301 DE
1167 258 1550 298 FINIBUS

585 368 690 406 dares
708 383 719 410 ;
743 363 810 402 nisi
830 371 868 400 et
888 370 924 399 te
942 360 1072 399 audire
1092 374 1195 398 nunc
1215 359 1386 404 mallem,
1408 369 1446 397 et
1466 359 1544 398 istis
1565 366 1692 397 tamen
1713 357 1788 396 alio
1808 365 1982 412 tempore

585 430 826 484 responsurus
845 427 972 472 effem,
1003 437 1096 464 tunc
1117 426 1275 470 scilicet,
1296 439 1387 464 cum
1409 425 1495 464 tibi.

638 496 792 536 XXIII.
824 493 962 546 Atqui,
976 492 1001 531 fi
1021 505 1154 530 verum
1171 491 1393 544 respondere
1412 491 1543 535 velles,
1558 492 1669 536 Cato,
1689 489 1772 529 haec
1792 498 1899 528 erant
1917 489 1979 528 di-

585 563 718 607 cenda,
746 561 841 600 Non
867 572 930 598 eos
951 558 1023 599 tibi
1044 572 1120 597 non
1140 558 1333 611 probatos,
1355 557 1469 595 tantis
1500 557 1665 610 ingeniis
1694 555 1872 595 homines
1893 565 1979 594 tan-

585 640 699 682 taque
719 626 953 670 auctoritate,
974 624 1035 662 sed
1056 633 1092 662 te
1109 622 1424 668 animadvertisse,
1439 636 1531 675 quas
1552 635 1608 660 res
1627 622 1686 660 illi
1706 631 1860 675 propter
1878 621 1981 659 anti-

584 695 773 748 quitatem
795 704 929 744 parum
949 687 1136 733 vidissent,
1158 701 1217 726 eas
1237 701 1258 725 a
1277 687 1414 726 Stoicis
1430 687 1501 725 effe
1521 687 1742 740 perspectas,
1763 686 1983 739 eisdemque

586 762 633 800 de
653 759 764 798 rebus
784 756 855 795 hos
876 765 960 793 tum
982 755 1131 792 acutius
1150 752 1364 797 differuiss‘e,
1395 762 1482 791 tum
1502 752 1644 790 senfiffe
1671 752 1822 805 gravius
1841 762 1880 790 et
1898 751 1980 790 for-

584 827 675 864 tius.
718 822 875 874 Qippe
906 820 974 872 qui
994 819 1168 871 primum
1188 818 1450 855 valetudinem
1481 817 1624 854 bonam
1643 816 1894 870 expetendam
1911 829 1982 854 ne-

583 899 675 944 gent
707 887 792 932 effe,
822 885 1038 937 eligendam
1069 883 1199 922 dicant
1215 901 1227 928 ς
1259 896 1334 921 non
1370 883 1461 935 quia
1490 882 1534 920 fit
1564 882 1715 920 bonum
1742 882 1880 927 valere,
1920 881 1983 920 sed

585 955 677 1008 quia
696 953 739 991 fit
760 965 834 990 non
856 949 980 988 nihilo
1000 948 1264 987 aestimandum
1280 967 1292 993 ς
1324 961 1449 1000 neque
1468 956 1596 985 tamen
1625 947 1746 1001 pluris
1767 960 1885 999 quam
1903 947 1982 985 illis

586 1021 772 1063 videatur,
802 1017 871 1070 qui
891 1015 989 1054 illud
1019 1028 1097 1053 non
1130 1014 1310 1053 dubitant
1340 1014 1488 1052 bonum
1521 1013 1658 1051 dicere.
1718 1013 1810 1052 Hoc
1831 1006 1920 1051 vero
1947 1022 1984 1050 te

584 1087 681 1126 ferre
703 1098 780 1123 non
812 1081 996 1136 potuiss‘e;
1028 1080 1133 1133 quod
1153 1080 1302 1132 antiqui
1322 1079 1394 1124 illi,
1430 1079 1532 1132 quast
1566 1078 1731 1124 barbati,
1758 1088 1803 1117 ut
1835 1092 1904 1117 nos
1936 1079 1983 1117 de

584 1152 720 1192 nostris
741 1149 902 1189 solemus
934 1147 1071 1192 dicere,
1099 1147 1344 1191 crediderint,
1375 1147 1470 1198 ejuS,
1504 1146 1572 1197 qui
1592 1144 1747 1184 honeste
1766 1145 1925 1190 viveret,
1955 1145 1982 1183 fi

583 1219 688 1258 idem
710 1226 747 1255 et
767 1216 864 1254 bene
883 1215 1036 1258 valeret,
1068 1213 1166 1251 bene
1196 1212 1356 1256 audiret,
1384 1211 1559 1264 copiosus
1579 1210 1681 1256 esset,
1713 1209 1984 1263 optabiliorem

584 1284 666 1323 fore
686 1283 805 1320 vitam
826 1280 1105 1330 melioremque
1124 1287 1163 1316 et
1182 1277 1303 1329 magis
1324 1278 1590 1329 expetendam,
1622 1290 1739 1328 quam
1760 1276 1879 1323 illius,
1913 1277 1982 1329 qui

584 1363 691 1402 aeque
710 1348 767 1385 vir
786 1347 925 1390 bonus,
947 1344 1081 1383 multis
1099 1343 1224 1382 modis
1240 1342 1343 1387 esset,
1374 1351 1417 1380 ut
1438 1343 1557 1380 Ennii
1575 1341 1765 1387 Alcmaeo,

721 1413 999 1453 Circumventus
1017 1409 1147 1454 morbo,
1177 1409 1290 1452 exilio,
1320 1417 1428 1461 atque
1446 1407 1576 1460 inopia.

635 1481 700 1521 Illi
722 1479 840 1532 igitur
857 1476 1006 1528 antiqui
1027 1489 1105 1514 non
1126 1484 1204 1513 tarn
1224 1483 1333 1512 acute
1353 1473 1623 1527 optabiliorem
1643 1473 1753 1512 illam
1768 1473 1887 1512 vitam
1906 1487 1983 1527 pu-

585 1555 682 1591 tant,
705 1543 1015 1598 praestantiorem,
1036 1540 1260 1579 beatiorem.
1299 1539 1416 1578 Stoici
1437 1548 1566 1577 autem
1584 1538 1857 1578 tantummodo
1885 1553 1985 1593 prae-

587 1610 804 1665 ponendam
825 1609 865 1647 in
885 1606 1090 1660 seligendo,
1126 1619 1203 1644 non
1224 1618 1302 1657 quo
1327 1604 1473 1643 beatior
1491 1603 1572 1643 haec
1588 1605 1666 1643 vita
1695 1604 1753 1649 fit,
1786 1604 1849 1643 sed
1879 1605 1986 1657 quod

584 1677 632 1715 ad
663 1684 838 1714 naturam
869 1671 1219 1711 accommodatior:
1251 1679 1289 1708 et
1319 1670 1387 1722 qui
1418 1669 1601 1723 sapientes
1621 1683 1698 1708 non
1718 1669 1818 1714 sunt,
1848 1683 1985 1709 omnes

584 1755 693 1795 aeque
711 1740 865 1780 miseros
885 1737 970 1776 effe.
1013 1737 1130 1776 Stoici
1151 1735 1226 1774 hoc
1245 1735 1425 1774 videlicet
1444 1735 1635 1780 viderunt,
1668 1735 1774 1787 (illos
1793 1745 1923 1774 autem
1944 1736 1984 1774 id

585 1808 735 1861 fugerat
754 1804 979 1859 superiores)
1001 1803 1070 1856 qui
1090 1801 1383 1847 arbitrabantur,
1413 1800 1592 1840 homines
1613 1801 1817 1840 sceleribus
1837 1812 1875 1840 et
1894 1815 1983 1855 par-

585 1873 730 1913 ricidiis
764 1871 999 1924 inquinatos,
1036 1867 1162 1908 nihilo
1191 1867 1401 1906 miseriores
1435 1867 1506 1906 ess‘e
1539 1881 1659 1920 quam
1684 1881 1761 1912 eos,
1793 1868 1862 1921 qui
1891 1881 1983 1907 cum

584 1939 682 1982 caste
714 1947 752 1976 et
786 1937 932 1989 integre
965 1935 1148 1980 viverent,
1178 1934 1355 1973 nondum
1389 1931 1597 1986 perfectam
1624 1933 1732 1972 illam
1761 1932 1986 1986 sapientiam

584 2005 702 2044 essent
721 2002 931 2042 consecuti.
988 2002 1120 2053 Atque
1153 1999 1228 2038 hoc
1249 1999 1336 2038 loco
1355 1998 1624 2037 similitudines
1643 2013 1717 2045 eas,
1752 1999 1894 2051 quibus
1925 1999 1986 2038 illi

587 2071 647 2110 uti
666 2070 802 2115 solent,
824 2067 1094 2107 diffimillimas
1114 2065 1343 2119 proferebas.
1376 2065 1477 2117 Qis
1498 2065 1603 2103 enim
1625 2065 1788 2118 ignorat,
1809 2065 1835 2103 si
1856 2065 1984 2118 plures

586 2151 634 2177 ex
655 2138 732 2177 alto
746 2148 938 2188 emergere
958 2133 1092 2178 velint,
1114 2133 1270 2186 propius
1292 2130 1371 2170 fore
1387 2145 1450 2169 eos
1467 2130 1625 2183 quidem
1646 2131 1692 2169 ad
1708 2131 1984 2184 respirandum,

585 2203 655 2255 qui
688 2202 734 2240 ad
768 2201 959 2239 summam
983 2199 1066 2251 jam
1098 2211 1236 2250 aquam
1262 2196 1583 2250 appropinquant,
1615 2195 1676 2234 scd
1706 2195 1832 2235 nihilo
1861 2197 1986 2250 magis

585 2266 764 2320 respirare
785 2264 898 2319 posse,
920 2277 1037 2317 quam
1057 2277 1135 2308 eos,
1164 2263 1231 2315 qui
1254 2262 1339 2300 sunt
1362 2263 1400 2300 in
1418 2260 1638 2314 profundo?
1670 2260 1785 2300 Nihil
1805 2275 1896 2315 ergo
1914 2263 1982 2301 ad-

582 2335 693 2388 juvat
729 2332 928 2386 procedere
962 2340 998 2368 et
1033 2330 1210 2383 progredi
1242 2330 1281 2367 in
1302 2329 1455 2373 virtute,
1482 2342 1561 2380 quo
1592 2328 1721 2367 minus
1748 2328 1987 2374 miserrimus

588 2400 648 2444 fit,
678 2409 883 2451 antequam
909 2397 956 2435 ad
984 2410 1069 2436 eam
1090 2395 1315 2450 pervenerit,
1345 2395 1530 2447 quoniam
1561 2395 1600 2433 in
1622 2408 1718 2447 aqua
1741 2394 1838 2433 nihil
1872 2395 1985 2448 adju-

588 2473 677 2502 vat:
708 2474 746 2502 et
765 2464 949 2517 quoniam
982 2462 1114 2506 catuli,
1145 2462 1212 2515 qui
1236 2462 1318 2513 jam
1349 2460 1558 2513 despee‘luri
1580 2461 1679 2506 sunt,
1709 2461 1800 2500 cccci
1821 2473 1927 2513 aeque
1945 2470 1983 2498 et

586 2530 631 2574 ii.
653 2531 721 2582 qui
743 2530 859 2570 modo
887 2530 963 2569 nati
981 2548 992 2575 ς
1025 2529 1225 2569 Platonem
1246 2541 1400 2580 quoque
1428 2527 1567 2566 neccsse
1587 2527 1653 2573 cst,
1677 2527 1863 2580 quoniam
1883 2540 1982 2565 non-

589 2595 689 2639 dum
709 2596 857 2635 videbat
879 2595 1114 2650 sapientiam,
1139 2608 1244 2648 aequc
1264 2606 1410 2634 caccum
1431 2594 1560 2634 animo
1580 2607 1620 2632 ac
1645 2592 1838 2632 Phalarim
1856 2590 1983 2635 fuisse.
