2330 2983
583 215 859 254 LIBER
918 213 1416 253 SECUNDUS.
1631 227 1704 267 ¹37

299 316 635 370 quemadmodum
655 317 788 370 agatis,
807 327 843 354 et
864 317 903 354 in
925 326 1107 369 quantam
1125 315 1332 355 hominum
1353 315 1566 354 facetorum
1586 315 1701 353 urba-

300 385 461 422 nitatem
482 384 698 427 incurratis,
720 396 798 420 non
819 383 919 420 dico.
952 382 1069 421 Nihil
1087 396 1182 435 opus
1203 383 1255 420 cst
1270 383 1419 421 litibus.
1443 379 1618 420 Tantum
1639 381 1700 419 di-

299 462 358 494 co,
380 449 502 501 magis
518 447 629 486 fuiffe
649 447 814 486 vestrfim
835 461 942 500 agere
963 448 1124 500 Epicuri
1141 448 1244 486 diem
1262 448 1440 493 natalem,
1459 461 1575 501 quam
1596 447 1699 485 illius

298 513 523 552 testamento
543 527 686 558 cavere,
709 523 752 551 ut
772 522 956 566 ageretur.

350 579 524 618 XXXII.
558 579 643 624 Sed,
677 588 721 617 ut
753 579 798 616 ad
819 579 1059 632 propofitum
1090 587 1335 623 revertamur,
1356 578 1423 630 (de
1445 578 1574 616 dolore
1594 578 1709 626 enim⁴

296 659 388 684 cum
410 645 639 691 diceremus,
675 645 721 683 ad
751 645 860 683 istam
881 645 1082 698 epistolam
1108 645 1223 683 delati
1254 644 1403 696 sumus)
1435 658 1539 683 nunc
1570 633 1699 682 totum

296 711 395 750 illud
415 712 597 750 concludi
614 712 664 750 fic
685 711 789 750 licet.
828 712 910 763 Qi
929 712 970 749 in
990 710 1142 749 summo
1162 711 1265 749 malo
1284 711 1350 756 est,
1372 711 1403 749 is
1425 720 1524 755 tum,
1546 723 1638 748 cum
1659 696 1699 746 in

295 790 340 815 eo
359 777 424 822 est,
459 791 536 816 non
566 777 618 815 est
648 778 795 815 beatus.
842 777 995 830 Sapiens
1025 785 1155 815 autern
1175 776 1322 829 semper
1341 777 1473 814 beatus
1491 775 1559 820 est,
1590 774 1698 828 et'est

296 843 503 895 aliquando
523 845 563 881 in
583 842 727 881 dolore.
759 843 853 882 Non
869 843 922 880 est
942 843 1060 895 igitur
1080 843 1279 881 summum
1299 842 1448 881 malum
1465 841 1587 880 dolor.
1609 841 1698 892 Jam

296 909 392 946 illud
423 909 535 961 quale
556 908 710 947 tandem
727 908 807 947 est?
838 910 942 947 Bona
954 909 1153 961 praeterita
1171 923 1238 947 non
1258 907 1393 961 effluere
1408 907 1582 961 fhpienti‚
1605 906 1698 945 mala

294 976 436 1014 memini
456 991 474 1013 e
492 990 559 1014 non
573 984 746 1028 oportere.
770 973 948 1014 Primum
968 976 1008 1013 in
1026 975 1196 1014 nostrane
1211 975 1392 1028 potestate
1411 974 1479 1019 est,
1496 973 1591 1026 quid
1611 986 1695 1011 me-

295 1042 557 1080 minerimus?
590 1041 873 1080 Themistocles
893 1041 1068 1093 quidem,
1099 1055 1192 1080 cum
1223 1042 1258 1078 ei
1277 1040 1493 1079 Simonides
1519 1049 1584 1077 aut
1610 1039 1696 1091 quis

295 1107 390 1145 alius
424 1117 545 1145 artem
577 1107 774 1145 memoriae
807 1106 1066 1159 polliceretur,
1099 1106 1312 1151 Oblivionis,
1345 1105 1488 1157 inquit,
1532 1105 1666 1143 mallem
1682 1120 1696 1142 .-

293 1188 375 1211 nam
395 1173 536 1212 memini
552 1173 659 1212 etiam
676 1187 756 1226 quae
773 1173 861 1217 nolo,
892 1172 1049 1225 oblivisci
1066 1186 1134 1210 non
1147 1171 1279 1225 poffi‘cm
1299 1185 1379 1224 quae
1397 1171 1488 1210 volo.
1547 1171 1697 1222 lWagno

293 1238 359 1277 hic
379 1239 549 1291 ingenio.
590 1239 662 1277 Sed
681 1252 738 1277 res
759 1236 794 1276 se
815 1248 944 1277 tamen
970 1238 1019 1276 fic
1040 1237 1170 1282 habet,
1192 1247 1236 1275 ut
1255 1237 1372 1275 nimis
1392 1235 1584 1289 imperiofi
1603 1234 1696 1289 phi-

294 1304 445 1358 losophi
466 1305 523 1349 s1t,
559 1314 683 1343 vetare
702 1304 930 1343 meminiffe.
962 1304 1076 1349 Vide,
1097 1317 1146 1342 ne
1165 1303 1232 1342 ista
1254 1303 1327 1341 fint
1347 1302 1546 1341 Manliana
1563 1301 1696 1346 vestra,

295 1381 360 1409 aut
381 1373 524 1423 majora
543 1371 673 1415 etiam,
702 1371 729 1408 fi
749 1371 914 1423 imperes
933 1370 1039 1422 quod
1056 1369 1179 1408 facere
1196 1382 1271 1407 non
1293 1369 1445 1422 poffim.

351 1437 475 1488 Qid,
510 1437 536 1474 fi
556 1436 670 1473 etiam
686 1435 859 1488 jucunda
879 1435 1066 1474 memoria
1084 1435 1137 1472 est
1163 1435 1442 1487 praeteritorum
1468 1434 1661 1472 malorum
1681 1434 1693 1470 ?

294 1511 338 1541 ut
358 1501 557 1555 proverbia
576 1501 762 1539 nonnulla
781 1501 925 1538 veriora
944 1500 1029 1545 sint,
1051 1513 1170 1552 quam
1189 1500 1306 1538 vestra
1325 1500 1517 1552 dogmata.
1564 1499 1696 1552 Vulgo

295 1568 400 1606 enim
420 1567 572 1611 dicitur,
591 1565 762 1619 Jucundi
777 1566 854 1604 aaz·
867 1565 1028 1604 labores:
1059 1578 1129 1603 nec
1149 1565 1249 1603 male
1270 1564 1489 1618 Euripides,
1514 1564 1694 1616 (conclu-

293 1634 395 1678 dam,
431 1633 458 1671 si
486 1641 636 1685 potero,
672 1632 810 1670 Latine
827 1646 837 1669 z
881 1633 1066 1671 Graecum
1107 1631 1212 1670 enim
1244 1629 1352 1670 hunc
1390 1630 1540 1669 versum
1578 1630 1694 1670 nostis

293 1699 445 1751 omnes)

432 1764 565 1804 Suavis
582 1764 742 1804 laborum
759 1764 806 1818 §st
818 1764 1093 1818 praeteritorum
1112 1764 1290 1803 memoria.

292 1830 364 1868 Sed
384 1829 430 1867 ad
450 1830 550 1868 bona
568 1830 757 1882 praeterita
787 1830 998 1869 redeamus.
1050 1831 1156 1881 Qae'
1178 1829 1204 1867 fi
1225 1842 1246 1866 a
1275 1828 1384 1866 vobis
1410 1827 1500 1866 talia
1519 1827 1692 1866 diceren-

291 1905 368 1940 tur,
399 1895 578 1948 qualibus
600 1897 648 1934 C.
669 1896 818 1934 Marius
850 1897 908 1934 uti
927 1904 1088 1948 poterat,
1120 1904 1164 1934 ut
1183 1894 1376 1948 expulsus,
1407 1907 1535 1947 egens,
1563 1894 1603 1932 in
1624 1907 1692 1947 pa-

292 1962 379 2000 lude
399 1961 605 2007 demersus,
638 1972 870 2015 tropaeorum
890 1962 1150 2000 recordatione
1175 1961 1314 2000 levaret
1345 1960 1516 1999 dolorem
1550 1960 1662 1998 suum
1676 1978 1690 2005 ς

291 2028 475 2072 audirem,
497 2036 536 2065 et
554 2028 667 2080 plane
685 2028 902 2081 probarem.
925 2028 1012 2067 Nec
1032 2028 1138 2066 enim
1158 2027 1300 2066 absolvi
1321 2027 1428 2065 beata
1447 2027 1523 2064 vita
1543 2025 1691 2078 sapien-

291 2094 353 2138 tis,
389 2107 459 2132 nec
479 2094 525 2131 ad
556 2095 707 2132 exitum
738 2094 895 2147 perduci
929 2095 1084 2147 poterit,
1118 2093 1144 2132 fi
1172 2094 1296 2147 prima
1316 2106 1490 2145 quaeque,
1522 2092 1618 2130 bene
1644 2091 1691 2129 ab

289 2173 333 2198 eo
353 2159 525 2198 consulta
544 2170 658 2213 atque
687 2159 797 2206 faeta,
819 2161 933 2213 ipsius
954 2160 1148 2199 oblivione
1168 2160 1432 2197 obruerentur.
1493 2157 1563 2197 Sed
1583 2157 1691 2195 vobis

290 2225 534 2278 voluptatum
570 2235 834 2279 perceptarum
856 2226 1066 2265 recordatio
1098 2226 1217 2264 vitam
1238 2225 1388 2263 beatam
1408 2223 1515 2268 facit,
1542 2232 1580 2261 et
1600 2223 1689 2274 qui-

290 2291 378 2328 dem
413 2305 569 2344 corpore
599 2302 879 2345 perceptarum.
926 2293 1032 2332 Nam
1058 2293 1083 2331 si
1114 2306 1198 2345 quae
1219 2292 1307 2330 sunt
1325 2290 1420 2336 aliae,
1450 2289 1589 2328 falsum
1623 2288 1689 2332 est,

290 2370 424 2395 omnes
445 2358 563 2395 animi
585 2357 795 2411 voluptates
815 2358 885 2397 effe
905 2372 925 2397 e
945 2359 1114 2412 corporis
1135 2358 1325 2397 societate.
1359 2355 1542 2408 Corporis
1562 2363 1691 2391 autem

290 2422 466 2474 voluptas
487 2423 512 2460 fi
533 2423 649 2462 etiam
670 2425 857 2477 praeterita
877 2425 1050 2469 delectat,
1074 2438 1149 2463 non
1171 2424 1360 2475 intelligo,
1382 2436 1450 2460 cur
1470 2419 1690 2459 Aristoteles

291 2487 528 2541 Sardanapali
548 2490 785 2542 epigramma
808 2501 1002 2544 tantopere
1032 2491 1222 2535 derideat;
1255 2491 1293 2527 in
1324 2502 1402 2540 quo
1432 2487 1498 2524 ille
1530 2499 1595 2524 rex
1616 2483 1689 2522 As-

292 2554 395 2605 syriae
421 2555 620 2607 glorietur,
655 2556 691 2595 se
716 2571 849 2597 omnes
871 2557 999 2597 secum
1019 2557 1229 2596 libidinum
1256 2555 1468 2607 voluptates
1488 2550 1688 2591 abstuliffe.

374 2622 412 2659 T
431 2634 454 2660 0
474 2634 524 2660 M.
558 2622 610 2661 11.
1363 2622 1384 2658 S
