2330 2983
637 216 913 256 LIBER
968 215 1462 256 SECUNDUS.
1667 217 1744 273 483

364 331 569 372 corporum
591 319 650 356 vel
670 327 785 362 texta,
806 317 864 355 vel
885 317 977 361 suta,
994 329 1227 369 omnemque
1244 315 1428 355 fabricam
1447 314 1541 361 aeriS,
1572 323 1609 353 et
1630 315 1741 355 ferri:

365 397 412 424 ex
432 398 510 437 quo
528 384 769 436 intelligitur,
787 382 833 420 ad
852 384 1006 420 inventa
1020 383 1162 427 animo,
1177 391 1351 435 percepta
1371 382 1546 427 sensibus,
1562 380 1742 421 adhibitis

363 449 552 502 opificum
570 449 761 492 manibus,
782 447 911 486 omnia
931 460 998 484 nos
1017 447 1250 491 consecutos,
1272 456 1315 484 ut
1334 448 1436 492 teffl,
1470 455 1512 485 ut
1534 447 1668 492 vestiti,
1701 456 1744 485 ut

365 514 453 553 salvi
471 512 542 552 effe
555 513 768 566 poffemus;
790 512 915 556 urbes,
937 525 1081 556 muros,
1101 511 1311 555 domicilia,
1333 512 1488 549 delubra
1503 512 1741 551 haberemus.

417 581 505 630 Jam
535 591 621 617 vero
650 579 827 631 operibus
846 575 1068 622 hominum,
1090 577 1129 614 id
1149 576 1201 614 est
1221 577 1411 621 manibus,
1439 577 1516 614 cibi
1541 579 1654 615 etiam
1678 592 1743 616 va-

364 645 474 683 rietas
493 644 699 689 invenitur,
719 652 757 682 et
776 643 899 696 copia.
931 643 1036 681 Nam
1056 651 1094 680 et
1112 642 1191 694 agri
1211 641 1334 680 multa
1349 640 1478 679 ferunt
1498 656 1615 680 manu
1638 657 1742 695 quae-

363 709 443 755 fita,
472 723 555 762 quae
575 710 634 748 vel
654 709 779 748 statim
794 708 1079 752 consumantur,
1110 707 1168 745 vel
1189 707 1416 745 mandentur
1440 708 1594 746 condita
1619 709 1745 746 vetus·

363 775 446 813 tati.
488 775 541 812 Et
560 783 734 827 praeterea
752 773 939 812 vescimur
958 772 1084 811 bestiis
1116 781 1155 810 et
1175 772 1346 817 terrenis,
1376 782 1414 810 et
1433 772 1677 824 aquatilibus,
1707 782 1745 812 et

363 840 597 885 volatilibus,
626 839 766 892 partim
796 838 993 892 capiendo,
1034 838 1174 891 partim
1201 837 1350 876 alendo.
1395 838 1598 877 Efficimus
1629 840 1745 877 etiam

364 904 515 942 domitu
534 904 659 942 nostro
679 903 971 956 quadrupedum
991 903 1177 942 vectiones
1192 921 1205 948 ς
1236 916 1403 956 quorum
1432 903 1601 941 celeritas
1631 913 1745 956 atque

363 969 419 1007 vis
453 968 562 1006 nobis
589 968 674 1021 ipsis
708 968 816 1006 affert
845 969 925 1006 vim
955 977 994 1006 et
1025 967 1271 1006 celeritatem.
1316 968 1401 1007 Nos
1441 981 1554 1007 onera
1583 968 1745 1020 quibus-

362 1033 450 1072 dam
471 1033 609 1078 bestiis,
630 1047 698 1072 nos
712 1035 807 1086 juga
831 1033 1068 1086 imponimus
1086 1049 1094 1072 :
1127 1047 1194 1072 nos
1215 1032 1506 1085 elephantorum
1525 1034 1744 1072 acutiffimis

361 1099 539 1143 senfibus,
571 1112 638 1137 nos
659 1099 856 1152 sagacitate
875 1112 1014 1137 canum
1040 1100 1086 1137 ad
1106 1100 1313 1137 utilitatem
1339 1099 1503 1138 nostram
1523 1099 1743 1137 abutimur:

361 1177 430 1203 nos
461 1177 482 1201 e
512 1174 616 1202 terrae
646 1165 814 1202 cavernis
842 1163 990 1203 ferrum
1021 1164 1213 1223 elicimus,
1244 1177 1326 1202 rem
1353 1164 1399 1202 ad
1426 1164 1605 1202 colendos
1638 1177 1745 1217 agros

361 1229 627 1268 necessariam:
658 1243 727 1268 nos
748 1230 843 1275 aeris,
873 1231 1031 1282 argenti,
1063 1230 1143 1268 auri
1168 1243 1295 1274 venas,
1323 1231 1475 1282 penitus
1496 1230 1654 1275 abditas,
1681 1231 1744 1268 in-

361 1296 550 1340 venimus,
571 1303 608 1333 et
627 1295 673 1333 acl
692 1295 802 1333 usum
821 1304 940 1348 aptas,
960 1304 997 1333 et
1016 1295 1062 1333 ad
1079 1303 1258 1333 ornatum
1277 1295 1453 1334 decoras:
1475 1295 1654 1334 arborum
1675 1309 1743 1333 au-

362 1372 442 1400 tem
461 1362 711 1406 conseffione,
745 1362 930 1414 omnique
950 1362 1118 1406 materia,
1139 1370 1177 1399 et
1195 1361 1312 1405 culta,
1346 1370 1384 1399 et
1411 1362 1576 1406 filvestri,
1604 1363 1744 1414 partim

363 1428 410 1465 ad
439 1427 739 1466 calefaciendum
759 1440 911 1480 corpus,
941 1428 1023 1480 igni
1053 1426 1240 1472 adhibito,
1268 1437 1306 1466 et
1331 1428 1378 1465 ad
1403 1427 1660 1480 mitigandum
1686 1430 1744 1467 ci-

363 1494 459 1531 bum
480 1494 639 1538 utimur,
665 1494 805 1546 partim
824 1493 869 1531 ad
889 1491 1168 1538 aedificandum,
1199 1502 1243 1531 ut
1273 1493 1379 1531 tectis
1400 1492 1493 1546 septi
1511 1492 1651 1545 frigora
1679 1507 1743 1531 ca-

362 1559 532 1611 loresque
558 1558 759 1611 pellamus.
801 1559 966 1609 Magnos
986 1571 1075 1596 vero
1094 1558 1182 1596 usus
1201 1557 1308 1596 affert
1327 1558 1373 1596 ad
1392 1558 1541 1610 navigia
1559 1557 1744 1604 facienda,

361 1636 528 1676 quorum
547 1621 717 1660 cursibus
737 1621 1021 1674 suppeditantur
1039 1634 1173 1660 ornnes
1193 1622 1364 1675 undique
1388 1622 1435 1661 ad
1454 1623 1573 1661 vitam
1597 1624 1715 1677 copiae
1732 1640 1742 1663 :

360 1688 526 1740 quasque
559 1700 616 1726 res
645 1687 928 1726 violentissimas
958 1697 1090 1725 natura
1117 1688 1266 1739 genuit,
1295 1701 1424 1726 earum
1444 1688 1745 1728 moderationem

359 1767 429 1792 nos
446 1753 514 1792 soli
541 1752 742 1799 habemus,
763 1753 877 1792 maris
896 1762 1010 1805 atque
1028 1761 1243 1797 ventorum,
1259 1762 1413 1805 propter
1427 1753 1665 1792 nauticarum
1683 1768 1743 1792 re·-

360 1832 448 1857 rum
468 1818 664 1857 scientiam
679 1836 691 1863 ς
713 1818 965 1871 plurimisque
980 1817 1183 1856 maritimis
1203 1818 1314 1855 rebus
1333 1816 1512 1863 fruimur,
1533 1826 1645 1871 atque
1664 1820 1744 1857 uti-

360 1897 463 1923 mur.
507 1885 765 1922 Terrenorum
785 1884 878 1922 item
896 1883 1193 1922 commodorum
1212 1883 1336 1922 omnis
1356 1883 1409 1922 est
1434 1884 1474 1922 in
1493 1883 1652 1923 homine
1672 1886 1743 1924 do-

362 1950 543 1988 minatus.
575 1949 660 1987 Nos
680 1949 838 2002 campis,
855 1963 921 1988 nos
942 1949 1138 1988 montibus
1154 1948 1320 1987 fruimur
1335 1963 1344 1988 ι
1366 1949 1481 1988 nostri
1499 1949 1584 1988 sunt
1598 1964 1742 1997 amnes,

361 2015 475 2053 nostri
496 2015 597 2052 lacus
615 2028 624 2052 :
657 2026 725 2052 nos
745 2011 873 2067 fruges
893 2015 1063 2060 serimus,
1095 2028 1164 2053 nos
1183 2015 1330 2054 arbores
1348 2030 1358 2053 z
1390 2029 1458 2054 nos
1478 2028 1661 2068 aquarum
1681 2017 1743 2055 in-

359 2080 605 2118 duetionibus
634 2080 740 2118 terris
759 2079 1052 2119 foecunditatem
1084 2082 1246 2119 damus:
1279 2094 1346 2120 nos
1376 2081 1537 2119 flumina
1554 2094 1741 2127 arcemus,

358 2145 576 2197 dirigimus,
607 2145 809 2183 avertimus
827 2160 836 2184 ι
868 2146 999 2184 nostris
1020 2146 1184 2199 deniqne
1204 2147 1378 2186 manibus
1405 2147 1445 2185 in
1466 2160 1592 2186 rerum
1612 2156 1743 2186 natura

362 2212 465 2263 quafi
486 2211 640 2248 alteram
663 2219 833 2250 naturam
854 2212 1001 2250 efficere
1020 2226 1216 2251 conamur.

418 2277 527 2314 LXI.
559 2277 668 2328 Qid
683 2290 768 2315 vero
786 2278 799 2314 ?
829 2277 1035 2317 hominum
1058 2280 1153 2318 ratio
1169 2292 1245 2318 non
1265 2280 1305 2317 in
1325 2279 1463 2317 caelum
1484 2279 1600 2331 usque
1625 2292 1742 2331 pene-

361 2343 473 2380 travit
489 2342 502 2379 ?
524 2342 601 2379 Soli
618 2343 722 2380 enirn
734 2356 781 2382 ex
797 2344 1054 2383 animantibus
1072 2359 1139 2384 nos
1158 2345 1340 2384 astrorum
1360 2355 1478 2389 ortus,
1493 2345 1635 2389 obitus,
1653 2358 1742 2383 cur-

363 2406 496 2459 susque
511 2408 766 2459 cognovimus
785 2424 794 2447 :
817 2410 862 2448 ab
882 2408 1088 2449 hominum
1107 2424 1241 2463 genere
1261 2410 1391 2448 finitus
1411 2409 1462 2446 est
1479 2409 1571 2453 dies,
1589 2410 1740 2455 menfis,

361 2485 501 2511 annus:
520 2472 745 2513 defectiones
758 2475 842 2514 solis
858 2486 895 2514 et
911 2477 1009 2515 lunae
1025 2478 1200 2529 cognstae,
1214 2476 1473 2529 praediCtaeque
1486 2475 1525 2513 in
1540 2488 1656 2514 omne
1670 2490 1742 2529 po-

361 2536 502 2577 sterum
523 2548 688 2594 tempus,
706 2553 803 2593 quae‚
825 2551 987 2593 quantae,
1004 2542 1156 2595 quando
1171 2541 1308 2580 futurae
1323 2540 1408 2579 fint.
1447 2541 1544 2593 Qae
1558 2550 1742 2580 contuens

1273 2608 1444 2659 Pppz
