2330 2983
603 227 923 265 LIBER
998 226 1409 264 PRIMUS.
1668 240 1715 279 73

319 333 453 365 neutra
471 333 601 362 autem
620 323 661 360 in
681 323 818 361 mediis
835 323 1074 375 relinquebat
1081 342 1094 368 5
1116 324 1156 361 in
1173 323 1313 375 quibus
1330 323 1494 376 ponebat
1516 321 1611 360 nihil
1629 336 1716 360 om-

320 392 415 430 nino
443 389 514 428 effe
544 389 750 427 momenti.
811 390 881 427 Sed
902 403 986 441 quae
1005 389 1122 427 efl‘ent
1143 389 1337 434 sumenda,
1368 404 1414 427 ex
1441 390 1486 427 iis
1507 389 1579 426 alia
1598 389 1717 440 pluris

319 456 390 495 effe
411 454 640 499 aestimanda,
662 454 733 491 alia
753 454 938 492 minoris:
961 468 1045 506 quae
1062 454 1196 506 pluris,
1218 468 1260 492 ea
1271 456 1464 507 prrepqstta
1479 454 1692 507 appellabat
1704 473 1716 498 ;

319 521 449 572 rejeft‘a
469 529 612 564 autem,
626 533 711 571 quae
727 519 901 557 minoris.
934 521 1065 571 Atque
1081 529 1124 557 ut
1144 518 1226 557 haec
1248 533 1325 557 non
1347 529 1425 557 tam
1444 520 1571 563 rebus,
1599 533 1717 571 quam

318 585 513 624 vocabulis
534 594 836 623 commutaverat
848 603 860 629 ;
893 585 943 623 {ic
962 585 1062 622 inter
1080 587 1178 625 reite
1200 584 1346 623 factum
1367 594 1480 636 atque
1500 594 1717 636 peccatum,

319 652 495 690 officium
528 661 567 689 et
596 660 729 689 contra
757 651 934 689 officium
953 650 1063 690 media
1094 651 1242 689 locabat
1262 651 1464 703 quaedam:
1500 652 1596 687 reste
1623 649 1718 688 fasta

319 718 396 756 sola
414 720 455 757 in
476 718 586 757 bonis
613 718 826 756 actionibus
843 714 988 770 ponens
1001 736 1013 762 3
1045 731 1171 770 prave,
1199 717 1239 755 id
1255 717 1320 762 est,
1341 726 1508 770 peccata,
1531 717 1570 754 in
1592 716 1716 754 malis.

321 784 464 823 Officia
483 794 627 829 autem,
645 793 683 821 et
703 783 855 828 servata,
878 783 1210 837 praetermiffaque,
1227 783 1353 822 media
1366 783 1537 836 putabat,
1559 792 1602 820 ut
1622 783 1715 820 dixi.

328 882 331 885 .
375 851 559 903 Cumque
577 850 786 902 superiores
806 863 883 888 non
903 863 1061 888 omnem
1081 850 1264 888 virtutem
1295 850 1336 887 in
1358 850 1501 887 ratione
1520 848 1591 886 effe
1612 849 1717 886 dice-

320 926 417 961 rent,
439 916 501 954 sed
521 915 702 967 quasdam
721 915 880 953 virtutes
901 924 1034 953 natura
1053 923 1117 954 aut
1138 929 1244 953 more
1264 913 1446 967 perfectas
1464 933 1476 958 5
1503 913 1569 952 hic
1584 928 1717 952 omnes

320 983 359 1020 in
381 983 525 1020 ratione
544 981 724 1034 ponebat.
763 981 945 1033 Cumque
964 981 1023 1019 illi
1042 995 1084 1018 ea
1102 995 1241 1034 genera
1259 982 1462 1025 virtutum,
1496 994 1581 1032 quae
1610 980 1720 1033 supra

319 1047 415 1091 dixi,
437 1047 583 1099 sejungi
600 1046 701 1099 poffe
721 1046 991 1084 arbitrarentur
1003 1065 1014 1091 ;
1047 1045 1112 1084 hic
1133 1060 1203 1084 nec
1220 1046 1259 1084 id
1280 1046 1360 1084 ullo
1381 1045 1498 1083 modo
1518 1045 1599 1083 fieri
1620 1045 1719 1098 poffe

320 1112 516 1152 differebat
534 1127 543 1150 2
566 1125 637 1150 nec
657 1112 808 1150 virtutis
833 1112 945 1150 usum
964 1113 1095 1157 modo,
1114 1122 1156 1150 ut
1177 1112 1397 1164 superiores,
1419 1110 1482 1148 sed
1501 1111 1628 1163 ipsum
1647 1110 1718 1148 ha-

321 1178 448 1216 bitum
469 1192 535 1230 per
555 1177 628 1215 sese
646 1177 716 1215 effe
734 1177 984 1229 praeclarum;
1007 1191 1076 1215 nec
1098 1186 1225 1215 tamen
1243 1176 1427 1214 virtutem
1447 1177 1630 1228 cuiquam
1651 1177 1718 1214 ad-

319 1243 404 1288 esse,
437 1244 532 1296 quin
564 1257 606 1280 ea
625 1243 770 1296 semper
800 1252 982 1281 uteretur.
1043 1245 1226 1295 Cumque
1249 1243 1578 1295 perturbationem
1600 1243 1720 1280 animi

319 1310 379 1348 illi
399 1323 445 1348 ex
465 1309 627 1348 homine
653 1323 731 1347 non
759 1309 950 1354 tollerent,
972 1309 1184 1361 naturaque
1203 1317 1241 1346 et
1259 1308 1536 1353 condolescere,
1565 1317 1602 1345 et
1622 1322 1718 1346 con-

320 1375 526 1428 cupiscere,
561 1384 599 1412 et
619 1375 878 1419 extimescere,
900 1384 937 1412 et
958 1374 1082 1412 efferri
1102 1374 1234 1412 laetitia
1263 1374 1446 1418 dicerent,
1479 1374 1541 1411 sed
1561 1387 1603 1411 ea
1622 1388 1718 1412 con-

321 1440 527 1486 traherent,
558 1441 598 1478 in
626 1441 906 1493 angustumque
932 1441 1189 1485 deducerent,
1227 1439 1292 1478 hic
1313 1440 1496 1478 omnibus
1523 1439 1584 1479 his
1615 1440 1719 1492 quasi

321 1507 467 1547 morbis
488 1507 610 1545 voluit
629 1519 753 1544 carere
773 1506 994 1558 sapientem.
1046 1507 1228 1558 Cumque
1247 1519 1306 1543 eas
1327 1506 1628 1558 perturbationes
1649 1520 1718 1544 an-

321 1573 422 1625 tiqui
451 1571 638 1610 naturales
658 1571 729 1608 effe
749 1571 918 1609 dicerent
937 1580 975 1609 et
1004 1572 1160 1609 rationis
1181 1580 1368 1624 experteS,
1386 1571 1534 1624 aliaque
1554 1572 1593 1609 in
1614 1582 1720 1624 parte

321 1638 439 1677 animi
460 1637 728 1690 cupiditatem,
761 1637 833 1674 alia
852 1637 1040 1675 rationem
1066 1637 1313 1682 collocarent,
1335 1651 1383 1675 ne
1400 1636 1460 1675 his
1481 1637 1641 1690 quidem
1661 1637 1718 1675 as-

318 1703 559 1743 sentiebatur.
592 1704 698 1742 Nam
718 1712 756 1742 et
777 1703 1078 1756 perturbationes
1099 1704 1327 1741 voluntarias
1348 1703 1418 1741 effe
1438 1703 1610 1756 putabat,
1631 1705 1718 1757 opi-

316 1769 518 1822 nionisque
530 1770 681 1822 judicio
700 1769 851 1822 suscipi,
868 1780 905 1808 et
921 1770 1100 1808 omnium
1119 1770 1452 1823 perturbationum
1468 1770 1720 1808 arbitrabatur

321 1845 484 1875 matrem
503 1836 574 1875 effe
592 1836 886 1875 immoderatam
908 1837 1101 1888 quandam
1127 1836 1478 1889 intemperantiam.
1521 1837 1619 1875 Haec
1640 1835 1718 1874 fere

319 1903 365 1941 de
385 1903 573 1941 moribus.

374 1969 446 2006 XI.
488 1969 551 2007 De
582 1968 724 2006 naturis
747 1977 876 2007 autem
897 1968 946 2006 fic
977 1967 1160 2006 sentiebat
1175 1986 1187 2012 3
1209 1968 1397 2020 primum,
1422 1976 1464 2005 ut
1494 1967 1534 2005 in
1555 1977 1718 2019 quatuor

318 2034 439 2072 initiis
460 2047 588 2072 rerum
606 2034 682 2071 illis
698 2034 876 2086 quintam
896 2033 995 2072 hanc
1014 2044 1202 2078 naturam,
1215 2047 1262 2071 ex
1278 2047 1354 2086 qua
1373 2033 1579 2086 superiores
1593 2033 1717 2071 sensus

317 2110 356 2138 et
377 2110 548 2139 mentem
569 2100 669 2138 effici
690 2101 882 2145 rebantur,
905 2114 982 2138 non
1002 2099 1211 2138 adhiberet.
1244 2099 1438 2138 Statuebat
1457 2100 1563 2138 enim
1587 2100 1717 2152 ignem

317 2165 389 2204 effe
409 2165 528 2219 ipsam
549 2175 738 2210 naturam,
761 2181 846 2218 quae
867 2166 1038 2219 quidque
1058 2167 1242 2218 gigneret,
1259 2175 1296 2203 et
1313 2175 1485 2204 mentem
1501 2175 1615 2219 atque
1632 2165 1716 2202 sen-

319 2231 393 2269 sus,
435 2232 684 2284 Discrepabat
703 2232 818 2270 etiam
839 2232 885 2270 ab
906 2232 1054 2277 iisdem,
1076 2232 1181 2284 quod
1201 2232 1310 2270 nullo
1331 2231 1447 2270 modo
1466 2231 1717 2269 arbitrabatur

318 2297 533 2349 quidquam
552 2298 653 2336 effici
674 2297 773 2350 poss‘e
786 2299 832 2336 ab
854 2312 907 2343 ea,
927 2313 1010 2351 quae
1030 2312 1162 2351 expers
1179 2297 1268 2336 effet
1284 2299 1476 2350 corporis;
1502 2298 1628 2349 (cujus
1648 2310 1716 2348 ge-

319 2363 420 2402 neris
441 2364 687 2410 Xenocrates,
712 2374 749 2402 et
769 2365 973 2418 superiores
994 2366 1109 2403 etiam
1129 2365 1306 2404 animum
1334 2364 1404 2403 effe
1427 2364 1623 2414 dixerunt)
1647 2375 1717 2400 nec

317 2442 417 2474 vero,
453 2439 517 2467 aut
537 2430 643 2482 quod
661 2431 826 2470 efficeret
846 2431 1006 2484 aliquid,
1041 2440 1107 2470 aut
1137 2431 1242 2484 quod
1266 2431 1490 2474 efficeretur,
1527 2427 1627 2482 poffe
1645 2427 1718 2466 effe

321 2509 400 2533 non
421 2508 574 2547 corpuS.

403 2562 553 2600 Tom.
585 2562 639 2600 11.
1373 2561 1409 2598 K
