2330 2983
568 243 619 292 48
893 238 958 277 M.
1017 234 1652 276 T.CICERONIS

567 332 668 385 apud
688 345 750 370 me
769 331 781 368 ?
813 343 931 383 quem
950 338 988 368 et
1005 329 1185 373 admiror,
1215 337 1254 366 et
1273 327 1422 380 diligo?
1453 327 1522 380 qui
1543 327 1611 366 ista
1630 324 1847 365 Antiochea
1865 338 1960 364 con-

569 399 709 435 temnit
729 397 741 433 ?

622 461 775 506 Nostra,
806 461 971 513 inquies,
1003 459 1079 498 sola
1109 473 1195 498 vera
1214 459 1314 498 sunt.
1375 459 1487 497 Certe
1518 457 1607 503 sola,
1638 458 1664 496 fi
1689 469 1788 495 vera.
1847 456 1963 494 Plura

567 528 674 566 enim
693 539 779 565 vera
798 525 1047 579 discrepantia
1070 525 1141 562 effe
1161 539 1237 563 non
1258 523 1422 578 possunt.
1482 523 1627 562 Utrum
1647 523 1766 576 igitur
1785 535 1853 560 nos
1884 522 1962 559 im-

567 593 767 646 pudentes,
798 592 866 644 qui
897 591 975 629 labi
996 590 1179 628 nolumus
1195 609 1207 635 ;
1238 604 1284 628 an
1306 590 1364 628 illi
1384 599 1614 641 arrogantes,
1635 589 1704 641 qui
1723 588 1793 626 fibi
1813 587 1964 639 persua-

567 659 695 703 serint,
713 658 804 696 scire
823 657 858 695 se
874 657 970 695 solos
990 656 1149 694 omnia?
1180 656 1274 694 Non
1296 669 1359 693 me
1379 655 1552 706 quidem,
1575 655 1718 707 inquit,
1739 653 1801 691 sed
1816 652 1964 705 sapien-

569 732 663 768 tem,
685 724 772 761 dico
792 722 897 760 scire.
931 721 1120 773 Optime;
1143 734 1283 773 nempe
1302 720 1370 758 ista
1388 720 1493 764 scire,
1525 733 1609 772 quae
1630 719 1717 757 sunt
1743 718 1782 756 in
1804 727 1869 755 tua
1887 716 1964 754 dis-

566 790 722 842 ciplina.
760 789 852 826 Hoc
873 787 1046 839 primurn
1066 786 1177 838 quale
1197 785 1264 830 est,
1294 799 1315 822 a
1335 798 1412 823 non
1432 784 1596 837 sapiente
1616 783 1797 836 explicari
1817 783 1965 835 sapien-

566 856 660 893 tiam
680 854 693 890 ?
715 853 787 892 Sed
802 851 1037 890 discedamus
1053 864 1073 888 a
1086 849 1390 902 nobismetipsis:
1413 849 1459 887 de
1475 849 1641 902 sapiente
1662 849 1891 900 loquamur,
1882 864 1890 872 ·
1919 845 1966 884 de

567 934 646 972 quo
668 920 730 971 (ut
751 917 873 970 saepe
858 930 942 968 Jam
962 916 1060 968 dixi)
1083 916 1210 953 omnis
1230 914 1312 952 haec
1333 914 1489 966 quaestio
1507 914 1573 952 est.

623 987 669 1024 In
704 995 778 1022 tres
812 984 932 1035 igitur
964 990 1087 1034 partes
1106 994 1127 1018 a
1146 980 1337 1033 plerisque
1355 989 1393 1018 et
1412 994 1433 1017 a
1468 948 1746 1032 nobismetipsis
1767 977 1967 1016 distributa

568 1051 750 1105 sapientia
768 1050 833 1087 est.
877 1049 1054 1087 Primum
1075 1047 1226 1100 ergo,s1
1248 1047 1387 1100 placet,
1410 1060 1494 1099 quae
1513 1046 1559 1084 de
1579 1056 1713 1084 natura
1732 1059 1860 1083 rerum
1879 1043 1967 1082 sunt

567 1118 734 1171 quaesita,
755 1115 976 1153 videamus:
999 1115 1105 1151 velut
1125 1113 1223 1151 illud
1243 1112 1343 1151 ante.
1377 1113 1492 1151 Estne
1505 1112 1709 1165 quisquam
1729 1121 1834 1149 tanto
1854 1109 1965 1148 infla-

569 1193 630 1221 tus
650 1195 787 1226 errore,
808 1190 852 1218 ut
872 1180 939 1218 fibi
960 1179 995 1218 se
1009 1179 1074 1217 illa
1089 1179 1180 1217 scire
1195 1178 1442 1232 persuaserit?
1464 1179 1558 1217 Non
1572 1191 1700 1231 quaero
1716 1178 1878 1215 rationes
1891 1189 1965 1220 eas,

568 1263 652 1302 quse
671 1262 717 1286 ex
737 1248 955 1299 conjedtura
974 1245 1155 1298 pendent,
1177 1258 1262 1296 quae
1278 1244 1599 1297 disputationibus
1615 1243 1693 1282 huc
1713 1253 1751 1281 et
1771 1242 1864 1280 illuc
1890 1252 1968 1280 tra-

568 1314 729 1358 huntur,
761 1311 910 1350 nullam
941 1309 1125 1348 adhibent
1154 1310 1400 1363 persuadendi
1421 1309 1689 1348 necessitatem.
1749 1309 1968 1347 Geometrae

570 1378 808 1432 provideant,
836 1376 905 1429 qui
936 1375 971 1413 se
1003 1375 1232 1427 profitentur
1262 1388 1339 1412 non
1367 1374 1598 1427 persuadere,
1630 1373 1692 1411 sed
1725 1386 1860 1425 cogere
1876 1390 1888 1417 ς
1929 1381 1968 1411 et

570 1445 638 1497 qui
658 1443 790 1482 omnia
808 1441 931 1485 vobis,
960 1455 1044 1493 quae
1063 1440 1297 1485 describunt,
1325 1440 1502 1493 probant.
1561 1439 1655 1478 Non
1675 1452 1805 1490 quaero
1830 1451 1878 1476 ex
1906 1436 1968 1476 his

570 1511 637 1549 illa
656 1510 765 1548 initia
782 1507 1147 1547 mathematicorum
1163 1525 1175 1551 ς
1207 1506 1348 1558 quibus
1370 1520 1446 1545 non
1467 1505 1662 1550 conceffis‚
1683 1504 1851 1557 digitum
1876 1518 1968 1558 pro-

570 1577 677 1630 gredi
709 1589 785 1614 non
817 1574 993 1628 possunt:
1026 1575 1208 1617 Punb'lum
1233 1572 1317 1617 esse,
1348 1573 1454 1625 quod
1479 1571 1790 1624 magnitudinem
1819 1571 1969 1609 nullam

570 1643 730 1682 habeat:
763 1639 1056 1685 Extremitatem‚
1085 1648 1123 1677 et
1153 1639 1255 1692 quasi
1275 1639 1566 1683 libramentum,
1597 1638 1637 1676 in
1657 1651 1735 1690 quo
1754 1636 1862 1674 nulla
1879 1650 1968 1675 om-

570 1710 664 1748 nino
697 1705 898 1746 crassitudo
918 1706 962 1744 fit
980 1721 989 1744 :
1021 1705 1174 1745 Lineam
1193 1714 1337 1750 autem,
1370 1704 1656 1757 longitudinem
1682 1702 1884 1741 latitudine
1904 1716 1969 1741 ca-

571 1784 734 1813 rentem.
758 1774 855 1811 Haec
876 1785 968 1810 cum
988 1785 1074 1810 vera
1092 1770 1163 1809 effe
1189 1769 1429 1815 concesser03
1466 1771 1491 1809 s1
1515 1770 1666 1822 adigam
1682 1768 1968 1822 jusjurandum,

572 1840 829 1894 sapientemne
857 1838 974 1892 prius,
1005 1851 1122 1891 quarn
1154 1836 1421 1882 Archimedes,
1462 1849 1508 1875 eo
1533 1836 1776 1888 inspectante,
1807 1834 1970 1873 rationes

570 1918 706 1944 omnes
736 1903 969 1957 descripserit
999 1917 1072 1948 eas,
1104 1904 1246 1955 quibus
1267 1902 1446 1947 efficitur,
1475 1901 1610 1940 multis
1645 1900 1816 1953 partibus
1851 1899 1970 1939 solem

572 1973 757 2024 majorem
777 1969 848 2008 esse
867 1983 984 2022 quam
1006 1978 1158 2013 terram,
1175 1969 1396 2021 juraturum
1417 1978 1526 2021 putas
1545 1968 1558 2005 ?
1590 1967 1628 2006 Si
1658 1965 1792 2005 fecerit
1808 1983 1819 2010 ς
1851 1965 1970 2004 solem

572 2038 715 2091 ipsum,
737 2050 854 2089 quem
875 2037 1005 2075 Deum
1026 2035 1151 2074 censet
1170 2035 1254 2079 effe,
1271 2034 1558 2087 contempserit.

629 2102 748 2154 Qod
769 2102 793 2140 s1
825 2101 1069 2154 geometricis
1099 2101 1308 2139 rationibus
1336 2114 1411 2139 non
1433 2100 1485 2138 est
1515 2099 1742 2142 crediturus,
1775 2111 1859 2150 quae
1889 2097 1969 2136 vim

572 2167 736 2208 afferunt
757 2168 796 2205 in
823 2166 1010 2211 docendo,
1045 2180 1110 2204 vos
1129 2166 1195 2219 ipsi
1229 2175 1271 2204 ut
1291 2166 1418 2205 dicitis
1436 2183 1447 2210 ;
1479 2180 1535 2204 nae
1555 2165 1620 2204 ille
1640 2165 1754 2217 longe
1773 2164 1906 2208 aberit,
1928 2174 1970 2202 ut

573 2233 808 2287 argumentis
839 2232 966 2270 credat
1000 2231 1343 2285 philosophorum;
1376 2241 1454 2276 aut,
1482 2231 1506 2270 si
1539 2231 1591 2269 est
1616 2230 1844 2274 crediturus,
1870 2243 1970 2282 quo-

574 2314 662 2338 rum
683 2298 949 2353 potissimum?
974 2299 1120 2337 Omnia
1134 2297 1376 2351 physicorum
1391 2298 1481 2336 licet
1500 2297 1713 2350 explicare-3
1736 2295 1794 2334 scd
1807 2296 1972 2348 longum

575 2366 641 2404 cst.
674 2365 816 2417 Qaero
838 2374 980 2410 tamen,
1002 2378 1117 2417 quem
1136 2363 1326 2416 sequatur.
1359 2364 1483 2416 Finge
1507 2363 1677 2415 aliquem
1699 2375 1801 2400 nunc
1819 2361 1897 2399 fieri
1915 2361 1971 2399 sa-

576 2430 770 2484 pientcm,'
794 2431 967 2469 nondum
988 2429 1082 2468 effe:
1115 2443 1190 2482 qua
1210 2429 1446 2483 potissimum
1470 2429 1652 2467 sententia
1673 2428 1810 2466 melius
1826 2427 1970 2480 eliget?

570 2495 830 2549 Disciplinam
862 2496 927 2535 etsl
954 2509 1227 2550 quamcunque
1265 2495 1395 2550 eliget,
1427 2495 1605 2549 insipiens
1635 2494 1764 2548 eliget.
1824 2493 1895 2532 Sed
1929 2491 1973 2531 fit
