2330 2983
492 291 567 330 340
800 275 1577 315 TUSCULANARUM

489 389 610 432 partes
632 379 718 417 sunt
736 379 947 417 vitiositatis
960 397 973 424 3
1004 377 1065 417 sed
1093 369 1398 432 perturbationes
1418 378 1539 416 fintne
1556 377 1726 430 ejusdem
1742 385 1880 430 partes,

490 445 644 497 quaestio
663 444 728 482 est.
760 444 865 483 Vitia
883 445 989 483 enim
1009 443 1226 483 affectiones
1237 442 1327 483 sunt
1341 455 1535 483 manentes
1549 462 1560 488 ;
1577 443 1881 497 perturbationes

490 521 632 556 autem,
654 519 865 556 moventes,
901 519 944 548 ut
976 523 1054 549 non
1074 509 1212 563 poffint
1232 509 1479 549 affectionum
1497 510 1738 548 manentium
1759 517 1882 562 partes

489 575 573 614 effe.

545 644 676 695 Atque
696 651 739 680 ut
770 642 809 680 in
831 641 941 680 malis
960 642 1115 694 attingit
1135 641 1254 680 animi
1275 651 1448 680 naturam
1468 641 1636 695 corporis
1656 639 1881 685 similitudo,

492 707 541 745 fic
561 717 598 746 et
629 709 668 747 in
689 707 812 746 bonis.
864 709 959 745 Sunt
989 708 1094 745 enim
1125 707 1164 745 in
1199 720 1356 760 corpore
1386 707 1588 760 praecipua‚
1618 705 1882 760 pulchritudo,

491 774 604 818 vires,
622 773 811 817 valetudo,
833 772 1007 818 firmitas,
1028 772 1233 817 velocitas3
1265 772 1351 810 sunt
1369 772 1465 810 item
1485 773 1525 810 in
1543 772 1688 810 animo.
1718 772 1778 809 Ut
1795 785 1884 809 cor-

490 840 594 891 poris
620 839 673 876 est
694 838 930 890 temperatio,
961 852 1054 876 cum
1073 852 1116 875 ea
1140 846 1361 890 congruunt
1379 838 1479 876 inter
1506 837 1556 883 se,
1586 851 1607 875 e
1626 836 1768 890 quibus
1787 849 1884 875 con-

490 904 656 949 stamus5
688 903 821 942 sanitas
842 904 891 942 fic
911 904 1032 942 animi
1051 904 1206 949 dicitur,
1237 917 1326 942 curn
1348 905 1428 956 ejus
1445 903 1593 956 judicia
1611 901 1887 956 opinionesque

467 971 737 1010 ‘concordant.
783 971 916 1023 anue
946 970 1066 1009 animi
1097 971 1148 1009 est
1174 971 1294 1009 virtus
1309 989 1321 1016 ;
1352 984 1471 1023 quam
1501 971 1566 1009 alii
1594 969 1716 1023 ipsam
1735 979 1886 1022 tempe-

492 1037 654 1075 rantiam
680 1037 816 1075 dicunt
845 1036 930 1082 effe,
960 1037 1026 1075 alii
1056 1037 1388 1090 obtemperantem
1423 1036 1682 1089 temperantiae
1714 1047 1885 1088 praecep-

492 1103 555 1148 tis,
586 1112 624 1141 et
652 1116 736 1141 eam
757 1102 1062 1155 subsequentem,
1092 1116 1162 1141 nec
1192 1102 1400 1141 habentem
1422 1103 1544 1141 ullam
1563 1102 1731 1155 speciem
1749 1101 1882 1140 suam:

492 1167 554 1207 sed
587 1169 660 1208 five
689 1167 778 1214 hoc,
810 1168 883 1207 five
914 1168 1012 1207 illud
1045 1167 1104 1214 fit,
1146 1169 1186 1207 in
1217 1168 1296 1208 solo
1328 1167 1399 1207 effe
1429 1168 1607 1221 sapiente.
1657 1167 1726 1207 Est
1755 1176 1886 1206 autem

492 1234 668 1287 quaedam
697 1233 818 1271 animi
848 1233 997 1278 sanitas,
1032 1247 1117 1285 quae
1149 1234 1188 1271 in
1220 1234 1462 1286 infipientem
1492 1234 1609 1272 etiam
1641 1233 1764 1279 cadat,
1794 1231 1887 1271 cum

478 1300 687 1338 .curatione
707 1298 949 1337 medicorum
979 1298 1223 1337 conturbatio
1242 1299 1382 1336 mentis
1411 1297 1594 1337 aufertur.
1637 1299 1705 1344 Et,
1736 1307 1781 1337 ut
1798 1312 1886 1337 eor-

490 1365 594 1417 poris
614 1364 667 1402 est
687 1363 863 1416 quaedam
893 1373 980 1416 apta
1010 1363 1131 1416 figura
1150 1364 1431 1408 membrorum,
1452 1377 1545 1402 curn
1563 1363 1702 1402 coloris
1722 1364 1890 1417 quadam

491 1430 683 1475 suavitate,
714 1443 832 1482 eaque
862 1429 1004 1468 dicitur
1035 1428 1314 1482 pulchritud0;
1346 1429 1396 1467 fic
1418 1429 1459 1468 in
1480 1429 1624 1474 animo,
1650 1429 1887 1482 opinionum

487 1496 805 1548 judiciorumque
825 1495 1061 1547 aequabilitas
1089 1505 1126 1533 et
1146 1495 1368 1540 constantia,
1400 1508 1492 1534 cum
1512 1495 1695 1534 firmitate
1722 1495 1887 1548 quadarn

491 1571 529 1600 et
549 1561 750 1600 stabilitate
769 1561 954 1599 virtutem
985 1561 1229 1614 subsequens,
1260 1571 1324 1599 aut
1346 1562 1497 1599 virtutis
1528 1562 1609 1599 vim
1639 1561 1760 1614 ipsam
1790 1575 1887 1601 con-

492 1628 632 1673 tinens,
663 1625 914 1680 pulchritudo
944 1636 1114 1665 vocatur.
1157 1628 1335 1679 Itemque
1363 1627 1508 1665 viribus
1527 1627 1710 1680 corporis,
1741 1636 1779 1665 et
1799 1640 1886 1666 ner·

491 1694 563 1739 vis,
593 1702 631 1731 et
660 1692 878 1730 efficacitati
912 1692 1066 1737 similes,
1097 1692 1287 1731 similibus
1307 1705 1463 1745 quoque
1489 1692 1612 1731 verbis
1642 1692 1762 1730 animi
1788 1693 1885 1732 vires

492 1760 754 1798 nominantur.
786 1757 980 1796 velocitas
995 1766 1124 1796 autem
1144 1759 1329 1811 corporis,
1350 1759 1520 1797 celeritas
1539 1758 1753 1812 appellatur
1767 1777 1779 1805 ς
1803 1773 1887 1812 quae

492 1825 623 1864 eadem
643 1824 789 1878 ingenii
819 1823 936 1862 etiam
955 1823 1036 1862 laus
1055 1822 1231 1869 habetur,
1261 1833 1417 1878 propter
1436 1825 1557 1863 animi
1587 1824 1800 1863 multarum
1825 1839 1885 1864 re·

491 1905 579 1930 rum
599 1891 705 1930 brevi
725 1899 898 1943 tempore
918 1889 1212 1942 percursionem.

548 1957 659 1995 XIV.
692 1955 796 1995 Illud
825 1955 1045 1993 animorum
1076 1969 1359 2008 corporumque
1392 1955 1570 1995 diffimile
1586 1975 1597 2001 ς
1635 1955 1740 2009 quod
1766 1956 1888 1994 animi

493 2023 659 2060 valentes
681 2021 818 2059 morbo
838 2020 974 2058 tentari
995 2033 1071 2059 non
1092 2020 1244 2073 possunt
1255 2039 1267 2066 5
1289 2034 1446 2073 corpora
1466 2021 1631 2073 possunt.
1655 2021 1726 2058 Sed
1746 2034 1886 2073 corpo—

494 2101 582 2126 rum
601 2086 825 2126 offenfiones
842 2086 916 2124 fine
936 2086 1050 2140 culpa
1068 2086 1236 2124 accidere
1251 2085 1417 2139 poffunt,
1434 2088 1654 2125 animorum
1671 2099 1747 2125 non
1764 2087 1858 2124 item
1872 2105 1884 2131 ;

494 2167 662 2206 quorum
693 2165 826 2191 omnes
857 2152 984 2190 morbi
1018 2161 1055 2190 et
1086 2152 1386 2205 perturbationes
1413 2166 1461 2190 ex
1490 2152 1747 2205 aspernatione
1770 2152 1887 2190 ratio-

495 2221 553 2258 nis
572 2219 765 2258 eveniunt.
810 2219 944 2270 Itaque
965 2218 1004 2255 in
1025 2216 1251 2256 hominibus
1272 2217 1395 2256 solum
1415 2218 1593 2257 existunt.
1636 2217 1742 2257 Nam
1763 2217 1889 2257 bestiae

496 2285 617 2324 fimile
653 2284 837 2338 quiddam
870 2283 1031 2328 faciunt,
1076 2283 1137 2322 scd
1173 2285 1211 2323 in
1247 2285 1548 2338 perturbationes
1582 2298 1660 2323 non
1693 2284 1885 2323 incidunt.

497 2353 600 2390 Inter
631 2359 762 2390 acutos
795 2360 924 2389 autern
955 2359 993 2388 et
1027 2348 1182 2388 hebetes
1214 2351 1380 2395 interest,
1411 2351 1517 2403 quod
1547 2350 1743 2404 ingeniosi,
1777 2360 1819 2389 ut
1840 2363 1887 2389 aes

496 2417 748 2457 Corinthium
769 2416 808 2455 in
830 2417 1053 2469 aeruginem,
1072 2415 1119 2454 slc
1139 2416 1196 2454 illi
1217 2417 1255 2455 in
1277 2417 1459 2455 morbum
1480 2426 1517 2455 et
1537 2417 1714 2455 incidunt
1731 2417 1886 2462 tardius,

495 2493 532 2521 et
566 2493 778 2522 recreantur
806 2496 952 2534 ocyus;
983 2481 1138 2520 hebetes
1170 2496 1245 2521 non
1278 2482 1386 2521 item.
1437 2483 1522 2521 Nec
1555 2497 1642 2522 vero
1668 2483 1707 2521 in
1728 2495 1888 2521 omnem

497 2550 678 2588 morbum
710 2563 752 2588 ac
774 2548 1099 2602 perturbationem
1130 2549 1281 2587 animus
1302 2549 1483 2602 ingenioli
1504 2549 1618 2587 cadit.
1669 2549 1763 2587 Non
1781 2548 1886 2586 enim

497 2614 619 2653 multa
637 2614 788 2654 efferata
807 2625 844 2654 et
864 2615 1047 2654 immania
1065 2629 1074 2653 ε
1107 2614 1282 2668 quaedam
1313 2624 1441 2654 autem
1461 2613 1710 2654 humanitatis
1731 2626 1886 2667 quoque
