<?xml version="1.0" encoding="UTF-8"?>
<!DOCTYPE html PUBLIC "-//W3C//DTD XHTML 1.0 Transitional//EN"
    "http://www.w3.org/TR/xhtml1/DTD/xhtml1-transitional.dtd">
<html xmlns="http://www.w3.org/1999/xhtml" xml:lang="en" lang="en">
 <head>
  <title>
</title>
<meta http-equiv="Content-Type" content="text/html;charset=utf-8" />
  <meta name='ocr-system' content='tesseract 3.04.00' />
  <meta name='ocr-capabilities' content='ocr_page ocr_carea ocr_par ocr_line ocrx_word'/>
</head>
<body>
  <div class='ocr_page' id='page_1' title='image "./operacumindicibu02ciceuoft_0501.png"; bbox 0 0 2330 2983; ppageno 0'>
   <div class='ocr_carea' id='block_1_1' title="bbox 689 277 1764 335">
    <p class='ocr_par' dir='ltr' id='par_1_1' title="bbox 689 277 1764 335">
     <span class='ocr_line' id='line_1_1' title="bbox 689 277 1764 335; baseline -0.002 -16"><span class='ocrx_word' id='word_1_1' title='bbox 689 279 966 319; x_wconf 86' lang='lat' dir='ltr'>LIBER</span> <span class='ocrx_word' id='word_1_2' title='bbox 1022 277 1444 318; x_wconf 84' lang='lat' dir='ltr'><strong>TERTIUS.</strong></span> <span class='ocrx_word' id='word_1_3' title='bbox 1684 294 1764 335; x_wconf 78' lang='lat'>493</span> 
     </span>
    </p>
   </div>
   <div class='ocr_carea' id='block_1_2' title="bbox 367 378 1789 2267">
    <p class='ocr_par' dir='ltr' id='par_1_2' title="bbox 367 378 1769 892">
     <span class='ocr_line' id='line_1_2' title="bbox 427 378 1764 433; baseline 0 -13"><span class='ocrx_word' id='word_1_4' title='bbox 427 382 521 420; x_wconf 92' lang='lat' dir='ltr'><strong>VII.</strong></span> <span class='ocrx_word' id='word_1_5' title='bbox 556 380 651 419; x_wconf 90' lang='lat' dir='ltr'>Non</span> <span class='ocrx_word' id='word_1_6' title='bbox 682 379 803 433; x_wconf 87' lang='lat' dir='ltr'>igitur</span> <span class='ocrx_word' id='word_1_7' title='bbox 832 378 970 425; x_wconf 89' lang='lat' dir='ltr'>adhuc,</span> <span class='ocrx_word' id='word_1_8' title='bbox 997 389 1188 432; x_wconf 84' lang='lat' dir='ltr'>quantum</span> <span class='ocrx_word' id='word_1_9' title='bbox 1217 380 1376 432; x_wconf 89' lang='lat' dir='ltr'>quidem</span> <span class='ocrx_word' id='word_1_10' title='bbox 1406 381 1447 419; x_wconf 90' lang='lat' dir='ltr'>in</span> <span class='ocrx_word' id='word_1_11' title='bbox 1468 389 1517 427; x_wconf 91' lang='lat' dir='ltr'>te,</span> <span class='ocrx_word' id='word_1_12' title='bbox 1546 381 1675 426; x_wconf 89' lang='lat' dir='ltr'>Balbe,</span> <span class='ocrx_word' id='word_1_13' title='bbox 1697 382 1764 426; x_wconf 89' lang='lat' dir='ltr'>est,</span> 
     </span>
     <span class='ocr_line' id='line_1_3' title="bbox 374 445 1768 498; baseline 0 -12"><span class='ocrx_word' id='word_1_14' title='bbox 374 447 549 498; x_wconf 89' lang='lat' dir='ltr'>intelligo</span> <span class='ocrx_word' id='word_1_15' title='bbox 569 447 672 484; x_wconf 86' lang='lat' dir='ltr'>Deos</span> <span class='ocrx_word' id='word_1_16' title='bbox 692 445 789 490; x_wconf 77' lang='lat' dir='ltr'>efi‘e3</span> <span class='ocrx_word' id='word_1_17' title='bbox 820 458 917 498; x_wconf 89' lang='lat' dir='ltr'>quos</span> <span class='ocrx_word' id='word_1_18' title='bbox 937 446 1118 498; x_wconf 87' lang='lat' dir='ltr'>equidem</span> <span class='ocrx_word' id='word_1_19' title='bbox 1149 446 1262 484; x_wconf 91' lang='lat' dir='ltr'>credo</span> <span class='ocrx_word' id='word_1_20' title='bbox 1295 445 1380 491; x_wconf 85' lang='lat' dir='ltr'>effe,</span> <span class='ocrx_word' id='word_1_21' title='bbox 1411 446 1473 484; x_wconf 89' lang='lat' dir='ltr'>sed</span> <span class='ocrx_word' id='word_1_22' title='bbox 1498 446 1598 485; x_wconf 89' lang='lat' dir='ltr'>nihil</span> <span class='ocrx_word' id='word_1_23' title='bbox 1629 448 1768 486; x_wconf 85' lang='lat' dir='ltr'>docent</span> 
     </span>
     <span class='ocr_line' id='line_1_4' title="bbox 375 509 1769 562; baseline 0 -11"><span class='ocrx_word' id='word_1_24' title='bbox 375 512 506 551; x_wconf 87' lang='lat' dir='ltr'>Stoici.</span> <span class='ocrx_word' id='word_1_25' title='bbox 550 511 656 550; x_wconf 91' lang='lat' dir='ltr'>Nam</span> <span class='ocrx_word' id='word_1_26' title='bbox 676 509 896 555; x_wconf 84' lang='lat' dir='ltr'>Cleanthes,</span> <span class='ocrx_word' id='word_1_27' title='bbox 929 519 972 548; x_wconf 87' lang='lat' dir='ltr'>ut</span> <span class='ocrx_word' id='word_1_28' title='bbox 992 511 1155 555; x_wconf 86' lang='lat' dir='ltr'>dicebas,</span> <span class='ocrx_word' id='word_1_29' title='bbox 1183 519 1348 562; x_wconf 87' lang='lat' dir='ltr'>quatuor</span> <span class='ocrx_word' id='word_1_30' title='bbox 1373 512 1498 550; x_wconf 86' lang='lat' dir='ltr'>modis</span> <span class='ocrx_word' id='word_1_31' title='bbox 1518 511 1698 551; x_wconf 88' lang='lat' dir='ltr'>formatas</span> <span class='ocrx_word' id='word_1_32' title='bbox 1728 513 1769 550; x_wconf 90' lang='lat' dir='ltr'>in</span> 
     </span>
     <span class='ocr_line' id='line_1_5' title="bbox 375 575 1767 628; baseline 0.001 -13"><span class='ocrx_word' id='word_1_33' title='bbox 375 577 512 616; x_wconf 86' lang='lat' dir='ltr'>animis</span> <span class='ocrx_word' id='word_1_34' title='bbox 532 575 740 614; x_wconf 89' lang='lat' dir='ltr'>hominum</span> <span class='ocrx_word' id='word_1_35' title='bbox 756 585 866 628; x_wconf 85' lang='lat' dir='ltr'>putat</span> <span class='ocrx_word' id='word_1_36' title='bbox 882 576 1057 614; x_wconf 87' lang='lat' dir='ltr'>Deorum</span> <span class='ocrx_word' id='word_1_37' title='bbox 1073 575 1144 613; x_wconf 86' lang='lat' dir='ltr'>effe</span> <span class='ocrx_word' id='word_1_38' title='bbox 1160 576 1349 614; x_wconf 90' lang='lat' dir='ltr'>notiones.</span> <span class='ocrx_word' id='word_1_39' title='bbox 1373 577 1485 614; x_wconf 91' lang='lat' dir='ltr'>Unus</span> <span class='ocrx_word' id='word_1_40' title='bbox 1499 578 1529 615; x_wconf 90' lang='lat' dir='ltr'>is</span> <span class='ocrx_word' id='word_1_41' title='bbox 1547 578 1685 616; x_wconf 85' lang='lat' dir='ltr'>modus</span> <span class='ocrx_word' id='word_1_42' title='bbox 1701 579 1767 623; x_wconf 91' lang='lat' dir='ltr'>est,</span> 
     </span>
     <span class='ocr_line' id='line_1_6' title="bbox 367 641 1768 695; baseline 0 -14"><span class='ocrx_word' id='word_1_43' title='bbox 367 644 422 681; x_wconf 73' lang='lat' dir='ltr'>&#39;de</span> <span class='ocrx_word' id='word_1_44' title='bbox 442 656 520 694; x_wconf 93' lang='lat' dir='ltr'>quo</span> <span class='ocrx_word' id='word_1_45' title='bbox 540 642 624 680; x_wconf 89' lang='lat' dir='ltr'>satis</span> <span class='ocrx_word' id='word_1_46' title='bbox 644 642 738 687; x_wconf 85' lang='lat' dir='ltr'>dixi,</span> <span class='ocrx_word' id='word_1_47' title='bbox 760 642 828 695; x_wconf 90' lang='lat' dir='ltr'>qui</span> <span class='ocrx_word' id='word_1_48' title='bbox 848 642 901 680; x_wconf 90' lang='lat' dir='ltr'>est</span> <span class='ocrx_word' id='word_1_49' title='bbox 926 641 1118 695; x_wconf 91' lang='lat' dir='ltr'>susceptus</span> <span class='ocrx_word' id='word_1_50' title='bbox 1139 655 1185 680; x_wconf 92' lang='lat' dir='ltr'>ex</span> <span class='ocrx_word' id='word_1_51' title='bbox 1215 642 1458 695; x_wconf 85' lang='lat' dir='ltr'>praesenfione</span> <span class='ocrx_word' id='word_1_52' title='bbox 1474 656 1599 681; x_wconf 86' lang='lat' dir='ltr'>rerum</span> <span class='ocrx_word' id='word_1_53' title='bbox 1619 642 1768 681; x_wconf 90' lang='lat' dir='ltr'>futura-</span> 
     </span>
     <span class='ocr_line' id='line_1_7' title="bbox 376 707 1769 761; baseline 0 -15"><span class='ocrx_word' id='word_1_54' title='bbox 376 722 477 746; x_wconf 90' lang='lat' dir='ltr'><strong>rum.</strong></span> <span class='ocrx_word' id='word_1_55' title='bbox 522 708 633 746; x_wconf 92' lang='lat' dir='ltr'>Alter</span> <span class='ocrx_word' id='word_1_56' title='bbox 652 721 699 746; x_wconf 89' lang='lat' dir='ltr'>ex</span> <span class='ocrx_word' id='word_1_57' title='bbox 717 707 1068 760; x_wconf 85' lang='lat' dir='ltr'>perturbationibus</span> <span class='ocrx_word' id='word_1_58' title='bbox 1099 707 1384 761; x_wconf 88' lang='lat' dir='ltr'>tempestatum,</span> <span class='ocrx_word' id='word_1_59' title='bbox 1404 717 1443 746; x_wconf 88' lang='lat' dir='ltr'>et</span> <span class='ocrx_word' id='word_1_60' title='bbox 1462 709 1618 761; x_wconf 88' lang='lat' dir='ltr'>reliquis</span> <span class='ocrx_word' id='word_1_61' title='bbox 1649 709 1769 747; x_wconf 92' lang='lat' dir='ltr'>moti-</span> 
     </span>
     <span class='ocr_line' id='line_1_8' title="bbox 376 773 1769 828; baseline 0.001 -16"><span class='ocrx_word' id='word_1_62' title='bbox 376 774 463 812; x_wconf 90' lang='lat' dir='ltr'>bus.</span> <span class='ocrx_word' id='word_1_63' title='bbox 495 774 652 812; x_wconf 90' lang='lat' dir='ltr'>Tertius</span> <span class='ocrx_word' id='word_1_64' title='bbox 672 787 719 811; x_wconf 89' lang='lat' dir='ltr'>ex</span> <span class='ocrx_word' id='word_1_65' title='bbox 738 773 1017 812; x_wconf 87' lang='lat' dir='ltr'>commoditate</span> <span class='ocrx_word' id='word_1_66' title='bbox 1037 787 1177 818; x_wconf 91' lang='lat' dir='ltr'>rerum,</span> <span class='ocrx_word' id='word_1_67' title='bbox 1210 787 1303 826; x_wconf 91' lang='lat' dir='ltr'>quas</span> <span class='ocrx_word' id='word_1_68' title='bbox 1323 774 1572 828; x_wconf 83' lang='lat' dir='ltr'>percipimus,</span> <span class='ocrx_word' id='word_1_69' title='bbox 1591 784 1628 813; x_wconf 90' lang='lat' dir='ltr'>et</span> <span class='ocrx_word' id='word_1_70' title='bbox 1646 776 1769 828; x_wconf 86' lang='lat' dir='ltr'>copia.</span> 
     </span>
     <span class='ocr_line' id='line_1_9' title="bbox 378 839 1409 892; baseline 0.001 -14"><span class='ocrx_word' id='word_1_71' title='bbox 378 841 550 891; x_wconf 84' lang='lat' dir='ltr'>Qartus</span> <span class='ocrx_word' id='word_1_72' title='bbox 570 853 618 878; x_wconf 83' lang='lat' dir='ltr'>ex</span> <span class='ocrx_word' id='word_1_73' title='bbox 637 839 821 878; x_wconf 89' lang='lat' dir='ltr'>astrorum</span> <span class='ocrx_word' id='word_1_74' title='bbox 838 839 985 884; x_wconf 89' lang='lat' dir='ltr'>ordine,</span> <span class='ocrx_word' id='word_1_75' title='bbox 1007 839 1167 892; x_wconf 84' lang='lat' dir='ltr'>caelique</span> <span class='ocrx_word' id='word_1_76' title='bbox 1186 840 1409 879; x_wconf 89' lang='lat' dir='ltr'>constantia.</span> 
     </span>
    </p>

    <p class='ocr_par' dir='ltr' id='par_1_3' title="bbox 379 904 1775 1219">
     <span class='ocr_line' id='line_1_10' title="bbox 434 904 1774 957; baseline 0.001 -15"><span class='ocrx_word' id='word_1_77' title='bbox 434 906 496 943; x_wconf 91' lang='lat' dir='ltr'>De</span> <span class='ocrx_word' id='word_1_78' title='bbox 516 904 757 957; x_wconf 75' lang='lat' dir='ltr'>praesensione</span> <span class='ocrx_word' id='word_1_79' title='bbox 777 905 962 943; x_wconf 85' lang='lat' dir='ltr'>diximus.</span> <span class='ocrx_word' id='word_1_80' title='bbox 1009 905 1069 942; x_wconf 93' lang='lat' dir='ltr'>De</span> <span class='ocrx_word' id='word_1_81' title='bbox 1098 905 1448 957; x_wconf 89' lang='lat' dir='ltr'>perturbationibus</span> <span class='ocrx_word' id='word_1_82' title='bbox 1481 905 1705 950; x_wconf 88' lang='lat' dir='ltr'>caelestibus‚</span> <span class='ocrx_word' id='word_1_83' title='bbox 1735 915 1774 944; x_wconf 91' lang='lat' dir='ltr'>et</span> 
     </span>
     <span class='ocr_line' id='line_1_11' title="bbox 379 969 1773 1023; baseline 0.001 -14"><span class='ocrx_word' id='word_1_84' title='bbox 379 971 598 1014; x_wconf 85' lang='lat' dir='ltr'>maritimis,</span> <span class='ocrx_word' id='word_1_85' title='bbox 630 980 668 1008; x_wconf 91' lang='lat' dir='ltr'>et</span> <span class='ocrx_word' id='word_1_86' title='bbox 688 971 858 1015; x_wconf 85' lang='lat' dir='ltr'>terrenis,</span> <span class='ocrx_word' id='word_1_87' title='bbox 890 983 967 1008; x_wconf 89' lang='lat' dir='ltr'>non</span> <span class='ocrx_word' id='word_1_88' title='bbox 987 969 1182 1023; x_wconf 82' lang='lat' dir='ltr'>poffumus</span> <span class='ocrx_word' id='word_1_89' title='bbox 1203 970 1342 1016; x_wconf 92' lang='lat' dir='ltr'>dicere,</span> <span class='ocrx_word' id='word_1_90' title='bbox 1373 985 1465 1009; x_wconf 92' lang='lat' dir='ltr'>cum</span> <span class='ocrx_word' id='word_1_91' title='bbox 1485 985 1527 1009; x_wconf 88' lang='lat' dir='ltr'>ea</span> <span class='ocrx_word' id='word_1_92' title='bbox 1557 971 1663 1016; x_wconf 91' lang='lat' dir='ltr'>fiant,</span> <span class='ocrx_word' id='word_1_93' title='bbox 1695 985 1773 1010; x_wconf 86' lang='lat' dir='ltr'>non</span> 
     </span>
     <span class='ocr_line' id='line_1_12' title="bbox 379 1035 1774 1088; baseline 0.001 -15"><span class='ocrx_word' id='word_1_94' title='bbox 379 1035 450 1073; x_wconf 79' lang='lat' dir='ltr'>efl‘e</span> <span class='ocrx_word' id='word_1_95' title='bbox 471 1035 629 1080; x_wconf 90' lang='lat' dir='ltr'>multos,</span> <span class='ocrx_word' id='word_1_96' title='bbox 650 1036 718 1088; x_wconf 88' lang='lat' dir='ltr'>qui</span> <span class='ocrx_word' id='word_1_97' title='bbox 737 1035 804 1073; x_wconf 90' lang='lat' dir='ltr'>illa</span> <span class='ocrx_word' id='word_1_98' title='bbox 823 1044 1011 1080; x_wconf 90' lang='lat' dir='ltr'>metuant,</span> <span class='ocrx_word' id='word_1_99' title='bbox 1033 1044 1070 1074; x_wconf 89' lang='lat' dir='ltr'>et</span> <span class='ocrx_word' id='word_1_100' title='bbox 1089 1049 1110 1073; x_wconf 90' lang='lat' dir='ltr'>a</span> <span class='ocrx_word' id='word_1_101' title='bbox 1128 1036 1217 1074; x_wconf 90' lang='lat' dir='ltr'>Diis</span> <span class='ocrx_word' id='word_1_102' title='bbox 1237 1036 1522 1074; x_wconf 88' lang='lat' dir='ltr'>immortalibus</span> <span class='ocrx_word' id='word_1_103' title='bbox 1543 1036 1625 1074; x_wconf 90' lang='lat' dir='ltr'>fieri</span> <span class='ocrx_word' id='word_1_104' title='bbox 1644 1036 1774 1075; x_wconf 87' lang='lat' dir='ltr'>existi-</span> 
     </span>
     <span class='ocr_line' id='line_1_13' title="bbox 379 1101 1775 1154; baseline 0.001 -15"><span class='ocrx_word' id='word_1_105' title='bbox 379 1111 502 1139; x_wconf 87' lang='lat' dir='ltr'>ment.</span> <span class='ocrx_word' id='word_1_106' title='bbox 534 1102 606 1139; x_wconf 89' lang='lat' dir='ltr'>Sed</span> <span class='ocrx_word' id='word_1_107' title='bbox 626 1115 702 1140; x_wconf 92' lang='lat' dir='ltr'>non</span> <span class='ocrx_word' id='word_1_108' title='bbox 722 1102 762 1139; x_wconf 87' lang='lat' dir='ltr'>id</span> <span class='ocrx_word' id='word_1_109' title='bbox 781 1103 976 1154; x_wconf 86' lang='lat' dir='ltr'>quaeritur,</span> <span class='ocrx_word' id='word_1_110' title='bbox 998 1102 1147 1153; x_wconf 87' lang='lat' dir='ltr'>fintque</span> <span class='ocrx_word' id='word_1_111' title='bbox 1166 1102 1301 1153; x_wconf 91' lang='lat' dir='ltr'>aliqui,</span> <span class='ocrx_word' id='word_1_112' title='bbox 1321 1102 1390 1154; x_wconf 90' lang='lat' dir='ltr'>qui</span> <span class='ocrx_word' id='word_1_113' title='bbox 1406 1103 1511 1140; x_wconf 89' lang='lat' dir='ltr'>Deos</span> <span class='ocrx_word' id='word_1_114' title='bbox 1531 1101 1602 1140; x_wconf 87' lang='lat' dir='ltr'>esse</span> <span class='ocrx_word' id='word_1_115' title='bbox 1616 1111 1753 1154; x_wconf 89' lang='lat' dir='ltr'>putent</span> <span class='ocrx_word' id='word_1_116' title='bbox 1760 1120 1775 1147; x_wconf 86' lang='lat'>;</span> 
     </span>
     <span class='ocr_line' id='line_1_14' title="bbox 381 1167 1078 1219; baseline -0.001 -14"><span class='ocrx_word' id='word_1_117' title='bbox 381 1167 451 1205; x_wconf 91' lang='lat' dir='ltr'>Dii</span> <span class='ocrx_word' id='word_1_118' title='bbox 472 1177 603 1206; x_wconf 87' lang='lat' dir='ltr'>utrum</span> <span class='ocrx_word' id='word_1_119' title='bbox 620 1168 704 1212; x_wconf 91' lang='lat' dir='ltr'>s1nt‚</span> <span class='ocrx_word' id='word_1_120' title='bbox 727 1180 860 1211; x_wconf 89' lang='lat' dir='ltr'>necne,</span> <span class='ocrx_word' id='word_1_121' title='bbox 881 1167 1078 1219; x_wconf 88' lang='lat' dir='ltr'>quaeritur.</span> 
     </span>
    </p>

    <p class='ocr_par' dir='ltr' id='par_1_4' title="bbox 381 1231 1789 2267">
     <span class='ocr_line' id='line_1_15' title="bbox 436 1231 1779 1285; baseline -0.001 -14"><span class='ocrx_word' id='word_1_122' title='bbox 436 1233 544 1271; x_wconf 91' lang='lat' dir='ltr'>Nam</span> <span class='ocrx_word' id='word_1_123' title='bbox 574 1233 729 1285; x_wconf 83' lang='lat' dir='ltr'>reliquae</span> <span class='ocrx_word' id='word_1_124' title='bbox 755 1232 886 1277; x_wconf 84' lang='lat' dir='ltr'>causae,</span> <span class='ocrx_word' id='word_1_125' title='bbox 916 1245 1009 1284; x_wconf 87' lang='lat' dir='ltr'>quas</span> <span class='ocrx_word' id='word_1_126' title='bbox 1041 1231 1247 1270; x_wconf 86' lang='lat' dir='ltr'>Cleanthes</span> <span class='ocrx_word' id='word_1_127' title='bbox 1273 1231 1395 1277; x_wconf 83' lang='lat' dir='ltr'>affert,</span> <span class='ocrx_word' id='word_1_128' title='bbox 1429 1233 1610 1285; x_wconf 86' lang='lat' dir='ltr'>(quarum</span> <span class='ocrx_word' id='word_1_129' title='bbox 1633 1246 1706 1271; x_wconf 91' lang='lat' dir='ltr'>una</span> <span class='ocrx_word' id='word_1_130' title='bbox 1725 1233 1779 1270; x_wconf 87' lang='lat' dir='ltr'>est</span> 
     </span>
     <span class='ocr_line' id='line_1_16' title="bbox 381 1297 1777 1350; baseline 0 -14"><span class='ocrx_word' id='word_1_131' title='bbox 381 1298 428 1336; x_wconf 91' lang='lat' dir='ltr'>de</span> <span class='ocrx_word' id='word_1_132' title='bbox 462 1299 773 1341; x_wconf 88' lang='lat' dir='ltr'>commodorum,</span> <span class='ocrx_word' id='word_1_133' title='bbox 805 1311 889 1349; x_wconf 86' lang='lat' dir='ltr'>quae</span> <span class='ocrx_word' id='word_1_134' title='bbox 923 1297 1110 1349; x_wconf 89' lang='lat' dir='ltr'>capimus,</span> <span class='ocrx_word' id='word_1_135' title='bbox 1152 1297 1263 1350; x_wconf 64' lang='lat' dir='ltr'>copia</span> <span class='ocrx_word' id='word_1_136' title='bbox 1279 1315 1291 1342; x_wconf 78' lang='lat'>3</span> <span class='ocrx_word' id='word_1_137' title='bbox 1334 1297 1448 1335; x_wconf 90' lang='lat' dir='ltr'>altera</span> <span class='ocrx_word' id='word_1_138' title='bbox 1477 1297 1525 1335; x_wconf 90' lang='lat' dir='ltr'>de</span> <span class='ocrx_word' id='word_1_139' title='bbox 1555 1306 1777 1350; x_wconf 90' lang='lat' dir='ltr'>temporum</span> 
     </span>
     <span class='ocr_line' id='line_1_17' title="bbox 383 1363 1780 1415; baseline -0.001 -13"><span class='ocrx_word' id='word_1_140' title='bbox 383 1365 529 1409; x_wconf 89' lang='lat' dir='ltr'>ordine,</span> <span class='ocrx_word' id='word_1_141' title='bbox 562 1363 722 1415; x_wconf 86' lang='lat' dir='ltr'>caelique</span> <span class='ocrx_word' id='word_1_142' title='bbox 753 1363 978 1413; x_wconf 83' lang='lat' dir='ltr'>constantia)</span> <span class='ocrx_word' id='word_1_143' title='bbox 1016 1372 1101 1400; x_wconf 88' lang='lat' dir='ltr'>tum</span> <span class='ocrx_word' id='word_1_144' title='bbox 1122 1363 1384 1401; x_wconf 60' lang='lat' dir='ltr'>tradtabuntur</span> <span class='ocrx_word' id='word_1_145' title='bbox 1405 1376 1426 1400; x_wconf 90' lang='lat' dir='ltr'>a</span> <span class='ocrx_word' id='word_1_146' title='bbox 1448 1364 1574 1409; x_wconf 90' lang='lat' dir='ltr'>nobis,</span> <span class='ocrx_word' id='word_1_147' title='bbox 1604 1378 1699 1402; x_wconf 86' lang='lat' dir='ltr'>cum</span> <span class='ocrx_word' id='word_1_148' title='bbox 1731 1364 1780 1402; x_wconf 88' lang='lat' dir='ltr'>de</span> 
     </span>
     <span class='ocr_line' id='line_1_18' title="bbox 384 1429 1778 1482; baseline 0 -14"><span class='ocrx_word' id='word_1_149' title='bbox 384 1430 622 1482; x_wconf 87' lang='lat' dir='ltr'>providentia</span> <span class='ocrx_word' id='word_1_150' title='bbox 641 1431 816 1468; x_wconf 87' lang='lat' dir='ltr'>Deorum</span> <span class='ocrx_word' id='word_1_151' title='bbox 847 1429 1142 1481; x_wconf 84' lang='lat' dir='ltr'>disputabimus,</span> <span class='ocrx_word' id='word_1_152' title='bbox 1174 1429 1220 1466; x_wconf 90' lang='lat' dir='ltr'>de</span> <span class='ocrx_word' id='word_1_153' title='bbox 1249 1443 1325 1481; x_wconf 91' lang='lat' dir='ltr'>qua</span> <span class='ocrx_word' id='word_1_154' title='bbox 1345 1430 1513 1482; x_wconf 90' lang='lat' dir='ltr'>plurima</span> <span class='ocrx_word' id='word_1_155' title='bbox 1531 1443 1552 1468; x_wconf 91' lang='lat' dir='ltr'>a</span> <span class='ocrx_word' id='word_1_156' title='bbox 1573 1439 1623 1475; x_wconf 92' lang='lat' dir='ltr'>te,</span> <span class='ocrx_word' id='word_1_157' title='bbox 1645 1429 1778 1475; x_wconf 83' lang='lat' dir='ltr'>Balbe,</span> 
     </span>
     <span class='ocr_line' id='line_1_19' title="bbox 385 1493 1781 1548; baseline 0 -15"><span class='ocrx_word' id='word_1_158' title='bbox 385 1496 485 1533; x_wconf 58' lang='lat' dir='ltr'>dieta</span> <span class='ocrx_word' id='word_1_159' title='bbox 505 1496 618 1533; x_wconf 86' lang='lat' dir='ltr'>sunt:</span> <span class='ocrx_word' id='word_1_160' title='bbox 650 1495 862 1547; x_wconf 89' lang='lat' dir='ltr'>eodemque</span> <span class='ocrx_word' id='word_1_161' title='bbox 894 1495 959 1532; x_wconf 91' lang='lat' dir='ltr'>illa</span> <span class='ocrx_word' id='word_1_162' title='bbox 978 1495 1094 1533; x_wconf 89' lang='lat' dir='ltr'>etiam</span> <span class='ocrx_word' id='word_1_163' title='bbox 1123 1493 1359 1540; x_wconf 84' lang='lat' dir='ltr'>differemus,</span> <span class='ocrx_word' id='word_1_164' title='bbox 1391 1495 1496 1548; x_wconf 91' lang='lat' dir='ltr'>quod</span> <span class='ocrx_word' id='word_1_165' title='bbox 1517 1495 1781 1548; x_wconf 89' lang='lat' dir='ltr'>Chryfippum</span> 
     </span>
     <span class='ocr_line' id='line_1_20' title="bbox 384 1559 1781 1612; baseline -0.001 -14"><span class='ocrx_word' id='word_1_166' title='bbox 384 1561 510 1598; x_wconf 88' lang='lat' dir='ltr'>dicere</span> <span class='ocrx_word' id='word_1_167' title='bbox 530 1560 667 1605; x_wconf 86' lang='lat' dir='ltr'>aiebas,</span> <span class='ocrx_word' id='word_1_168' title='bbox 698 1561 881 1612; x_wconf 86' lang='lat' dir='ltr'>quoniam</span> <span class='ocrx_word' id='word_1_169' title='bbox 915 1559 1003 1598; x_wconf 81' lang='lat' dir='ltr'>effet</span> <span class='ocrx_word' id='word_1_170' title='bbox 1032 1560 1179 1611; x_wconf 84' lang='lat' dir='ltr'>aliquid</span> <span class='ocrx_word' id='word_1_171' title='bbox 1209 1560 1249 1597; x_wconf 91' lang='lat' dir='ltr'>in</span> <span class='ocrx_word' id='word_1_172' title='bbox 1276 1574 1403 1598; x_wconf 90' lang='lat' dir='ltr'>rerum</span> <span class='ocrx_word' id='word_1_173' title='bbox 1423 1569 1568 1605; x_wconf 86' lang='lat' dir='ltr'>natura,</span> <span class='ocrx_word' id='word_1_174' title='bbox 1599 1560 1704 1612; x_wconf 91' lang='lat' dir='ltr'>quod</span> <span class='ocrx_word' id='word_1_175' title='bbox 1733 1559 1781 1597; x_wconf 91' lang='lat' dir='ltr'>ab</span> 
     </span>
     <span class='ocr_line' id='line_1_21' title="bbox 384 1622 1783 1678; baseline -0.001 -13"><span class='ocrx_word' id='word_1_176' title='bbox 384 1625 546 1665; x_wconf 87' lang='lat' dir='ltr'>homine</span> <span class='ocrx_word' id='word_1_177' title='bbox 565 1625 666 1662; x_wconf 88' lang='lat' dir='ltr'>effici</span> <span class='ocrx_word' id='word_1_178' title='bbox 686 1637 763 1662; x_wconf 92' lang='lat' dir='ltr'>non</span> <span class='ocrx_word' id='word_1_179' title='bbox 782 1623 914 1676; x_wconf 75' lang='lat' dir='ltr'>posset,</span> <span class='ocrx_word' id='word_1_180' title='bbox 943 1622 1015 1661; x_wconf 81' lang='lat' dir='ltr'>effe</span> <span class='ocrx_word' id='word_1_181' title='bbox 1043 1623 1204 1662; x_wconf 90' lang='lat' dir='ltr'>homine</span> <span class='ocrx_word' id='word_1_182' title='bbox 1230 1624 1378 1677; x_wconf 90' lang='lat' dir='ltr'>aliquid</span> <span class='ocrx_word' id='word_1_183' title='bbox 1403 1624 1556 1664; x_wconf 87' lang='lat' dir='ltr'>melius.</span> <span class='ocrx_word' id='word_1_184' title='bbox 1606 1626 1783 1678; x_wconf 87' lang='lat' dir='ltr'>Qaeque</span> 
     </span>
     <span class='ocr_line' id='line_1_22' title="bbox 384 1687 1780 1744; baseline -0.001 -14"><span class='ocrx_word' id='word_1_185' title='bbox 384 1691 427 1729; x_wconf 84' lang='lat' dir='ltr'>in</span> <span class='ocrx_word' id='word_1_186' title='bbox 446 1691 564 1730; x_wconf 90' lang='lat' dir='ltr'>domo</span> <span class='ocrx_word' id='word_1_187' title='bbox 582 1689 744 1744; x_wconf 90' lang='lat' dir='ltr'>pulchra</span> <span class='ocrx_word' id='word_1_188' title='bbox 762 1703 855 1728; x_wconf 90' lang='lat' dir='ltr'>cum</span> <span class='ocrx_word' id='word_1_189' title='bbox 876 1687 1167 1742; x_wconf 85' lang='lat' dir='ltr'>pulchritudine</span> <span class='ocrx_word' id='word_1_190' title='bbox 1187 1690 1325 1728; x_wconf 90' lang='lat' dir='ltr'>mundi</span> <span class='ocrx_word' id='word_1_191' title='bbox 1344 1691 1607 1742; x_wconf 88' lang='lat' dir='ltr'>comparabas,</span> <span class='ocrx_word' id='word_1_192' title='bbox 1629 1701 1669 1729; x_wconf 90' lang='lat' dir='ltr'>et</span> <span class='ocrx_word' id='word_1_193' title='bbox 1687 1705 1780 1730; x_wconf 90' lang='lat' dir='ltr'>cum</span> 
     </span>
     <span class='ocr_line' id='line_1_23' title="bbox 386 1755 1779 1808; baseline -0.001 -12"><span class='ocrx_word' id='word_1_194' title='bbox 386 1758 505 1797; x_wconf 90' lang='lat' dir='ltr'>totius</span> <span class='ocrx_word' id='word_1_195' title='bbox 537 1757 675 1796; x_wconf 88' lang='lat' dir='ltr'>mundi</span> <span class='ocrx_word' id='word_1_196' title='bbox 704 1755 1011 1796; x_wconf 86' lang='lat' dir='ltr'>convenientiam</span> <span class='ocrx_word' id='word_1_197' title='bbox 1038 1756 1341 1808; x_wconf 91' lang='lat' dir='ltr'>consensumque</span> <span class='ocrx_word' id='word_1_198' title='bbox 1366 1756 1559 1801; x_wconf 88' lang='lat' dir='ltr'>afferebas,</span> <span class='ocrx_word' id='word_1_199' title='bbox 1591 1757 1779 1795; x_wconf 91' lang='lat' dir='ltr'>Zenonis-</span> 
     </span>
     <span class='ocr_line' id='line_1_24' title="bbox 385 1821 1780 1876; baseline -0.001 -14"><span class='ocrx_word' id='word_1_200' title='bbox 385 1837 462 1876; x_wconf 87' lang='lat' dir='ltr'>que</span> <span class='ocrx_word' id='word_1_201' title='bbox 488 1824 618 1862; x_wconf 88' lang='lat' dir='ltr'>breves</span> <span class='ocrx_word' id='word_1_202' title='bbox 647 1832 686 1861; x_wconf 83' lang='lat' dir='ltr'>et</span> <span class='ocrx_word' id='word_1_203' title='bbox 719 1822 890 1861; x_wconf 89' lang='lat' dir='ltr'>acutulas</span> <span class='ocrx_word' id='word_1_204' title='bbox 921 1821 1181 1860; x_wconf 69' lang='lat' dir='ltr'>conclusiones</span> <span class='ocrx_word' id='word_1_205' title='bbox 1215 1821 1255 1858; x_wconf 89' lang='lat' dir='ltr'>in</span> <span class='ocrx_word' id='word_1_206' title='bbox 1286 1835 1370 1859; x_wconf 89' lang='lat' dir='ltr'>eam</span> <span class='ocrx_word' id='word_1_207' title='bbox 1401 1831 1547 1874; x_wconf 90' lang='lat' dir='ltr'>partem</span> <span class='ocrx_word' id='word_1_208' title='bbox 1581 1822 1780 1867; x_wconf 89' lang='lat' dir='ltr'>sermonis,</span> 
     </span>
     <span class='ocr_line' id='line_1_25' title="bbox 387 1887 1789 1941; baseline -0.001 -14"><span class='ocrx_word' id='word_1_209' title='bbox 387 1903 506 1941; x_wconf 91' lang='lat' dir='ltr'>quam</span> <span class='ocrx_word' id='word_1_210' title='bbox 537 1889 655 1927; x_wconf 90' lang='lat' dir='ltr'>modo</span> <span class='ocrx_word' id='word_1_211' title='bbox 688 1889 783 1933; x_wconf 86' lang='lat' dir='ltr'>dixi,</span> <span class='ocrx_word' id='word_1_212' title='bbox 817 1887 1052 1926; x_wconf 87' lang='lat' dir='ltr'>differemus.</span> <span class='ocrx_word' id='word_1_213' title='bbox 1085 1887 1312 1938; x_wconf 88' lang='lat' dir='ltr'>Eodemque</span> <span class='ocrx_word' id='word_1_214' title='bbox 1338 1896 1513 1939; x_wconf 91' lang='lat' dir='ltr'>tempore</span> <span class='ocrx_word' id='word_1_215' title='bbox 1542 1887 1608 1926; x_wconf 90' lang='lat' dir='ltr'>illa</span> <span class='ocrx_word' id='word_1_216' title='bbox 1635 1889 1789 1934; x_wconf 68' lang='lat' dir='ltr'>omnia,</span> 
     </span>
     <span class='ocr_line' id='line_1_26' title="bbox 389 1952 1782 2007; baseline 0 -15"><span class='ocrx_word' id='word_1_217' title='bbox 389 1968 474 2007; x_wconf 89' lang='lat' dir='ltr'>quae</span> <span class='ocrx_word' id='word_1_218' title='bbox 493 1967 514 1991; x_wconf 92' lang='lat' dir='ltr'>a</span> <span class='ocrx_word' id='word_1_219' title='bbox 533 1963 570 1992; x_wconf 93' lang='lat' dir='ltr'>te</span> <span class='ocrx_word' id='word_1_220' title='bbox 589 1953 743 2007; x_wconf 91' lang='lat' dir='ltr'>phyfice</span> <span class='ocrx_word' id='word_1_221' title='bbox 762 1954 862 1991; x_wconf 72' lang='lat' dir='ltr'>dic‘ta</span> <span class='ocrx_word' id='word_1_222' title='bbox 882 1953 967 1991; x_wconf 89' lang='lat' dir='ltr'>sunt</span> <span class='ocrx_word' id='word_1_223' title='bbox 995 1953 1042 1990; x_wconf 89' lang='lat' dir='ltr'>de</span> <span class='ocrx_word' id='word_1_224' title='bbox 1062 1953 1099 1991; x_wconf 92' lang='lat' dir='ltr'>vi</span> <span class='ocrx_word' id='word_1_225' title='bbox 1118 1954 1241 2006; x_wconf 86' lang='lat' dir='ltr'>ignea,</span> <span class='ocrx_word' id='word_1_226' title='bbox 1272 1952 1395 2005; x_wconf 87' lang='lat' dir='ltr'>deque</span> <span class='ocrx_word' id='word_1_227' title='bbox 1415 1966 1460 1990; x_wconf 92' lang='lat' dir='ltr'>eo</span> <span class='ocrx_word' id='word_1_228' title='bbox 1478 1953 1614 1998; x_wconf 90' lang='lat' dir='ltr'>calore,</span> <span class='ocrx_word' id='word_1_229' title='bbox 1635 1967 1683 1992; x_wconf 88' lang='lat' dir='ltr'>ex</span> <span class='ocrx_word' id='word_1_230' title='bbox 1704 1967 1782 2006; x_wconf 88' lang='lat' dir='ltr'>quo</span> 
     </span>
     <span class='ocr_line' id='line_1_27' title="bbox 388 2017 1783 2071; baseline 0 -14"><span class='ocrx_word' id='word_1_231' title='bbox 388 2019 521 2058; x_wconf 90' lang='lat' dir='ltr'>omnia</span> <span class='ocrx_word' id='word_1_232' title='bbox 550 2019 718 2071; x_wconf 88' lang='lat' dir='ltr'>generari</span> <span class='ocrx_word' id='word_1_233' title='bbox 737 2018 901 2063; x_wconf 87' lang='lat' dir='ltr'>dicebas,</span> <span class='ocrx_word' id='word_1_234' title='bbox 931 2018 1018 2056; x_wconf 90' lang='lat' dir='ltr'>loco</span> <span class='ocrx_word' id='word_1_235' title='bbox 1038 2017 1103 2056; x_wconf 89' lang='lat' dir='ltr'>suo</span> <span class='ocrx_word' id='word_1_236' title='bbox 1123 2026 1366 2070; x_wconf 86' lang='lat' dir='ltr'>quaerentur:</span> <span class='ocrx_word' id='word_1_237' title='bbox 1398 2018 1619 2070; x_wconf 90' lang='lat' dir='ltr'>omniaque,</span> <span class='ocrx_word' id='word_1_238' title='bbox 1649 2032 1734 2070; x_wconf 87' lang='lat' dir='ltr'>quae</span> <span class='ocrx_word' id='word_1_239' title='bbox 1762 2031 1783 2056; x_wconf 88' lang='lat' dir='ltr'>a</span> 
     </span>
     <span class='ocr_line' id='line_1_28' title="bbox 389 2083 1782 2137; baseline -0.001 -13"><span class='ocrx_word' id='word_1_240' title='bbox 389 2095 428 2125; x_wconf 87' lang='lat' dir='ltr'>te</span> <span class='ocrx_word' id='word_1_241' title='bbox 449 2085 589 2123; x_wconf 90' lang='lat' dir='ltr'>nudius</span> <span class='ocrx_word' id='word_1_242' title='bbox 608 2085 742 2122; x_wconf 89' lang='lat' dir='ltr'>tertius</span> <span class='ocrx_word' id='word_1_243' title='bbox 763 2084 862 2122; x_wconf 69' lang='lat' dir='ltr'>dieta</span> <span class='ocrx_word' id='word_1_244' title='bbox 881 2083 982 2129; x_wconf 89' lang='lat' dir='ltr'>sunt,</span> <span class='ocrx_word' id='word_1_245' title='bbox 1002 2097 1093 2122; x_wconf 91' lang='lat' dir='ltr'>cum</span> <span class='ocrx_word' id='word_1_246' title='bbox 1114 2084 1249 2122; x_wconf 92' lang='lat' dir='ltr'>docere</span> <span class='ocrx_word' id='word_1_247' title='bbox 1270 2083 1383 2122; x_wconf 91' lang='lat' dir='ltr'>velles</span> <span class='ocrx_word' id='word_1_248' title='bbox 1406 2085 1528 2136; x_wconf 90' lang='lat' dir='ltr'>(Deos</span> <span class='ocrx_word' id='word_1_249' title='bbox 1549 2084 1636 2137; x_wconf 82' lang='lat' dir='ltr'>effe)</span> <span class='ocrx_word' id='word_1_250' title='bbox 1665 2098 1782 2137; x_wconf 89' lang='lat' dir='ltr'>quare</span> 
     </span>
     <span class='ocr_line' id='line_1_29' title="bbox 390 2148 1782 2194; baseline -0.001 -6"><span class='ocrx_word' id='word_1_251' title='bbox 390 2161 430 2188; x_wconf 91' lang='lat' dir='ltr'>et</span> <span class='ocrx_word' id='word_1_252' title='bbox 450 2149 617 2188; x_wconf 88' lang='lat' dir='ltr'>mundus</span> <span class='ocrx_word' id='word_1_253' title='bbox 636 2149 844 2194; x_wconf 87' lang='lat' dir='ltr'>universus,</span> <span class='ocrx_word' id='word_1_254' title='bbox 865 2159 905 2187; x_wconf 92' lang='lat' dir='ltr'>et</span> <span class='ocrx_word' id='word_1_255' title='bbox 923 2149 990 2194; x_wconf 91' lang='lat' dir='ltr'>sol,</span> <span class='ocrx_word' id='word_1_256' title='bbox 1008 2159 1045 2186; x_wconf 93' lang='lat' dir='ltr'>et</span> <span class='ocrx_word' id='word_1_257' title='bbox 1064 2149 1168 2193; x_wconf 89' lang='lat' dir='ltr'>luna,</span> <span class='ocrx_word' id='word_1_258' title='bbox 1190 2158 1228 2186; x_wconf 93' lang='lat' dir='ltr'>et</span> <span class='ocrx_word' id='word_1_259' title='bbox 1247 2149 1360 2187; x_wconf 86' lang='lat' dir='ltr'>stellae</span> <span class='ocrx_word' id='word_1_260' title='bbox 1381 2148 1527 2188; x_wconf 91' lang='lat' dir='ltr'>sensum</span> <span class='ocrx_word' id='word_1_261' title='bbox 1548 2163 1589 2188; x_wconf 84' lang='lat' dir='ltr'>ac</span> <span class='ocrx_word' id='word_1_262' title='bbox 1611 2159 1782 2188; x_wconf 90' lang='lat' dir='ltr'>mentem</span> 
     </span>
     <span class='ocr_line' id='line_1_30' title="bbox 391 2214 1780 2267; baseline -0.001 -14"><span class='ocrx_word' id='word_1_263' title='bbox 391 2215 589 2258; x_wconf 85' lang='lat' dir='ltr'>baberent,</span> <span class='ocrx_word' id='word_1_264' title='bbox 621 2215 661 2252; x_wconf 91' lang='lat' dir='ltr'>in</span> <span class='ocrx_word' id='word_1_265' title='bbox 693 2215 798 2252; x_wconf 89' lang='lat' dir='ltr'>idem</span> <span class='ocrx_word' id='word_1_266' title='bbox 824 2223 977 2267; x_wconf 89' lang='lat' dir='ltr'>tempus</span> <span class='ocrx_word' id='word_1_267' title='bbox 1005 2215 1209 2253; x_wconf 87' lang='lat' dir='ltr'>reservabo.</span> <span class='ocrx_word' id='word_1_268' title='bbox 1255 2216 1291 2252; x_wconf 93' lang='lat' dir='ltr'><strong>A</strong></span> <span class='ocrx_word' id='word_1_269' title='bbox 1322 2224 1359 2253; x_wconf 92' lang='lat' dir='ltr'>te</span> <span class='ocrx_word' id='word_1_270' title='bbox 1389 2225 1517 2253; x_wconf 88' lang='lat' dir='ltr'>autem</span> <span class='ocrx_word' id='word_1_271' title='bbox 1549 2215 1652 2253; x_wconf 90' lang='lat' dir='ltr'>idem</span> <span class='ocrx_word' id='word_1_272' title='bbox 1684 2214 1780 2252; x_wconf 89' lang='lat' dir='ltr'>illud</span> 
     </span>
    </p>
   </div>
   <div class='ocr_carea' id='block_1_3' title="bbox 393 2280 1781 2385">
    <p class='ocr_par' dir='ltr' id='par_1_5' title="bbox 393 2280 1781 2385">
     <span class='ocr_line' id='line_1_31' title="bbox 393 2280 1781 2333; baseline -0.001 -15"><span class='ocrx_word' id='word_1_273' title='bbox 393 2282 510 2319; x_wconf 86' lang='lat' dir='ltr'>etiam</span> <span class='ocrx_word' id='word_1_274' title='bbox 540 2289 655 2332; x_wconf 86' lang='lat' dir='ltr'>atque</span> <span class='ocrx_word' id='word_1_275' title='bbox 685 2280 800 2318; x_wconf 89' lang='lat' dir='ltr'>etiam</span> <span class='ocrx_word' id='word_1_276' title='bbox 832 2294 1011 2333; x_wconf 81' lang='lat' dir='ltr'>quaeram,</span> <span class='ocrx_word' id='word_1_277' title='bbox 1047 2281 1189 2332; x_wconf 87' lang='lat' dir='ltr'>quibus</span> <span class='ocrx_word' id='word_1_278' title='bbox 1222 2281 1430 2319; x_wconf 89' lang='lat' dir='ltr'>rationibus</span> <span class='ocrx_word' id='word_1_279' title='bbox 1457 2281 1529 2319; x_wconf 87' lang='lat' dir='ltr'>tibi</span> <span class='ocrx_word' id='word_1_280' title='bbox 1551 2281 1781 2333; x_wconf 87' lang='lat' dir='ltr'>persuadeas,</span> 
     </span>
     <span class='ocr_line' id='line_1_32' title="bbox 396 2345 602 2385; baseline -0.01 0"><span class='ocrx_word' id='word_1_281' title='bbox 396 2347 499 2385; x_wconf 92' lang='lat' dir='ltr'>Deos</span> <span class='ocrx_word' id='word_1_282' title='bbox 518 2345 602 2383; x_wconf 83' lang='lat' dir='ltr'>effe.</span> 
     </span>
    </p>
   </div>
   <div class='ocr_carea' id='block_1_4' title="bbox 395 2408 1784 2660">
    <p class='ocr_par' dir='ltr' id='par_1_6' title="bbox 395 2408 1784 2660">
     <span class='ocr_line' id='line_1_33' title="bbox 441 2408 1783 2463; baseline 0 -15"><span class='ocrx_word' id='word_1_283' title='bbox 441 2411 555 2448; x_wconf 87' lang='lat' dir='ltr'><strong>VIII.</strong></span> <span class='ocrx_word' id='word_1_284' title='bbox 573 2410 683 2448; x_wconf 89' lang='lat' dir='ltr'>Tum</span> <span class='ocrx_word' id='word_1_285' title='bbox 700 2410 853 2455; x_wconf 91' lang='lat' dir='ltr'>Balbus,</span> <span class='ocrx_word' id='word_1_286' title='bbox 871 2410 1066 2463; x_wconf 89' lang='lat' dir='ltr'>Equidem</span> <span class='ocrx_word' id='word_1_287' title='bbox 1081 2411 1242 2449; x_wconf 87' lang='lat' dir='ltr'>attulisse</span> <span class='ocrx_word' id='word_1_288' title='bbox 1259 2411 1418 2449; x_wconf 87' lang='lat' dir='ltr'>rationes</span> <span class='ocrx_word' id='word_1_289' title='bbox 1433 2409 1530 2448; x_wconf 84' lang='lat' dir='ltr'>mihi</span> <span class='ocrx_word' id='word_1_290' title='bbox 1548 2408 1697 2447; x_wconf 89' lang='lat' dir='ltr'>videor:</span> <span class='ocrx_word' id='word_1_291' title='bbox 1721 2409 1783 2448; x_wconf 92' lang='lat' dir='ltr'>sed</span> 
     </span>
     <span class='ocr_line' id='line_1_34' title="bbox 395 2474 1784 2528; baseline -0.002 -14"><span class='ocrx_word' id='word_1_292' title='bbox 395 2489 456 2514; x_wconf 89' lang='lat' dir='ltr'>eas</span> <span class='ocrx_word' id='word_1_293' title='bbox 470 2484 513 2513; x_wconf 88' lang='lat' dir='ltr'>tu</span> <span class='ocrx_word' id='word_1_294' title='bbox 527 2475 580 2513; x_wconf 91' lang='lat' dir='ltr'>ita</span> <span class='ocrx_word' id='word_1_295' title='bbox 594 2474 748 2520; x_wconf 82' lang='lat' dir='ltr'>refellis,</span> <span class='ocrx_word' id='word_1_296' title='bbox 764 2485 820 2520; x_wconf 90' lang='lat' dir='ltr'>ut,</span> <span class='ocrx_word' id='word_1_297' title='bbox 834 2489 925 2514; x_wconf 90' lang='lat' dir='ltr'>cum</span> <span class='ocrx_word' id='word_1_298' title='bbox 941 2489 1003 2514; x_wconf 92' lang='lat' dir='ltr'>me</span> <span class='ocrx_word' id='word_1_299' title='bbox 1020 2477 1315 2528; x_wconf 84' lang='lat' dir='ltr'>interrogaturus</span> <span class='ocrx_word' id='word_1_300' title='bbox 1331 2474 1402 2512; x_wconf 75' lang='lat' dir='ltr'>esse</span> <span class='ocrx_word' id='word_1_301' title='bbox 1415 2475 1576 2519; x_wconf 82' lang='lat' dir='ltr'>videare,</span> <span class='ocrx_word' id='word_1_302' title='bbox 1589 2483 1628 2511; x_wconf 85' lang='lat' dir='ltr'>et</span> <span class='ocrx_word' id='word_1_303' title='bbox 1638 2487 1708 2526; x_wconf 90' lang='lat' dir='ltr'>ego</span> <span class='ocrx_word' id='word_1_304' title='bbox 1720 2488 1784 2512; x_wconf 91' lang='lat' dir='ltr'>me</span> 
     </span>
     <span class='ocr_line' id='line_1_35' title="bbox 397 2540 1782 2593; baseline -0.001 -14"><span class='ocrx_word' id='word_1_305' title='bbox 397 2541 445 2579; x_wconf 90' lang='lat' dir='ltr'>ad</span> <span class='ocrx_word' id='word_1_306' title='bbox 474 2540 777 2592; x_wconf 92' lang='lat' dir='ltr'>respondendum</span> <span class='ocrx_word' id='word_1_307' title='bbox 808 2542 1074 2593; x_wconf 85' lang='lat' dir='ltr'>compararim,</span> <span class='ocrx_word' id='word_1_308' title='bbox 1106 2551 1258 2593; x_wconf 89' lang='lat' dir='ltr'>repente</span> <span class='ocrx_word' id='word_1_309' title='bbox 1287 2549 1426 2578; x_wconf 80' lang='lat' dir='ltr'>avertas</span> <span class='ocrx_word' id='word_1_310' title='bbox 1456 2541 1681 2585; x_wconf 85' lang='lat' dir='ltr'>orationem,</span> <span class='ocrx_word' id='word_1_311' title='bbox 1712 2553 1782 2577; x_wconf 91' lang='lat' dir='ltr'>nec</span> 
     </span>
     <span class='ocr_line' id='line_1_36' title="bbox 398 2605 1782 2660; baseline -0.002 -14"><span class='ocrx_word' id='word_1_312' title='bbox 398 2607 464 2646; x_wconf 89' lang='lat' dir='ltr'>des</span> <span class='ocrx_word' id='word_1_313' title='bbox 484 2605 731 2660; x_wconf 88' lang='lat' dir='ltr'>respondendi</span> <span class='ocrx_word' id='word_1_314' title='bbox 751 2606 896 2646; x_wconf 89' lang='lat' dir='ltr'>locum.</span> <span class='ocrx_word' id='word_1_315' title='bbox 934 2607 1067 2659; x_wconf 89' lang='lat' dir='ltr'>Itaque</span> <span class='ocrx_word' id='word_1_316' title='bbox 1087 2607 1263 2645; x_wconf 83' lang='lat' dir='ltr'>maximae</span> <span class='ocrx_word' id='word_1_317' title='bbox 1292 2619 1347 2644; x_wconf 87' lang='lat' dir='ltr'>res</span> <span class='ocrx_word' id='word_1_318' title='bbox 1368 2607 1489 2644; x_wconf 80' lang='lat' dir='ltr'>tacitae</span> <span class='ocrx_word' id='word_1_319' title='bbox 1508 2605 1782 2658; x_wconf 86' lang='lat' dir='ltr'>praeterierunt,</span> 
     </span>
    </p>
   </div>
  </div>
 </body>
</html>
