2330 2983
626 250 676 290 72
934 232 1708 273 ACADEMICORUM

628 332 808 371 Praeclare
837 331 943 370 enim
975 331 1187 383 explicatur
1213 326 1555 383 Peripateticorum
1586 339 1625 368 et
1644 329 1861 369 Academiae
1880 329 2015 368 veteris

624 398 837 436 annositas.

680 463 901 502 Aristoteles
921 463 1067 516 primus
1088 463 1241 516 species,
1273 475 1365 514 quas
1386 462 1500 515 paulo
1519 471 1605 500 ante
1625 462 1719 506 dixi,
1748 460 2012 500 labefactavit:

626 542 718 582 quas
739 528 900 567 mirifice
921 528 1030 567 Plato
1048 538 1126 566 erat
1146 526 1381 580 amplexatus
1398 546 1410 572 5
1434 537 1475 566 ut
1495 528 1535 565 in
1555 526 1616 566 his
1636 527 1820 579 quiddam
1837 527 2014 565 divinum

625 594 696 632 effe
716 594 870 632 diceret.
2019 582 2021 585 ι

681 659 969 712 Theophrastus
1000 668 1142 702 autem,
1178 659 1236 697 vir
1265 667 1303 696 et
1336 659 1504 696 oratione
1530 657 1663 703 suavis,
1695 667 1734 695 et
1759 657 1812 695 ita
1830 665 2014 700 moratus,

627 735 670 763 ut
700 739 774 778 prae
795 725 830 762 se
849 724 1079 777 probitatem
1101 723 1291 775 quandam
1313 732 1350 760 et
1370 723 1647 775 ingenuitatem
1667 722 1776 768 ferat,
1807 721 2015 760 vehemen-

625 791 701 828 tius
721 791 836 827 etiam
870 788 984 841 fregit
1013 788 1302 839 quodammodo
1321 788 1584 825 auctoritatem
1614 789 1748 825 veteris
1781 787 2012 839 disciplinae:

624 856 797 909 spoliavit
813 855 917 892 enim
933 854 1114 892 virtutem
1135 853 1200 892 suo
1219 853 1367 898 decore,
1383 853 1701 906 imbecillamque
1716 852 1894 896 reddidit,
1912 851 2016 904 quod

624 935 734 973 nega·
748 922 777 958 it
796 921 834 958 in
855 933 897 957 ea
913 918 988 957 sola
1008 919 1172 972 positum
1192 919 1262 957 esse
1281 919 1386 956 beate
1406 919 1544 957 vivere.

679 987 786 1026 Nam
808 987 943 1030 Strato,
969 986 1050 1037 ejus
1070 985 1232 1029 auditor,
1253 999 1475 1037 quanquam
1497 984 1574 1022 fuit
1593 985 1669 1022 acri
1687 984 1857 1037 ingenio,
1887 993 2016 1022 tamen

623 1053 671 1091 ab
691 1066 732 1090 ea
750 1051 949 1105 disciplina
963 1052 1124 1089 omnino
1137 1051 1385 1089 semovendus
1406 1051 1481 1090 est:
1505 1050 1572 1102 qui
1590 1064 1682 1088 cum
1704 1050 1871 1088 maxime
1887 1049 2015 1087 neces—

624 1119 757 1157 sariam
777 1128 923 1171 partem
943 1115 1208 1170 philosophiae,
1230 1131 1315 1169 quae
1334 1117 1452 1169 posita
1474 1116 1526 1154 est
1545 1117 1584 1154 in
1602 1117 1741 1154 virtute
1770 1126 1807 1154 et
1833 1116 1873 1153 in
1894 1115 2015 1153 mori-

623 1184 710 1229 bus,
732 1183 952 1236 reliquisset,
986 1193 1188 1235 totumque
1205 1182 1240 1220 se
1259 1183 1304 1221 ad
1321 1183 1649 1236 investigationem
1670 1191 1811 1220 natura:
1830 1180 2016 1220 contulis-

624 1249 690 1295 set,
714 1250 753 1288 in
770 1263 811 1288 ea
831 1249 909 1302 ipsa
928 1249 1142 1302 plurimum
1164 1248 1312 1286 diffcdit
1328 1262 1348 1286 a
1367 1248 1456 1287 suis.

680 1316 907 1368 Speufippus
927 1324 1055 1352 autem
1073 1324 1110 1351 et
1131 1315 1376 1359 Xenocrates,
1409 1315 1477 1366 qui
1497 1314 1613 1366 primi
1634 1314 1803 1352 Platonis
1830 1313 2015 1351 rationem

623 1381 963 1431 aucitoritatemque
982 1378 1216 1432 susceperant
1231 1397 1243 1424 3
1273 1387 1312 1417 et
1331 1379 1414 1432 post
1432 1378 1503 1417 hos
1521 1378 1681 1416 Polemo
1696 1389 1733 1417 et
1750 1380 1896 1424 Crates,
1919 1380 2014 1419 una-

623 1461 699 1499 que
720 1448 896 1490 Crantor,
918 1446 957 1483 in
976 1445 1184 1483 Academia
1203 1445 1437 1498 congregati,
1468 1444 1673 1497 diligenter
1691 1459 1745 1490 ea,
1767 1459 1852 1497 quae
1868 1459 1889 1483 a
1903 1445 2015 1499 supe-

623 1513 786 1552 rioribus
807 1521 1040 1564 acceperant,-
1062 1512 1279 1550 tuebantur.

680 1580 768 1630 Jam
803 1578 1054 1617 Polemonem
1086 1577 1304 1616 audiverant
1337 1577 1475 1616 affidue
1498 1578 1606 1615 Zeno
1630 1585 1668 1615 et
1689 1577 1884 1616 Arcesilas.
1944 1579 2015 1616 Sed

626 1645 749 1689 Zeno,
776 1658 867 1682 cum
887 1643 1095 1682 Arcesilam
1115 1644 1272 1681 anteiret
1290 1652 1410 1689 aetate,
1441 1643 1626 1695 valdeque
1648 1643 1836 1681 subtiliter
1861 1643 2014 1682 differe·

625 1720 693 1755 ret,
724 1720 761 1748 et
792 1719 968 1762 peracute
999 1719 1227 1754 moveretur,
1263 1710 1447 1762 corrigere
1477 1719 1635 1747 conatus
1669 1709 1721 1748 est
1755 1709 2012 1762 disciplinam.

624 1778 723 1815 Eam
744 1790 912 1829 quoque,
944 1775 968 1813 fi
999 1775 1160 1820 videtur,
1192 1776 1468 1814 corretstionem
1496 1775 1712 1828 explicabo,
1747 1775 1842 1813 ficut
1874 1775 2016 1815 solebat

623 1841 857 1881 Antiochus.
890 1840 997 1880 Mihi
1016 1854 1118 1886 vero,
1140 1841 1312 1894 inquam,
1330 1841 1480 1879 videtur
1492 1859 1504 1886 ς
1525 1841 1630 1893 quod
1650 1842 1752 1880 vides
1773 1841 1877 1880 idem
1898 1842 2014 1895 signi·

624 1909 734 1948 ficare
756 1907 1031 1960 Pomponium.
1815 1951 1818 1955 .

678 1975 730 2013 X.
754 1975 862 2013 Zeno
878 1974 994 2026 igitur
1011 1973 1118 2012 nullo
1138 1974 1254 2012 modo
1274 1974 1304 2011 is
1325 1983 1415 2018 crat,
1437 1973 1519 2026 qui,
1541 1982 1583 2011 ut
1603 1973 1905 2026 Theophrastus,
1928 1987 2014 2013 ner-

623 2054 688 2079 vos
708 2040 857 2079 virtutis
879 2039 1080 2084 inciderit;
1112 2039 1173 2077 sed
1193 2050 1336 2084 contra,
1358 2040 1424 2092 qui
1445 2039 1588 2084 omnia,
1612 2053 1696 2092 qua:
1716 2039 1762 2077 ad
1783 2040 1930 2078 beatam
1953 2042 2011 2078 vi-

625 2117 704 2145 tam
739 2107 982 2160 pertinerent,
1018 2106 1056 2143 in
1088 2119 1162 2144 una
1192 2107 1330 2144 virtute
1364 2116 1534 2159 poneret,
1566 2119 1635 2144 nec
1666 2105 1880 2159 quidquam
1912 2107 2014 2145 aliud

626 2182 841 2212 numeraret
862 2173 900 2210 in
922 2172 1046 2217 bonis,
1083 2172 1197 2224 idque
1218 2172 1423 2225 appellaret
1443 2170 1660 2217 honestum,
1694 2172 1798 2225 quod
1818 2171 1906 2211 elset
1927 2173 2018 2211 sim-

625 2239 713 2292 plex
734 2237 941 2291 quoddam,
974 2247 1011 2276 et
1040 2237 1178 2282 solum.
1211 2247 1248 2276 et
1269 2251 1392 2276 unum
1423 2238 1584 2276 bonum.
1628 2239 1773 2276 Caetem
1790 2247 1918 2277 autem
1948 2239 2013 2277 eui

626 2318 696 2343 nec
715 2304 826 2349 bona,
849 2317 915 2342 ncc
930 2303 1028 2341 mala
1043 2302 1157 2341 essent
1174 2322 1182 2347 ;
1207 2313 1332 2341 tamen
1352 2303 1422 2341 alia
1439 2302 1645 2342 secundum
1661 2313 1832 2343 naturam
1849 2304 2013 2350 dicebat,

625 2371 696 2410 alia
717 2379 857 2409 naturae
875 2369 946 2408 ess'e
964 2370 1163 2409 contraria.
1195 2371 1245 2409 lis
1266 2370 1351 2423 ipsis
1372 2370 1443 2408 alia
1470 2371 1661 2423 interjec‘ta
1675 2380 1712 2410 et
1732 2371 1856 2410 media
1876 2384 2012 2410 nume-

627 2437 744 2474 rabat.
803 2437 902 2488 Qae
935 2444 1063 2474 autem
1098 2434 1305 2474 secundam
1333 2445 1508 2475 naturam
1542 2435 1670 2482 essent,
1700 2450 1742 2475 ea
1770 2437 1950 2476 sumenda
1976 2446 2014 2476 et

625 2501 789 2555 quadam
824 2501 1069 2542 :estimatione
1097 2501 1285 2556 dignanda
1321 2501 1480 2541 docebat
1499 2521 1510 2548 ς
1559 2502 1768 2558 contraque
1800 2502 2011 2543 contraria:
