<?xml version="1.0" encoding="UTF-8"?>
<!DOCTYPE html PUBLIC "-//W3C//DTD XHTML 1.0 Transitional//EN"
    "http://www.w3.org/TR/xhtml1/DTD/xhtml1-transitional.dtd">
<html xmlns="http://www.w3.org/1999/xhtml" xml:lang="en" lang="en">
 <head>
  <title>
</title>
<meta http-equiv="Content-Type" content="text/html;charset=utf-8" />
  <meta name='ocr-system' content='tesseract 3.04.00' />
  <meta name='ocr-capabilities' content='ocr_page ocr_carea ocr_par ocr_line ocrx_word'/>
</head>
<body>
  <div class='ocr_page' id='page_1' title='image "./operacumindicibu02ciceuoft_0523.png"; bbox 0 0 2330 2983; ppageno 0'>
   <div class='ocr_carea' id='block_1_1' title="bbox 673 260 1756 320">
    <p class='ocr_par' dir='ltr' id='par_1_1' title="bbox 673 260 1756 320">
     <span class='ocr_line' id='line_1_1' title="bbox 673 260 1756 320; baseline 0.003 -18"><span class='ocrx_word' id='word_1_1' title='bbox 673 262 951 320; x_wconf 74' lang='lat' dir='ltr'>LIBER</span> <span class='ocrx_word' id='word_1_2' title='bbox 1027 260 1450 302; x_wconf 90' lang='lat' dir='ltr'><strong>TERTIUS.</strong></span> <span class='ocrx_word' id='word_1_3' title='bbox 1679 277 1756 319; x_wconf 69' lang='lat'><strong>515⁹</strong></span> 
     </span>
    </p>
   </div>
   <div class='ocr_carea' id='block_1_2' title="bbox 360 358 1769 2648">
    <p class='ocr_par' dir='ltr' id='par_1_2' title="bbox 360 358 1757 679">
     <span class='ocr_line' id='line_1_2' title="bbox 367 358 1755 415; baseline 0 -14"><span class='ocrx_word' id='word_1_4' title='bbox 367 375 454 415; x_wconf 81' lang='lat' dir='ltr'><strong>quae</strong></span> <span class='ocrx_word' id='word_1_5' title='bbox 473 362 571 408; x_wconf 85' lang='lat' dir='ltr'>dixi,</span> <span class='ocrx_word' id='word_1_6' title='bbox 602 361 752 401; x_wconf 83' lang='lat' dir='ltr'><strong>sublata</strong></span> <span class='ocrx_word' id='word_1_7' title='bbox 784 362 831 399; x_wconf 91' lang='lat' dir='ltr'><strong>de</strong></span> <span class='ocrx_word' id='word_1_8' title='bbox 851 361 952 399; x_wconf 81' lang='lat' dir='ltr'><strong>fanis</strong></span> <span class='ocrx_word' id='word_1_9' title='bbox 975 360 1015 398; x_wconf 92' lang='lat' dir='ltr'><strong>in</strong></span> <span class='ocrx_word' id='word_1_10' title='bbox 1037 358 1170 398; x_wconf 84' lang='lat' dir='ltr'><strong>forum</strong></span> <span class='ocrx_word' id='word_1_11' title='bbox 1192 361 1407 413; x_wconf 83' lang='lat' dir='ltr'><strong>protulisse,</strong></span> <span class='ocrx_word' id='word_1_12' title='bbox 1439 369 1478 400; x_wconf 89' lang='lat' dir='ltr'><strong>et</strong></span> <span class='ocrx_word' id='word_1_13' title='bbox 1506 373 1575 414; x_wconf 90' lang='lat' dir='ltr'><strong>per</strong></span> <span class='ocrx_word' id='word_1_14' title='bbox 1604 375 1755 415; x_wconf 85' lang='lat' dir='ltr'><strong>praeco-</strong></span> 
     </span>
     <span class='ocr_line' id='line_1_3' title="bbox 367 425 1757 481; baseline -0.001 -14"><span class='ocrx_word' id='word_1_15' title='bbox 367 442 458 467; x_wconf 88' lang='lat' dir='ltr'><strong>nem</strong></span> <span class='ocrx_word' id='word_1_16' title='bbox 480 428 717 467; x_wconf 85' lang='lat' dir='ltr'><strong>vendidiffe:</strong></span> <span class='ocrx_word' id='word_1_17' title='bbox 750 429 960 479; x_wconf 68' lang='lat' dir='ltr'><strong>exactaque</strong></span> <span class='ocrx_word' id='word_1_18' title='bbox 980 425 1147 478; x_wconf 89' lang='lat' dir='ltr'><strong>pecunia</strong></span> <span class='ocrx_word' id='word_1_19' title='bbox 1167 426 1339 471; x_wconf 73' lang='lat' dir='ltr'><strong>edixisse,</strong></span> <span class='ocrx_word' id='word_1_20' title='bbox 1373 436 1431 472; x_wconf 90' lang='lat' dir='ltr'><strong>ut,</strong></span> <span class='ocrx_word' id='word_1_21' title='bbox 1463 427 1570 480; x_wconf 90' lang='lat' dir='ltr'><strong>quod</strong></span> <span class='ocrx_word' id='word_1_22' title='bbox 1588 428 1757 481; x_wconf 89' lang='lat' dir='ltr'><strong>quisque</strong></span> 
     </span>
     <span class='ocr_line' id='line_1_4' title="bbox 367 491 1756 546; baseline 0 -13"><span class='ocrx_word' id='word_1_23' title='bbox 367 507 389 532; x_wconf 85' lang='lat' dir='ltr'><strong>a</strong></span> <span class='ocrx_word' id='word_1_24' title='bbox 409 495 522 533; x_wconf 85' lang='lat' dir='ltr'><strong>sacris</strong></span> <span class='ocrx_word' id='word_1_25' title='bbox 543 493 717 537; x_wconf 88' lang='lat' dir='ltr'><strong>haberet,</strong></span> <span class='ocrx_word' id='word_1_26' title='bbox 750 491 789 530; x_wconf 92' lang='lat' dir='ltr'><strong>id</strong></span> <span class='ocrx_word' id='word_1_27' title='bbox 810 501 899 530; x_wconf 89' lang='lat' dir='ltr'><strong>ante</strong></span> <span class='ocrx_word' id='word_1_28' title='bbox 920 491 1026 529; x_wconf 89' lang='lat' dir='ltr'><strong>diem</strong></span> <span class='ocrx_word' id='word_1_29' title='bbox 1047 498 1192 529; x_wconf 88' lang='lat' dir='ltr'><strong>certam</strong></span> <span class='ocrx_word' id='word_1_30' title='bbox 1213 491 1254 528; x_wconf 87' lang='lat' dir='ltr'><strong>in</strong></span> <span class='ocrx_word' id='word_1_31' title='bbox 1283 491 1397 530; x_wconf 89' lang='lat' dir='ltr'><strong>suum</strong></span> <span class='ocrx_word' id='word_1_32' title='bbox 1420 493 1597 546; x_wconf 88' lang='lat' dir='ltr'><strong>quidque</strong></span> <span class='ocrx_word' id='word_1_33' title='bbox 1617 493 1756 533; x_wconf 89' lang='lat' dir='ltr'><strong>fanum</strong></span> 
     </span>
     <span class='ocr_line' id='line_1_5' title="bbox 368 555 1754 610; baseline 0 -12"><span class='ocrx_word' id='word_1_34' title='bbox 368 559 541 598; x_wconf 87' lang='lat' dir='ltr'><strong>referret.</strong></span> <span class='ocrx_word' id='word_1_35' title='bbox 587 560 646 597; x_wconf 86' lang='lat' dir='ltr'><strong>Ita</strong></span> <span class='ocrx_word' id='word_1_36' title='bbox 666 558 713 596; x_wconf 90' lang='lat' dir='ltr'><strong>ad</strong></span> <span class='ocrx_word' id='word_1_37' title='bbox 742 557 989 610; x_wconf 85' lang='lat' dir='ltr'><strong>impietatem</strong></span> <span class='ocrx_word' id='word_1_38' title='bbox 1009 557 1050 594; x_wconf 89' lang='lat' dir='ltr'><strong>in</strong></span> <span class='ocrx_word' id='word_1_39' title='bbox 1072 556 1180 600; x_wconf 85' lang='lat' dir='ltr'><strong>deOS,</strong></span> <span class='ocrx_word' id='word_1_40' title='bbox 1210 556 1252 594; x_wconf 91' lang='lat' dir='ltr'><strong>in</strong></span> <span class='ocrx_word' id='word_1_41' title='bbox 1273 555 1455 595; x_wconf 87' lang='lat' dir='ltr'><strong>homines</strong></span> <span class='ocrx_word' id='word_1_42' title='bbox 1485 559 1667 610; x_wconf 78' lang='lat' dir='ltr'><strong>&#39;adjunxit</strong></span> <span class='ocrx_word' id='word_1_43' title='bbox 1689 560 1754 598; x_wconf 89' lang='lat' dir='ltr'><strong>in-</strong></span> 
     </span>
     <span class='ocr_line' id='line_1_6' title="bbox 360 627 523 679; baseline -0.006 -15"><span class='ocrx_word' id='word_1_44' title='bbox 360 627 523 679; x_wconf 81' lang='lat' dir='ltr'><strong>juriam.</strong></span> 
     </span>
    </p>

    <p class='ocr_par' dir='ltr' id='par_1_3' title="bbox 366 687 1756 1057">
     <span class='ocr_line' id='line_1_7' title="bbox 421 687 1754 744; baseline 0.001 -15"><span class='ocrx_word' id='word_1_45' title='bbox 421 691 596 729; x_wconf 91' lang='lat' dir='ltr'>XXXV.</span> <span class='ocrx_word' id='word_1_46' title='bbox 627 690 751 728; x_wconf 91' lang='lat' dir='ltr'><strong>Hunc</strong></span> <span class='ocrx_word' id='word_1_47' title='bbox 782 689 904 742; x_wconf 85' lang='lat' dir='ltr'><strong>igitur</strong></span> <span class='ocrx_word' id='word_1_48' title='bbox 933 702 1006 727; x_wconf 89' lang='lat' dir='ltr'><strong>nec</strong></span> <span class='ocrx_word' id='word_1_49' title='bbox 1039 687 1254 741; x_wconf 88' lang='lat' dir='ltr'><strong>Olympius</strong></span> <span class='ocrx_word' id='word_1_50' title='bbox 1276 689 1434 742; x_wconf 88' lang='lat' dir='ltr'><strong>Jupiter</strong></span> <span class='ocrx_word' id='word_1_51' title='bbox 1464 689 1636 729; x_wconf 88' lang='lat' dir='ltr'><strong>fulmine</strong></span> <span class='ocrx_word' id='word_1_52' title='bbox 1664 705 1754 744; x_wconf 89' lang='lat' dir='ltr'><strong>per-</strong></span> 
     </span>
     <span class='ocr_line' id='line_1_8' title="bbox 366 754 1756 808; baseline 0.001 -13"><span class='ocrx_word' id='word_1_53' title='bbox 366 757 493 802; x_wconf 86' lang='lat' dir='ltr'><strong>cuffit,</strong></span> <span class='ocrx_word' id='word_1_54' title='bbox 521 770 591 795; x_wconf 90' lang='lat' dir='ltr'><strong>nec</strong></span> <span class='ocrx_word' id='word_1_55' title='bbox 612 756 860 808; x_wconf 86' lang='lat' dir='ltr'><strong>AEsculapius</strong></span> <span class='ocrx_word' id='word_1_56' title='bbox 881 754 1023 793; x_wconf 89' lang='lat' dir='ltr'><strong>misero</strong></span> <span class='ocrx_word' id='word_1_57' title='bbox 1043 754 1312 807; x_wconf 86' lang='lat' dir='ltr'><strong>diuturnoque</strong></span> <span class='ocrx_word' id='word_1_58' title='bbox 1333 755 1473 794; x_wconf 92' lang='lat' dir='ltr'><strong>morbo</strong></span> <span class='ocrx_word' id='word_1_59' title='bbox 1493 757 1756 796; x_wconf 87' lang='lat' dir='ltr'><strong>tabescentem</strong></span> 
     </span>
     <span class='ocr_line' id='line_1_9' title="bbox 366 820 1755 876; baseline 0.001 -15"><span class='ocrx_word' id='word_1_60' title='bbox 366 823 594 861; x_wconf 86' lang='lat' dir='ltr'><strong>interemit:</strong></span> <span class='ocrx_word' id='word_1_61' title='bbox 627 831 743 874; x_wconf 88' lang='lat' dir='ltr'><strong>atque</strong></span> <span class='ocrx_word' id='word_1_62' title='bbox 765 822 806 859; x_wconf 88' lang='lat' dir='ltr'><strong>in</strong></span> <span class='ocrx_word' id='word_1_63' title='bbox 835 821 903 859; x_wconf 91' lang='lat' dir='ltr'><strong>suo</strong></span> <span class='ocrx_word' id='word_1_64' title='bbox 935 820 1080 859; x_wconf 74' lang='lat' dir='ltr'><strong>lectulo</strong></span> <span class='ocrx_word' id='word_1_65' title='bbox 1111 829 1308 866; x_wconf 88' lang='lat' dir='ltr'><strong>mortuus,</strong></span> <span class='ocrx_word' id='word_1_66' title='bbox 1339 821 1380 859; x_wconf 88' lang='lat' dir='ltr'><strong>in</strong></span> <span class='ocrx_word' id='word_1_67' title='bbox 1402 822 1666 876; x_wconf 83' lang='lat' dir='ltr'><strong>Tympanidis</strong></span> <span class='ocrx_word' id='word_1_68' title='bbox 1688 838 1755 862; x_wconf 92' lang='lat' dir='ltr'><strong>ro-</strong></span> 
     </span>
     <span class='ocr_line' id='line_1_10' title="bbox 367 885 1755 941; baseline 0.001 -15"><span class='ocrx_word' id='word_1_69' title='bbox 367 901 465 941; x_wconf 86' lang='lat' dir='ltr'><strong>gum</strong></span> <span class='ocrx_word' id='word_1_70' title='bbox 501 887 633 926; x_wconf 90' lang='lat' dir='ltr'><strong>illatus</strong></span> <span class='ocrx_word' id='word_1_71' title='bbox 667 886 749 925; x_wconf 89' lang='lat' dir='ltr'><strong>est:</strong></span> <span class='ocrx_word' id='word_1_72' title='bbox 789 900 954 938; x_wconf 84' lang='lat' dir='ltr'><strong>eamque</strong></span> <span class='ocrx_word' id='word_1_73' title='bbox 987 885 1232 939; x_wconf 85' lang='lat' dir='ltr'><strong>potestatem,</strong></span> <span class='ocrx_word' id='word_1_74' title='bbox 1263 900 1384 939; x_wconf 89' lang='lat' dir='ltr'><strong>quam</strong></span> <span class='ocrx_word' id='word_1_75' title='bbox 1416 888 1498 940; x_wconf 90' lang='lat' dir='ltr'><strong>ipse</strong></span> <span class='ocrx_word' id='word_1_76' title='bbox 1527 903 1597 941; x_wconf 89' lang='lat' dir='ltr'><strong>per</strong></span> <span class='ocrx_word' id='word_1_77' title='bbox 1630 889 1755 928; x_wconf 86' lang='lat' dir='ltr'><strong>scelus</strong></span> 
     </span>
     <span class='ocr_line' id='line_1_11' title="bbox 369 952 1756 1007; baseline 0.002 -15"><span class='ocrx_word' id='word_1_78' title='bbox 369 963 450 992; x_wconf 90' lang='lat' dir='ltr'><strong>erat</strong></span> <span class='ocrx_word' id='word_1_79' title='bbox 481 956 629 998; x_wconf 64' lang='lat' dir='ltr'><strong>nactus,</strong></span> <span class='ocrx_word' id='word_1_80' title='bbox 661 953 764 1007; x_wconf 78' lang='lat' dir='ltr'><strong>quasi</strong></span> <span class='ocrx_word' id='word_1_81' title='bbox 791 953 938 1006; x_wconf 88' lang='lat' dir='ltr'><strong>justam</strong></span> <span class='ocrx_word' id='word_1_82' title='bbox 967 963 1006 992; x_wconf 91' lang='lat' dir='ltr'><strong>et</strong></span> <span class='ocrx_word' id='word_1_83' title='bbox 1037 953 1272 1006; x_wconf 84' lang='lat' dir='ltr'><strong>legitimam,</strong></span> <span class='ocrx_word' id='word_1_84' title='bbox 1304 952 1541 993; x_wconf 68' lang='lat' dir='ltr'><strong>haereditatis</strong></span> <span class='ocrx_word' id='word_1_85' title='bbox 1562 956 1651 995; x_wconf 93' lang='lat' dir='ltr'><strong>loco</strong></span> <span class='ocrx_word' id='word_1_86' title='bbox 1671 956 1756 995; x_wconf 88' lang='lat' dir='ltr'><strong>filio</strong></span> 
     </span>
     <span class='ocr_line' id='line_1_12' title="bbox 368 1019 543 1057; baseline 0 0"><span class='ocrx_word' id='word_1_87' title='bbox 368 1019 543 1057; x_wconf 76' lang='lat' dir='ltr'><strong>tradidit.</strong></span> 
     </span>
    </p>

    <p class='ocr_par' dir='ltr' id='par_1_4' title="bbox 365 1084 1756 1594">
     <span class='ocr_line' id='line_1_13' title="bbox 422 1084 1756 1127; baseline 0.002 -3"><span class='ocrx_word' id='word_1_88' title='bbox 422 1086 551 1124; x_wconf 83' lang='lat' dir='ltr'><strong>Invita</strong></span> <span class='ocrx_word' id='word_1_89' title='bbox 572 1087 613 1124; x_wconf 91' lang='lat' dir='ltr'><strong>in</strong></span> <span class='ocrx_word' id='word_1_90' title='bbox 645 1084 722 1124; x_wconf 92' lang='lat' dir='ltr'><strong>hoc</strong></span> <span class='ocrx_word' id='word_1_91' title='bbox 753 1085 842 1123; x_wconf 85' lang='lat' dir='ltr'><strong>loco</strong></span> <span class='ocrx_word' id='word_1_92' title='bbox 867 1085 1037 1124; x_wconf 90' lang='lat' dir='ltr'><strong>versatur</strong></span> <span class='ocrx_word' id='word_1_93' title='bbox 1057 1085 1180 1123; x_wconf 88' lang='lat' dir='ltr'><strong>oratio</strong></span> <span class='ocrx_word' id='word_1_94' title='bbox 1199 1100 1207 1124; x_wconf 90' lang='lat'>:</span> <span class='ocrx_word' id='word_1_95' title='bbox 1240 1086 1396 1125; x_wconf 88' lang='lat' dir='ltr'><strong>videtur</strong></span> <span class='ocrx_word' id='word_1_96' title='bbox 1415 1087 1523 1125; x_wconf 85' lang='lat' dir='ltr'><strong>enim</strong></span> <span class='ocrx_word' id='word_1_97' title='bbox 1543 1088 1756 1127; x_wconf 68' lang='lat' dir='ltr'><strong>auctorita-</strong></span> 
     </span>
     <span class='ocr_line' id='line_1_14' title="bbox 365 1150 1754 1205; baseline 0.001 -14"><span class='ocrx_word' id='word_1_98' title='bbox 365 1162 448 1191; x_wconf 89' lang='lat' dir='ltr'><strong>tem</strong></span> <span class='ocrx_word' id='word_1_99' title='bbox 468 1153 604 1205; x_wconf 80' lang='lat' dir='ltr'><strong>afferre</strong></span> <span class='ocrx_word' id='word_1_100' title='bbox 623 1152 826 1205; x_wconf 86' lang='lat' dir='ltr'><strong>peccandi.</strong></span> <span class='ocrx_word' id='word_1_101' title='bbox 860 1150 982 1189; x_wconf 67' lang='lat' dir='ltr'><strong>Recte</strong></span> <span class='ocrx_word' id='word_1_102' title='bbox 1002 1150 1199 1189; x_wconf 88' lang='lat' dir='ltr'><strong>videretur</strong></span> <span class='ocrx_word' id='word_1_103' title='bbox 1217 1166 1226 1189; x_wconf 73' lang='grc' dir='ltr'><strong><em>ε</em></strong></span> <span class='ocrx_word' id='word_1_104' title='bbox 1260 1153 1347 1196; x_wconf 74' lang='lat' dir='ltr'><strong>nisi,</strong></span> <span class='ocrx_word' id='word_1_105' title='bbox 1376 1161 1414 1190; x_wconf 91' lang='lat' dir='ltr'><strong>et</strong></span> <span class='ocrx_word' id='word_1_106' title='bbox 1435 1153 1621 1199; x_wconf 86' lang='lat' dir='ltr'><strong>virtutis‚·</strong></span> <span class='ocrx_word' id='word_1_107' title='bbox 1635 1163 1674 1192; x_wconf 91' lang='lat' dir='ltr'><strong>et</strong></span> <span class='ocrx_word' id='word_1_108' title='bbox 1695 1155 1754 1192; x_wconf 89' lang='lat' dir='ltr'><strong>vi-</strong></span> 
     </span>
     <span class='ocr_line' id='line_1_15' title="bbox 366 1217 1754 1273; baseline 0 -15"><span class='ocrx_word' id='word_1_109' title='bbox 366 1220 530 1264; x_wconf 88' lang='lat' dir='ltr'><strong>tiorum,</strong></span> <span class='ocrx_word' id='word_1_110' title='bbox 562 1219 639 1257; x_wconf 88' lang='lat' dir='ltr'><strong>fine</strong></span> <span class='ocrx_word' id='word_1_111' title='bbox 660 1218 740 1256; x_wconf 89' lang='lat' dir='ltr'><strong>ulla</strong></span> <span class='ocrx_word' id='word_1_112' title='bbox 760 1217 892 1255; x_wconf 89' lang='lat' dir='ltr'><strong>divina</strong></span> <span class='ocrx_word' id='word_1_113' title='bbox 912 1217 1075 1262; x_wconf 85' lang='lat' dir='ltr'><strong>ratione,</strong></span> <span class='ocrx_word' id='word_1_114' title='bbox 1106 1231 1221 1269; x_wconf 84' lang='lat' dir='ltr'><strong>grave</strong></span> <span class='ocrx_word' id='word_1_115' title='bbox 1242 1218 1360 1270; x_wconf 89' lang='lat' dir='ltr'><strong>ipfius</strong></span> <span class='ocrx_word' id='word_1_116' title='bbox 1382 1219 1630 1258; x_wconf 68' lang='lat' dir='ltr'><strong>conscientiae</strong></span> <span class='ocrx_word' id='word_1_117' title='bbox 1651 1233 1754 1273; x_wconf 86' lang='lat' dir='ltr'><strong>pon·</strong></span> 
     </span>
     <span class='ocr_line' id='line_1_16' title="bbox 367 1283 1754 1336; baseline 0.001 -13"><span class='ocrx_word' id='word_1_118' title='bbox 367 1285 440 1323; x_wconf 89' lang='lat' dir='ltr'><strong>dus</strong></span> <span class='ocrx_word' id='word_1_119' title='bbox 460 1285 579 1323; x_wconf 86' lang='lat' dir='ltr'><strong>effet:</strong></span> <span class='ocrx_word' id='word_1_120' title='bbox 612 1297 688 1336; x_wconf 90' lang='lat' dir='ltr'><strong>qua</strong></span> <span class='ocrx_word' id='word_1_121' title='bbox 719 1283 883 1328; x_wconf 84' lang='lat' dir='ltr'><strong>sublata,</strong></span> <span class='ocrx_word' id='word_1_122' title='bbox 909 1284 1043 1334; x_wconf 89' lang='lat' dir='ltr'><strong>jacent</strong></span> <span class='ocrx_word' id='word_1_123' title='bbox 1063 1284 1210 1321; x_wconf 86' lang='lat' dir='ltr'><strong>omnia.</strong></span> <span class='ocrx_word' id='word_1_124' title='bbox 1261 1284 1319 1321; x_wconf 93' lang='lat' dir='ltr'><strong>Ut</strong></span> <span class='ocrx_word' id='word_1_125' title='bbox 1352 1285 1459 1322; x_wconf 89' lang='lat' dir='ltr'><strong>enim</strong></span> <span class='ocrx_word' id='word_1_126' title='bbox 1489 1299 1561 1323; x_wconf 90' lang='lat' dir='ltr'><strong>nec</strong></span> <span class='ocrx_word' id='word_1_127' title='bbox 1597 1285 1754 1331; x_wconf 89' lang='lat' dir='ltr'><strong>domus,</strong></span> 
     </span>
     <span class='ocr_line' id='line_1_17' title="bbox 370 1349 1753 1404; baseline 0 -14"><span class='ocrx_word' id='word_1_128' title='bbox 370 1365 442 1390; x_wconf 87' lang='lat' dir='ltr'><strong>nec</strong></span> <span class='ocrx_word' id='word_1_129' title='bbox 464 1350 681 1404; x_wconf 89' lang='lat' dir='ltr'><strong>respublica</strong></span> <span class='ocrx_word' id='word_1_130' title='bbox 701 1351 850 1388; x_wconf 88' lang='lat' dir='ltr'><strong>ratione</strong></span> <span class='ocrx_word' id='word_1_131' title='bbox 869 1349 1038 1402; x_wconf 87' lang='lat' dir='ltr'><strong>quadam</strong></span> <span class='ocrx_word' id='word_1_132' title='bbox 1058 1359 1095 1386; x_wconf 93' lang='lat' dir='ltr'><strong>et</strong></span> <span class='ocrx_word' id='word_1_133' title='bbox 1120 1349 1329 1402; x_wconf 86' lang='lat' dir='ltr'><strong>disciplina</strong></span> <span class='ocrx_word' id='word_1_134' title='bbox 1349 1350 1543 1403; x_wconf 70' lang='lat' dir='ltr'><strong>designata</strong></span> <span class='ocrx_word' id='word_1_135' title='bbox 1562 1352 1753 1398; x_wconf 90' lang='lat' dir='ltr'><strong>videatur,</strong></span> 
     </span>
     <span class='ocr_line' id='line_1_18' title="bbox 368 1415 1753 1472; baseline 0.001 -16"><span class='ocrx_word' id='word_1_136' title='bbox 368 1418 394 1456; x_wconf 90' lang='lat' dir='ltr'><strong>fi</strong></span> <span class='ocrx_word' id='word_1_137' title='bbox 416 1419 456 1455; x_wconf 89' lang='lat' dir='ltr'><strong>in</strong></span> <span class='ocrx_word' id='word_1_138' title='bbox 477 1431 519 1456; x_wconf 89' lang='lat' dir='ltr'><strong>ea</strong></span> <span class='ocrx_word' id='word_1_139' title='bbox 540 1430 610 1455; x_wconf 89' lang='lat' dir='ltr'><strong>nec</strong></span> <span class='ocrx_word' id='word_1_140' title='bbox 632 1417 732 1454; x_wconf 60' lang='lat' dir='ltr'><strong>reete</strong></span> <span class='ocrx_word' id='word_1_141' title='bbox 752 1415 863 1454; x_wconf 66' lang='lat' dir='ltr'><strong>faetis</strong></span> <span class='ocrx_word' id='word_1_142' title='bbox 885 1416 1043 1469; x_wconf 85' lang='lat' dir='ltr'><strong>praemia</strong></span> <span class='ocrx_word' id='word_1_143' title='bbox 1063 1425 1200 1454; x_wconf 82' lang='lat' dir='ltr'><strong>extent</strong></span> <span class='ocrx_word' id='word_1_144' title='bbox 1221 1416 1315 1461; x_wconf 91' lang='lat' dir='ltr'><strong>ulla,</strong></span> <span class='ocrx_word' id='word_1_145' title='bbox 1352 1430 1424 1455; x_wconf 91' lang='lat' dir='ltr'><strong>nec</strong></span> <span class='ocrx_word' id='word_1_146' title='bbox 1446 1418 1639 1470; x_wconf 90' lang='lat' dir='ltr'><strong>supplicia</strong></span> <span class='ocrx_word' id='word_1_147' title='bbox 1658 1433 1753 1472; x_wconf 90' lang='lat' dir='ltr'><strong>pec-</strong></span> 
     </span>
     <span class='ocr_line' id='line_1_19' title="bbox 367 1481 1756 1537; baseline 0.001 -14"><span class='ocrx_word' id='word_1_148' title='bbox 367 1485 463 1523; x_wconf 87' lang='lat' dir='ltr'><strong>catis</strong></span> <span class='ocrx_word' id='word_1_149' title='bbox 487 1500 495 1522; x_wconf 75' lang='grc' dir='ltr'>ι</span> <span class='ocrx_word' id='word_1_150' title='bbox 529 1483 577 1522; x_wconf 77' lang='lat' dir='ltr'><strong>sic</strong></span> <span class='ocrx_word' id='word_1_151' title='bbox 599 1483 740 1523; x_wconf 88' lang='lat' dir='ltr'><strong>mundi</strong></span> <span class='ocrx_word' id='word_1_152' title='bbox 771 1482 902 1520; x_wconf 82' lang='lat' dir='ltr'><strong>divina</strong></span> <span class='ocrx_word' id='word_1_153' title='bbox 931 1482 972 1520; x_wconf 90' lang='lat' dir='ltr'><strong>in</strong></span> <span class='ocrx_word' id='word_1_154' title='bbox 1002 1481 1184 1520; x_wconf 88' lang='lat' dir='ltr'><strong>homines</strong></span> <span class='ocrx_word' id='word_1_155' title='bbox 1211 1483 1428 1522; x_wconf 85' lang='lat' dir='ltr'><strong>moderatio</strong></span> <span class='ocrx_word' id='word_1_156' title='bbox 1447 1484 1625 1537; x_wconf 65' lang='lat' dir='ltr'><strong>profesto</strong></span> <span class='ocrx_word' id='word_1_157' title='bbox 1645 1486 1756 1524; x_wconf 91' lang='lat' dir='ltr'><strong>nulla</strong></span> 
     </span>
     <span class='ocr_line' id='line_1_20' title="bbox 366 1548 1615 1594; baseline 0 -6"><span class='ocrx_word' id='word_1_158' title='bbox 366 1551 434 1594; x_wconf 88' lang='lat' dir='ltr'><strong>est,</strong></span> <span class='ocrx_word' id='word_1_159' title='bbox 467 1551 492 1588; x_wconf 76' lang='lat' dir='ltr'><strong>si</strong></span> <span class='ocrx_word' id='word_1_160' title='bbox 514 1551 556 1588; x_wconf 89' lang='lat' dir='ltr'><strong>in</strong></span> <span class='ocrx_word' id='word_1_161' title='bbox 576 1563 619 1587; x_wconf 91' lang='lat' dir='ltr'><strong>ea</strong></span> <span class='ocrx_word' id='word_1_162' title='bbox 638 1549 848 1587; x_wconf 82' lang='lat' dir='ltr'><strong>discrimen</strong></span> <span class='ocrx_word' id='word_1_163' title='bbox 870 1548 1027 1586; x_wconf 91' lang='lat' dir='ltr'><strong>nullum</strong></span> <span class='ocrx_word' id='word_1_164' title='bbox 1050 1548 1106 1586; x_wconf 87' lang='lat' dir='ltr'><strong>est</strong></span> <span class='ocrx_word' id='word_1_165' title='bbox 1124 1549 1321 1587; x_wconf 88' lang='lat' dir='ltr'><strong>bonorum</strong></span> <span class='ocrx_word' id='word_1_166' title='bbox 1341 1558 1380 1587; x_wconf 91' lang='lat' dir='ltr'><strong>et</strong></span> <span class='ocrx_word' id='word_1_167' title='bbox 1403 1551 1615 1589; x_wconf 89' lang='lat' dir='ltr'><strong>malorum.</strong></span> 
     </span>
    </p>

    <p class='ocr_par' dir='ltr' id='par_1_5' title="bbox 363 1613 1755 1983">
     <span class='ocr_line' id='line_1_21' title="bbox 421 1613 1754 1668; baseline 0.002 -15"><span class='ocrx_word' id='word_1_168' title='bbox 421 1618 478 1653; x_wconf 92' lang='lat' dir='ltr'><strong>At</strong></span> <span class='ocrx_word' id='word_1_169' title='bbox 508 1616 616 1653; x_wconf 87' lang='lat' dir='ltr'><strong>enim</strong></span> <span class='ocrx_word' id='word_1_170' title='bbox 645 1614 798 1651; x_wconf 83' lang='lat' dir='ltr'><strong>minora</strong></span> <span class='ocrx_word' id='word_1_171' title='bbox 827 1613 882 1650; x_wconf 88' lang='lat' dir='ltr'><strong>dii</strong></span> <span class='ocrx_word' id='word_1_172' title='bbox 913 1613 1138 1664; x_wconf 87' lang='lat' dir='ltr'><strong>negligunt,</strong></span> <span class='ocrx_word' id='word_1_173' title='bbox 1171 1626 1298 1666; x_wconf 88' lang='lat' dir='ltr'><strong>neque</strong></span> <span class='ocrx_word' id='word_1_174' title='bbox 1325 1615 1472 1666; x_wconf 85' lang='lat' dir='ltr'><strong>agellos</strong></span> <span class='ocrx_word' id='word_1_175' title='bbox 1493 1616 1754 1668; x_wconf 79' lang='lat' dir='ltr'><strong>singulorum,</strong></span> 
     </span>
     <span class='ocr_line' id='line_1_22' title="bbox 365 1678 1755 1736; baseline 0.001 -17"><span class='ocrx_word' id='word_1_176' title='bbox 365 1694 437 1719; x_wconf 90' lang='lat' dir='ltr'><strong>nec</strong></span> <span class='ocrx_word' id='word_1_177' title='bbox 458 1680 638 1718; x_wconf 87' lang='lat' dir='ltr'><strong>viticulas</strong></span> <span class='ocrx_word' id='word_1_178' title='bbox 659 1678 973 1731; x_wconf 88' lang='lat' dir='ltr'><strong>persequuntur:</strong></span> <span class='ocrx_word' id='word_1_179' title='bbox 1006 1691 1093 1722; x_wconf 87' lang='lat' dir='ltr'><strong>nec,</strong></span> <span class='ocrx_word' id='word_1_180' title='bbox 1125 1678 1151 1716; x_wconf 91' lang='lat' dir='ltr'>fi</span> <span class='ocrx_word' id='word_1_181' title='bbox 1181 1679 1314 1724; x_wconf 90' lang='lat' dir='ltr'><strong>uredo,</strong></span> <span class='ocrx_word' id='word_1_182' title='bbox 1346 1690 1413 1718; x_wconf 88' lang='lat' dir='ltr'><strong>aut</strong></span> <span class='ocrx_word' id='word_1_183' title='bbox 1439 1681 1602 1732; x_wconf 87' lang='lat' dir='ltr'><strong>grando,</strong></span> <span class='ocrx_word' id='word_1_184' title='bbox 1631 1684 1755 1736; x_wconf 88' lang='lat' dir='ltr'><strong>quip-</strong></span> 
     </span>
     <span class='ocr_line' id='line_1_23' title="bbox 364 1743 1752 1800; baseline 0.001 -15"><span class='ocrx_word' id='word_1_185' title='bbox 364 1748 470 1800; x_wconf 90' lang='lat' dir='ltr'><strong>piam</strong></span> <span class='ocrx_word' id='word_1_186' title='bbox 507 1746 659 1790; x_wconf 86' lang='lat' dir='ltr'><strong>nocuit,</strong></span> <span class='ocrx_word' id='word_1_187' title='bbox 690 1743 731 1782; x_wconf 92' lang='lat' dir='ltr'><strong>id</strong></span> <span class='ocrx_word' id='word_1_188' title='bbox 761 1744 852 1796; x_wconf 90' lang='lat' dir='ltr'><strong>Jovi</strong></span> <span class='ocrx_word' id='word_1_189' title='bbox 887 1743 1278 1782; x_wconf 80' lang='lat' dir='ltr'><strong>animadvertendum</strong></span> <span class='ocrx_word' id='word_1_190' title='bbox 1309 1743 1402 1784; x_wconf 87' lang='lat' dir='ltr'><strong>fuit.</strong></span> <span class='ocrx_word' id='word_1_191' title='bbox 1449 1745 1514 1784; x_wconf 90' lang='lat' dir='ltr'><strong>Ne</strong></span> <span class='ocrx_word' id='word_1_192' title='bbox 1546 1747 1587 1784; x_wconf 90' lang='lat' dir='ltr'><strong>in</strong></span> <span class='ocrx_word' id='word_1_193' title='bbox 1622 1749 1752 1800; x_wconf 84' lang='lat' dir='ltr'><strong>regnis</strong></span> 
     </span>
     <span class='ocr_line' id='line_1_24' title="bbox 363 1810 1750 1867; baseline 0.001 -15"><span class='ocrx_word' id='word_1_194' title='bbox 363 1813 524 1867; x_wconf 87' lang='lat' dir='ltr'><strong>quidem</strong></span> <span class='ocrx_word' id='word_1_195' title='bbox 546 1825 653 1864; x_wconf 88' lang='lat' dir='ltr'><strong>reges</strong></span> <span class='ocrx_word' id='word_1_196' title='bbox 675 1812 808 1849; x_wconf 90' lang='lat' dir='ltr'><strong>omnia</strong></span> <span class='ocrx_word' id='word_1_197' title='bbox 828 1810 996 1849; x_wconf 83' lang='lat' dir='ltr'><strong>minima</strong></span> <span class='ocrx_word' id='word_1_198' title='bbox 1022 1818 1173 1848; x_wconf 84' lang='lat' dir='ltr'><strong>curant.</strong></span> <span class='ocrx_word' id='word_1_199' title='bbox 1221 1811 1285 1848; x_wconf 86' lang='lat' dir='ltr'><strong>Sic</strong></span> <span class='ocrx_word' id='word_1_200' title='bbox 1316 1812 1423 1850; x_wconf 88' lang='lat' dir='ltr'><strong>enim</strong></span> <span class='ocrx_word' id='word_1_201' title='bbox 1451 1812 1611 1851; x_wconf 89' lang='lat' dir='ltr'><strong>dicitis:</strong></span> <span class='ocrx_word' id='word_1_202' title='bbox 1644 1815 1750 1866; x_wconf 88' lang='lat' dir='ltr'><strong>quafi</strong></span> 
     </span>
     <span class='ocr_line' id='line_1_25' title="bbox 363 1876 1752 1932; baseline 0.002 -15"><span class='ocrx_word' id='word_1_203' title='bbox 363 1893 437 1932; x_wconf 87' lang='lat' dir='ltr'><strong>ego</strong></span> <span class='ocrx_word' id='word_1_204' title='bbox 459 1879 574 1932; x_wconf 88' lang='lat' dir='ltr'><strong>paulo</strong></span> <span class='ocrx_word' id='word_1_205' title='bbox 595 1887 683 1916; x_wconf 89' lang='lat' dir='ltr'><strong>ante</strong></span> <span class='ocrx_word' id='word_1_206' title='bbox 703 1877 750 1915; x_wconf 93' lang='lat' dir='ltr'><strong>de</strong></span> <span class='ocrx_word' id='word_1_207' title='bbox 770 1876 896 1915; x_wconf 86' lang='lat' dir='ltr'><strong>fundo</strong></span> <span class='ocrx_word' id='word_1_208' title='bbox 917 1877 1131 1915; x_wconf 85' lang='lat' dir='ltr'><strong>Formiano</strong></span> <span class='ocrx_word' id='word_1_209' title='bbox 1152 1877 1197 1915; x_wconf 91' lang='lat' dir='ltr'><strong>P.</strong></span> <span class='ocrx_word' id='word_1_210' title='bbox 1216 1877 1364 1914; x_wconf 71' lang='lat' dir='ltr'><strong>Ruu&#39;lii</strong></span> <span class='ocrx_word' id='word_1_211' title='bbox 1385 1878 1454 1916; x_wconf 81' lang='lat' dir='ltr'><strong>sim</strong></span> <span class='ocrx_word' id='word_1_212' title='bbox 1476 1879 1648 1931; x_wconf 85' lang='lat' dir='ltr'><strong>questus,</strong></span> <span class='ocrx_word' id='word_1_213' title='bbox 1673 1895 1752 1920; x_wconf 88' lang='lat' dir='ltr'><strong>non</strong></span> 
     </span>
     <span class='ocr_line' id='line_1_26' title="bbox 365 1944 719 1983; baseline -0.003 -1"><span class='ocrx_word' id='word_1_214' title='bbox 365 1945 413 1983; x_wconf 94' lang='lat' dir='ltr'><strong>de</strong></span> <span class='ocrx_word' id='word_1_215' title='bbox 433 1944 563 1982; x_wconf 87' lang='lat' dir='ltr'><strong>amiffa</strong></span> <span class='ocrx_word' id='word_1_216' title='bbox 585 1944 719 1982; x_wconf 87' lang='lat' dir='ltr'><strong>salute.</strong></span> 
     </span>
    </p>

    <p class='ocr_par' dir='ltr' id='par_1_6' title="bbox 363 2008 1769 2595">
     <span class='ocr_line' id='line_1_27' title="bbox 418 2008 1752 2062; baseline 0.002 -14"><span class='ocrx_word' id='word_1_217' title='bbox 418 2011 613 2048; x_wconf 84' lang='lat' dir='ltr'>XXXVI.</span> <span class='ocrx_word' id='word_1_218' title='bbox 645 2012 781 2062; x_wconf 90' lang='lat' dir='ltr'><strong>Atque</strong></span> <span class='ocrx_word' id='word_1_219' title='bbox 813 2008 890 2047; x_wconf 91' lang='lat' dir='ltr'><strong>hoc</strong></span> <span class='ocrx_word' id='word_1_220' title='bbox 926 2008 1090 2062; x_wconf 86' lang='lat' dir='ltr'><strong>quidem</strong></span> <span class='ocrx_word' id='word_1_221' title='bbox 1122 2022 1259 2048; x_wconf 90' lang='lat' dir='ltr'><strong>omnes</strong></span> <span class='ocrx_word' id='word_1_222' title='bbox 1294 2010 1476 2049; x_wconf 85' lang='lat' dir='ltr'><strong>mortales</strong></span> <span class='ocrx_word' id='word_1_223' title='bbox 1506 2010 1557 2049; x_wconf 89' lang='lat' dir='ltr'><strong>fic</strong></span> <span class='ocrx_word' id='word_1_224' title='bbox 1588 2010 1752 2059; x_wconf 73' lang='lat' dir='ltr'><strong>habent,</strong></span> 
     </span>
     <span class='ocr_line' id='line_1_28' title="bbox 363 2075 1753 2129; baseline 0.001 -13"><span class='ocrx_word' id='word_1_225' title='bbox 363 2087 539 2117; x_wconf 85' lang='lat' dir='ltr'><strong>externas</strong></span> <span class='ocrx_word' id='word_1_226' title='bbox 579 2075 897 2122; x_wconf 88' lang='lat' dir='ltr'><strong>commoditates,</strong></span> <span class='ocrx_word' id='word_1_227' title='bbox 937 2076 1082 2121; x_wconf 88' lang='lat' dir='ltr'><strong>vineta,</strong></span> <span class='ocrx_word' id='word_1_228' title='bbox 1136 2077 1298 2129; x_wconf 81' lang='lat' dir='ltr'><strong>segetes,</strong></span> <span class='ocrx_word' id='word_1_229' title='bbox 1337 2078 1493 2124; x_wconf 87' lang='lat' dir='ltr'><strong>oliveta,</strong></span> <span class='ocrx_word' id='word_1_230' title='bbox 1535 2079 1753 2118; x_wconf 89' lang='lat' dir='ltr'><strong>ubertatem</strong></span> 
     </span>
     <span class='ocr_line' id='line_1_29' title="bbox 364 2142 1752 2198; baseline 0.001 -16"><span class='ocrx_word' id='word_1_231' title='bbox 364 2143 528 2196; x_wconf 88' lang='lat' dir='ltr'><strong>frugum</strong></span> <span class='ocrx_word' id='word_1_232' title='bbox 555 2153 593 2180; x_wconf 93' lang='lat' dir='ltr'><strong>et</strong></span> <span class='ocrx_word' id='word_1_233' title='bbox 627 2142 845 2187; x_wconf 60' lang='lat' dir='ltr'><strong>fruetuum,</strong></span> <span class='ocrx_word' id='word_1_234' title='bbox 881 2156 1043 2181; x_wconf 89' lang='lat' dir='ltr'><strong>omnem</strong></span> <span class='ocrx_word' id='word_1_235' title='bbox 1070 2142 1240 2195; x_wconf 89' lang='lat' dir='ltr'><strong>denique</strong></span> <span class='ocrx_word' id='word_1_236' title='bbox 1267 2145 1607 2190; x_wconf 84' lang='lat' dir='ltr'><strong>commoditatem,</strong></span> <span class='ocrx_word' id='word_1_237' title='bbox 1641 2146 1752 2198; x_wconf 91' lang='lat' dir='ltr'><strong>pros-</strong></span> 
     </span>
     <span class='ocr_line' id='line_1_30' title="bbox 364 2208 1750 2262; baseline 0.002 -15"><span class='ocrx_word' id='word_1_238' title='bbox 364 2211 652 2262; x_wconf 87' lang='lat' dir='ltr'><strong>peritatemque</strong></span> <span class='ocrx_word' id='word_1_239' title='bbox 683 2209 786 2253; x_wconf 85' lang='lat' dir='ltr'><strong>vitae,</strong></span> <span class='ocrx_word' id='word_1_240' title='bbox 822 2221 842 2245; x_wconf 90' lang='lat' dir='ltr'><strong>a</strong></span> <span class='ocrx_word' id='word_1_241' title='bbox 875 2208 948 2246; x_wconf 84' lang='lat' dir='ltr'><strong>diis</strong></span> <span class='ocrx_word' id='word_1_242' title='bbox 980 2209 1016 2246; x_wconf 91' lang='lat' dir='ltr'><strong>se</strong></span> <span class='ocrx_word' id='word_1_243' title='bbox 1045 2208 1215 2247; x_wconf 85' lang='lat' dir='ltr'><strong>habere:</strong></span> <span class='ocrx_word' id='word_1_244' title='bbox 1253 2210 1441 2249; x_wconf 89' lang='lat' dir='ltr'><strong>virtutem</strong></span> <span class='ocrx_word' id='word_1_245' title='bbox 1468 2222 1599 2249; x_wconf 86' lang='lat' dir='ltr'><strong>autem</strong></span> <span class='ocrx_word' id='word_1_246' title='bbox 1632 2225 1750 2250; x_wconf 90' lang='lat' dir='ltr'><strong>nemo</strong></span> 
     </span>
     <span class='ocr_line' id='line_1_31' title="bbox 366 2274 1753 2328; baseline 0.001 -15"><span class='ocrx_word' id='word_1_247' title='bbox 366 2289 541 2327; x_wconf 87' lang='lat' dir='ltr'><strong>unquam</strong></span> <span class='ocrx_word' id='word_1_248' title='bbox 562 2284 760 2327; x_wconf 87' lang='lat' dir='ltr'><strong>acceptam</strong></span> <span class='ocrx_word' id='word_1_249' title='bbox 783 2274 855 2311; x_wconf 88' lang='lat' dir='ltr'><strong>deo</strong></span> <span class='ocrx_word' id='word_1_250' title='bbox 877 2274 1026 2313; x_wconf 90' lang='lat' dir='ltr'><strong>retulit.</strong></span> <span class='ocrx_word' id='word_1_251' title='bbox 1080 2274 1288 2314; x_wconf 87' lang='lat' dir='ltr'><strong>Nimirum</strong></span> <span class='ocrx_word' id='word_1_252' title='bbox 1316 2278 1432 2315; x_wconf 63' lang='lat' dir='ltr'><strong>rec&#39;te.</strong></span> <span class='ocrx_word' id='word_1_253' title='bbox 1478 2278 1641 2328; x_wconf 83' lang='lat' dir='ltr'><strong>Propter</strong></span> <span class='ocrx_word' id='word_1_254' title='bbox 1672 2279 1753 2315; x_wconf 85' lang='lat' dir='ltr'><strong>vir-</strong></span> 
     </span>
     <span class='ocr_line' id='line_1_32' title="bbox 364 2340 1751 2395; baseline 0.001 -15"><span class='ocrx_word' id='word_1_255' title='bbox 364 2351 491 2380; x_wconf 81' lang='lat' dir='ltr'><strong>tutem</strong></span> <span class='ocrx_word' id='word_1_256' title='bbox 527 2342 633 2379; x_wconf 87' lang='lat' dir='ltr'><strong>enim</strong></span> <span class='ocrx_word' id='word_1_257' title='bbox 665 2342 753 2393; x_wconf 90' lang='lat' dir='ltr'><strong>jure</strong></span> <span class='ocrx_word' id='word_1_258' title='bbox 787 2340 1006 2385; x_wconf 82' lang='lat' dir='ltr'><strong>laudamur,</strong></span> <span class='ocrx_word' id='word_1_259' title='bbox 1045 2349 1084 2378; x_wconf 90' lang='lat' dir='ltr'><strong>et</strong></span> <span class='ocrx_word' id='word_1_260' title='bbox 1118 2342 1158 2379; x_wconf 85' lang='lat' dir='ltr'><strong>in</strong></span> <span class='ocrx_word' id='word_1_261' title='bbox 1193 2343 1338 2380; x_wconf 89' lang='lat' dir='ltr'><strong>virtute</strong></span> <span class='ocrx_word' id='word_1_262' title='bbox 1373 2345 1473 2381; x_wconf 62' lang='lat' dir='ltr'><strong>recte</strong></span> <span class='ocrx_word' id='word_1_263' title='bbox 1505 2344 1751 2395; x_wconf 84' lang='lat' dir='ltr'><strong>gloriamur:</strong></span> 
     </span>
     <span class='ocr_line' id='line_1_33' title="bbox 366 2407 1752 2461; baseline 0.002 -16"><span class='ocrx_word' id='word_1_264' title='bbox 366 2407 475 2461; x_wconf 89' lang='lat' dir='ltr'><strong>quod</strong></span> <span class='ocrx_word' id='word_1_265' title='bbox 497 2421 575 2446; x_wconf 89' lang='lat' dir='ltr'><strong>non</strong></span> <span class='ocrx_word' id='word_1_266' title='bbox 599 2408 861 2459; x_wconf 85' lang='lat' dir='ltr'><strong>contingeret,</strong></span> <span class='ocrx_word' id='word_1_267' title='bbox 893 2407 919 2444; x_wconf 87' lang='lat' dir='ltr'><strong>fi</strong></span> <span class='ocrx_word' id='word_1_268' title='bbox 942 2407 981 2445; x_wconf 90' lang='lat' dir='ltr'><strong>id</strong></span> <span class='ocrx_word' id='word_1_269' title='bbox 1003 2408 1153 2446; x_wconf 90' lang='lat' dir='ltr'><strong>donum</strong></span> <span class='ocrx_word' id='word_1_270' title='bbox 1174 2422 1195 2446; x_wconf 90' lang='lat' dir='ltr'><strong>a</strong></span> <span class='ocrx_word' id='word_1_271' title='bbox 1214 2409 1301 2454; x_wconf 88' lang='lat' dir='ltr'><strong>deo,</strong></span> <span class='ocrx_word' id='word_1_272' title='bbox 1338 2423 1415 2447; x_wconf 88' lang='lat' dir='ltr'><strong>non</strong></span> <span class='ocrx_word' id='word_1_273' title='bbox 1438 2423 1457 2446; x_wconf 92' lang='lat' dir='ltr'><strong>a</strong></span> <span class='ocrx_word' id='word_1_274' title='bbox 1479 2410 1607 2454; x_wconf 88' lang='lat' dir='ltr'><strong>nobis,</strong></span> <span class='ocrx_word' id='word_1_275' title='bbox 1629 2409 1752 2448; x_wconf 85' lang='lat' dir='ltr'><strong>habe-</strong></span> 
     </span>
     <span class='ocr_line' id='line_1_34' title="bbox 366 2472 1753 2520; baseline 0.001 -8"><span class='ocrx_word' id='word_1_276' title='bbox 366 2486 510 2512; x_wconf 86' lang='lat' dir='ltr'><strong>remus.</strong></span> <span class='ocrx_word' id='word_1_277' title='bbox 557 2474 612 2511; x_wconf 90' lang='lat' dir='ltr'><strong>At</strong></span> <span class='ocrx_word' id='word_1_278' title='bbox 644 2486 734 2511; x_wconf 87' lang='lat' dir='ltr'><strong>vero</strong></span> <span class='ocrx_word' id='word_1_279' title='bbox 755 2483 822 2511; x_wconf 88' lang='lat' dir='ltr'><strong>aut</strong></span> <span class='ocrx_word' id='word_1_280' title='bbox 844 2472 1063 2512; x_wconf 84' lang='lat' dir='ltr'><strong>honoribus</strong></span> <span class='ocrx_word' id='word_1_281' title='bbox 1091 2475 1207 2520; x_wconf 61' lang='lat' dir='ltr'><strong>aucti,</strong></span> <span class='ocrx_word' id='word_1_282' title='bbox 1245 2484 1310 2512; x_wconf 88' lang='lat' dir='ltr'><strong>aut</strong></span> <span class='ocrx_word' id='word_1_283' title='bbox 1332 2489 1370 2512; x_wconf 92' lang='lat' dir='ltr'><strong>re</strong></span> <span class='ocrx_word' id='word_1_284' title='bbox 1398 2475 1597 2519; x_wconf 84' lang='lat' dir='ltr'><strong>familiari,</strong></span> <span class='ocrx_word' id='word_1_285' title='bbox 1633 2485 1699 2514; x_wconf 89' lang='lat' dir='ltr'><strong>aut</strong></span> <span class='ocrx_word' id='word_1_286' title='bbox 1727 2477 1753 2515; x_wconf 90' lang='lat' dir='ltr'><strong>s1</strong></span> 
     </span>
     <span class='ocr_line' id='line_1_35' title="bbox 366 2539 1769 2595; baseline 0.002 -16"><span class='ocrx_word' id='word_1_287' title='bbox 366 2539 479 2579; x_wconf 83' lang='lat' dir='ltr'><strong>aliud</strong></span> <span class='ocrx_word' id='word_1_288' title='bbox 496 2539 705 2594; x_wconf 85' lang='lat' dir='ltr'><strong>quippiam</strong></span> <span class='ocrx_word' id='word_1_289' title='bbox 726 2541 829 2579; x_wconf 64' lang='lat' dir='ltr'><strong>nadti</strong></span> <span class='ocrx_word' id='word_1_290' title='bbox 850 2539 984 2581; x_wconf 86' lang='lat' dir='ltr'><strong>sumus</strong></span> <span class='ocrx_word' id='word_1_291' title='bbox 1005 2540 1163 2582; x_wconf 87' lang='lat' dir='ltr'><strong>fortuiti</strong></span> <span class='ocrx_word' id='word_1_292' title='bbox 1185 2542 1294 2586; x_wconf 87' lang='lat' dir='ltr'><strong>boni,</strong></span> <span class='ocrx_word' id='word_1_293' title='bbox 1312 2550 1378 2578; x_wconf 88' lang='lat' dir='ltr'><strong>aut</strong></span> <span class='ocrx_word' id='word_1_294' title='bbox 1399 2541 1625 2595; x_wconf 87' lang='lat' dir='ltr'><strong>depulimus</strong></span> <span class='ocrx_word' id='word_1_295' title='bbox 1645 2544 1769 2590; x_wconf 79' lang='lat' dir='ltr'><strong>mali,.</strong></span> 
     </span>
    </p>

    <p class='ocr_par' dir='ltr' id='par_1_7' title="bbox 1272 2608 1465 2648">
     <span class='ocr_line' id='line_1_36' title="bbox 1272 2608 1465 2648; baseline 0 -2"><span class='ocrx_word' id='word_1_296' title='bbox 1272 2608 1310 2646; x_wconf 92' lang='lat' dir='ltr'><strong>T</strong></span> <span class='ocrx_word' id='word_1_297' title='bbox 1342 2615 1358 2646; x_wconf 90' lang='lat' dir='ltr'><strong>t</strong></span> <span class='ocrx_word' id='word_1_298' title='bbox 1387 2616 1404 2647; x_wconf 88' lang='lat' dir='ltr'><strong>t</strong></span> <span class='ocrx_word' id='word_1_299' title='bbox 1433 2621 1465 2648; x_wconf 70' lang='lat'><strong>2.</strong></span> 
     </span>
    </p>
   </div>
  </div>
 </body>
</html>
