<?xml version="1.0" encoding="UTF-8"?>
<!DOCTYPE html PUBLIC "-//W3C//DTD XHTML 1.0 Transitional//EN"
    "http://www.w3.org/TR/xhtml1/DTD/xhtml1-transitional.dtd">
<html xmlns="http://www.w3.org/1999/xhtml" xml:lang="en" lang="en">
 <head>
  <title>
</title>
<meta http-equiv="Content-Type" content="text/html;charset=utf-8" />
  <meta name='ocr-system' content='tesseract 3.04.00' />
  <meta name='ocr-capabilities' content='ocr_page ocr_carea ocr_par ocr_line ocrx_word'/>
</head>
<body>
  <div class='ocr_page' id='page_1' title='image "./operacumindicibu02ciceuoft_0074.png"; bbox 0 0 2330 2983; ppageno 0'>
   <div class='ocr_carea' id='block_1_1' title="bbox 580 208 1660 258">
    <p class='ocr_par' dir='ltr' id='par_1_1' title="bbox 580 208 1660 258">
     <span class='ocr_line' id='line_1_1' title="bbox 580 208 1660 258; baseline 0.003 -3"><span class='ocrx_word' id='word_1_1' title='bbox 580 217 631 255; x_wconf 83' lang='lat'>66</span> <span class='ocrx_word' id='word_1_2' title='bbox 885 208 1660 258; x_wconf 68' lang='lat' dir='ltr'>ACADIEMICOR&#39;UM</span> 
     </span>
    </p>
   </div>
   <div class='ocr_carea' id='block_1_2' title="bbox 581 314 1986 2600">
    <p class='ocr_par' dir='ltr' id='par_1_2' title="bbox 581 314 1980 696">
     <span class='ocr_line' id='line_1_2' title="bbox 581 314 1976 369; baseline 0.006 -21"><span class='ocrx_word' id='word_1_3' title='bbox 581 325 718 350; x_wconf 82' lang='lat' dir='ltr'>novam</span> <span class='ocrx_word' id='word_1_4' title='bbox 749 325 770 349; x_wconf 90' lang='lat' dir='ltr'>e</span> <span class='ocrx_word' id='word_1_5' title='bbox 789 321 912 350; x_wconf 88' lang='lat' dir='ltr'>vetere</span> <span class='ocrx_word' id='word_1_6' title='bbox 930 314 943 350; x_wconf 92' lang='lat'>?</span> <span class='ocrx_word' id='word_1_7' title='bbox 975 315 1088 351; x_wconf 82' lang='lat' dir='ltr'>Certe</span> <span class='ocrx_word' id='word_1_8' title='bbox 1118 315 1221 352; x_wconf 80' lang='lat' dir='ltr'>enim</span> <span class='ocrx_word' id='word_1_9' title='bbox 1243 315 1493 354; x_wconf 67' lang='lat' dir='ltr'>recentissima</span> <span class='ocrx_word' id='word_1_10' title='bbox 1511 329 1672 369; x_wconf 87' lang='lat' dir='ltr'>quaeque</span> <span class='ocrx_word' id='word_1_11' title='bbox 1702 315 1790 355; x_wconf 89' lang='lat' dir='ltr'>sunt</span> <span class='ocrx_word' id='word_1_12' title='bbox 1808 318 1976 356; x_wconf 63' lang='lat' dir='ltr'>correcta</span> 
     </span>
     <span class='ocr_line' id='line_1_3' title="bbox 581 377 1973 436; baseline 0.005 -22"><span class='ocrx_word' id='word_1_13' title='bbox 581 386 618 414; x_wconf 88' lang='lat' dir='ltr'>et</span> <span class='ocrx_word' id='word_1_14' title='bbox 639 377 836 415; x_wconf 86' lang='lat' dir='ltr'>emendata</span> <span class='ocrx_word' id='word_1_15' title='bbox 856 379 1038 417; x_wconf 84' lang='lat' dir='ltr'><strong>maxime.</strong></span> <span class='ocrx_word' id='word_1_16' title='bbox 1061 381 1296 432; x_wconf 85' lang='lat' dir='ltr'>Qanquam</span> <span class='ocrx_word' id='word_1_17' title='bbox 1316 380 1504 420; x_wconf 89' lang='lat' dir='ltr'>Antiochi</span> <span class='ocrx_word' id='word_1_18' title='bbox 1524 382 1701 435; x_wconf 88' lang='lat' dir='ltr'>magister</span> <span class='ocrx_word' id='word_1_19' title='bbox 1712 381 1841 428; x_wconf 90' lang='lat' dir='ltr'>Philo,</span> <span class='ocrx_word' id='word_1_20' title='bbox 1862 396 1973 436; x_wconf 90' lang='lat' dir='ltr'>mag-</span> 
     </span>
     <span class='ocr_line' id='line_1_4' title="bbox 582 443 1975 500; baseline 0.006 -21"><span class='ocrx_word' id='word_1_21' title='bbox 582 455 653 480; x_wconf 84' lang='lat' dir='ltr'>nus</span> <span class='ocrx_word' id='word_1_22' title='bbox 674 443 743 487; x_wconf 91' lang='lat' dir='ltr'>vir,</span> <span class='ocrx_word' id='word_1_23' title='bbox 765 452 808 481; x_wconf 92' lang='lat' dir='ltr'>ut</span> <span class='ocrx_word' id='word_1_24' title='bbox 828 452 870 481; x_wconf 87' lang='lat' dir='ltr'>tu</span> <span class='ocrx_word' id='word_1_25' title='bbox 888 444 1080 483; x_wconf 82' lang='lat' dir='ltr'>existimas</span> <span class='ocrx_word' id='word_1_26' title='bbox 1101 445 1194 497; x_wconf 91' lang='lat' dir='ltr'>ipse,</span> <span class='ocrx_word' id='word_1_27' title='bbox 1207 456 1358 498; x_wconf 83' lang='lat' dir='ltr'>negaret</span> <span class='ocrx_word' id='word_1_28' title='bbox 1378 447 1417 484; x_wconf 92' lang='lat' dir='ltr'>in</span> <span class='ocrx_word' id='word_1_29' title='bbox 1437 447 1545 486; x_wconf 85' lang='lat' dir='ltr'>libris</span> <span class='ocrx_word' id='word_1_30' title='bbox 1568 448 1691 500; x_wconf 89' lang='lat' dir='ltr'>(quod</span> <span class='ocrx_word' id='word_1_31' title='bbox 1710 461 1839 487; x_wconf 87' lang='lat' dir='ltr'>coram</span> <span class='ocrx_word' id='word_1_32' title='bbox 1858 449 1975 488; x_wconf 86' lang='lat' dir='ltr'>etiam</span> 
     </span>
     <span class='ocr_line' id='line_1_5' title="bbox 582 507 1977 566; baseline 0.006 -22"><span class='ocrx_word' id='word_1_33' title='bbox 582 519 628 544; x_wconf 87' lang='lat' dir='ltr'>ex</span> <span class='ocrx_word' id='word_1_34' title='bbox 660 507 740 559; x_wconf 91' lang='lat' dir='ltr'>ipso</span> <span class='ocrx_word' id='word_1_35' title='bbox 769 508 1035 562; x_wconf 86' lang='lat' dir='ltr'>audiebamus)</span> <span class='ocrx_word' id='word_1_36' title='bbox 1070 510 1162 548; x_wconf 92' lang='lat' dir='ltr'>duas</span> <span class='ocrx_word' id='word_1_37' title='bbox 1182 511 1409 550; x_wconf 86' lang='lat' dir='ltr'>Academias</span> <span class='ocrx_word' id='word_1_38' title='bbox 1434 511 1506 550; x_wconf 81' lang='lat' dir='ltr'>effe</span> <span class='ocrx_word' id='word_1_39' title='bbox 1522 531 1532 557; x_wconf 70' lang='grc' dir='ltr'><strong><em>ς</em></strong></span> <span class='ocrx_word' id='word_1_40' title='bbox 1564 527 1807 566; x_wconf 86' lang='lat' dir='ltr'>erroremque</span> <span class='ocrx_word' id='word_1_41' title='bbox 1825 527 1977 558; x_wconf 85' lang='lat' dir='ltr'>eorum,</span> 
     </span>
     <span class='ocr_line' id='line_1_6' title="bbox 584 572 1980 632; baseline 0.007 -24"><span class='ocrx_word' id='word_1_42' title='bbox 584 572 650 623; x_wconf 87' lang='lat' dir='ltr'>qui</span> <span class='ocrx_word' id='word_1_43' title='bbox 672 573 723 610; x_wconf 88' lang='lat' dir='ltr'>ita</span> <span class='ocrx_word' id='word_1_44' title='bbox 742 582 939 625; x_wconf 84' lang='lat' dir='ltr'>putarunt,</span> <span class='ocrx_word' id='word_1_45' title='bbox 961 576 1147 627; x_wconf 87' lang='lat' dir='ltr'>coarguit.</span> <span class='ocrx_word' id='word_1_46' title='bbox 1184 576 1266 621; x_wconf 87' lang='lat' dir='ltr'>Est,</span> <span class='ocrx_word' id='word_1_47' title='bbox 1286 577 1428 629; x_wconf 90' lang='lat' dir='ltr'>inquit,</span> <span class='ocrx_word' id='word_1_48' title='bbox 1451 587 1493 615; x_wconf 91' lang='lat' dir='ltr'>ut</span> <span class='ocrx_word' id='word_1_49' title='bbox 1513 578 1634 617; x_wconf 90' lang='lat' dir='ltr'>dicis:</span> <span class='ocrx_word' id='word_1_50' title='bbox 1666 579 1728 618; x_wconf 89' lang='lat' dir='ltr'>sed</span> <span class='ocrx_word' id='word_1_51' title='bbox 1747 580 1919 632; x_wconf 88' lang='lat' dir='ltr'>ignorare</span> <span class='ocrx_word' id='word_1_52' title='bbox 1940 589 1980 618; x_wconf 83' lang='lat' dir='ltr'>te</span> 
     </span>
     <span class='ocr_line' id='line_1_7' title="bbox 584 637 1797 696; baseline 0.007 -22"><span class='ocrx_word' id='word_1_53' title='bbox 584 650 660 675; x_wconf 91' lang='lat' dir='ltr'>non</span> <span class='ocrx_word' id='word_1_54' title='bbox 679 637 852 683; x_wconf 84' lang='lat' dir='ltr'>arbitror,</span> <span class='ocrx_word' id='word_1_55' title='bbox 874 651 959 690; x_wconf 83' lang='lat' dir='ltr'>quae</span> <span class='ocrx_word' id='word_1_56' title='bbox 977 648 1109 677; x_wconf 89' lang='lat' dir='ltr'>contra</span> <span class='ocrx_word' id='word_1_57' title='bbox 1124 639 1336 679; x_wconf 83' lang='lat' dir='ltr'>&#39;Philonem</span> <span class='ocrx_word' id='word_1_58' title='bbox 1356 641 1576 681; x_wconf 87' lang='lat' dir='ltr'>Antiochus</span> <span class='ocrx_word' id='word_1_59' title='bbox 1596 643 1797 696; x_wconf 87' lang='lat' dir='ltr'>scripserit.</span> 
     </span>
    </p>

    <p class='ocr_par' dir='ltr' id='par_1_3' title="bbox 583 703 1980 1215">
     <span class='ocr_line' id='line_1_8' title="bbox 639 703 1977 761; baseline 0.006 -22"><span class='ocrx_word' id='word_1_60' title='bbox 639 703 767 740; x_wconf 91' lang='lat' dir='ltr'>Immo</span> <span class='ocrx_word' id='word_1_61' title='bbox 800 715 888 740; x_wconf 89' lang='lat' dir='ltr'>vero</span> <span class='ocrx_word' id='word_1_62' title='bbox 919 713 958 741; x_wconf 90' lang='lat' dir='ltr'>et</span> <span class='ocrx_word' id='word_1_63' title='bbox 989 703 1110 749; x_wconf 81' lang='lat' dir='ltr'>istam,</span> <span class='ocrx_word' id='word_1_64' title='bbox 1147 714 1185 742; x_wconf 90' lang='lat' dir='ltr'>et</span> <span class='ocrx_word' id='word_1_65' title='bbox 1216 714 1344 753; x_wconf 17' lang='lat' dir='ltr'>,totam</span> <span class='ocrx_word' id='word_1_66' title='bbox 1376 716 1543 745; x_wconf 91' lang='lat' dir='ltr'>veterem</span> <span class='ocrx_word' id='word_1_67' title='bbox 1576 708 1843 753; x_wconf 87' lang='lat' dir='ltr'>Academiam,</span> <span class='ocrx_word' id='word_1_68' title='bbox 1878 708 1977 761; x_wconf 59' lang='lat' dir='ltr'>aqu&amp;</span> 
     </span>
     <span class='ocr_line' id='line_1_9' title="bbox 584 767 1980 819; baseline 0.006 -15"><span class='ocrx_word' id='word_1_69' title='bbox 584 767 824 819; x_wconf 85' lang='lat' dir='ltr'>absumptam</span> <span class='ocrx_word' id='word_1_70' title='bbox 844 768 924 812; x_wconf 92' lang='lat' dir='ltr'>diu,</span> <span class='ocrx_word' id='word_1_71' title='bbox 941 770 1111 807; x_wconf 88' lang='lat' dir='ltr'>renovari</span> <span class='ocrx_word' id='word_1_72' title='bbox 1125 779 1216 814; x_wconf 71' lang='lat' dir='ltr'>ate,</span> <span class='ocrx_word' id='word_1_73' title='bbox 1233 771 1301 808; x_wconf 76' lang='lat' dir='ltr'>nisi</span> <span class='ocrx_word' id='word_1_74' title='bbox 1322 771 1528 810; x_wconf 90' lang='lat' dir='ltr'>molestum</span> <span class='ocrx_word' id='word_1_75' title='bbox 1543 772 1610 817; x_wconf 88' lang='lat' dir='ltr'>est,</span> <span class='ocrx_word' id='word_1_76' title='bbox 1626 773 1768 811; x_wconf 89' lang='lat' dir='ltr'>velim:</span> <span class='ocrx_word' id='word_1_77' title='bbox 1790 783 1830 811; x_wconf 85' lang='lat' dir='ltr'>et</span> <span class='ocrx_word' id='word_1_78' title='bbox 1848 773 1980 818; x_wconf 75' lang='lat' dir='ltr'>simul,</span> 
     </span>
     <span class='ocr_line' id='line_1_10' title="bbox 584 833 1978 891; baseline 0.006 -22"><span class='ocrx_word' id='word_1_79' title='bbox 584 833 797 878; x_wconf 84' lang='lat' dir='ltr'>affidamus,</span> <span class='ocrx_word' id='word_1_80' title='bbox 828 834 1002 885; x_wconf 90' lang='lat' dir='ltr'>inquam,</span> <span class='ocrx_word' id='word_1_81' title='bbox 1018 834 1050 872; x_wconf 85' lang='lat' dir='ltr'>-fi</span> <span class='ocrx_word' id='word_1_82' title='bbox 1070 835 1233 874; x_wconf 87' lang='lat' dir='ltr'>videtur.</span> <span class='ocrx_word' id='word_1_83' title='bbox 1279 837 1372 874; x_wconf 89' lang='lat' dir='ltr'>Sane</span> <span class='ocrx_word' id='word_1_84' title='bbox 1391 837 1489 874; x_wconf 82' lang='lat' dir='ltr'>istud</span> <span class='ocrx_word' id='word_1_85' title='bbox 1509 837 1684 889; x_wconf 91' lang='lat' dir='ltr'>quidem,</span> <span class='ocrx_word' id='word_1_86' title='bbox 1704 838 1834 891; x_wconf 87' lang='lat' dir='ltr'>inquit</span> <span class='ocrx_word' id='word_1_87' title='bbox 1851 853 1861 877; x_wconf 73' lang='grc' dir='ltr'><strong><em>ε</em></strong></span> <span class='ocrx_word' id='word_1_88' title='bbox 1885 838 1978 877; x_wconf 76' lang='lat' dir='ltr'>sum</span> 
     </span>
     <span class='ocr_line' id='line_1_11' title="bbox 583 898 1980 957; baseline 0.006 -22"><span class='ocrx_word' id='word_1_89' title='bbox 583 899 688 936; x_wconf 89' lang='lat' dir='ltr'>enim</span> <span class='ocrx_word' id='word_1_90' title='bbox 703 898 918 937; x_wconf 66' lang='lat' dir='ltr'>‘admodum</span> <span class='ocrx_word' id='word_1_91' title='bbox 939 899 1130 938; x_wconf 84' lang='lat' dir='ltr'>infirmus.</span> <span class='ocrx_word' id='word_1_92' title='bbox 1176 900 1252 938; x_wconf 83' lang='lat' dir='ltr'>Sed</span> <span class='ocrx_word' id='word_1_93' title='bbox 1270 901 1482 947; x_wconf 85' lang='lat' dir='ltr'>videamus,</span> <span class='ocrx_word' id='word_1_94' title='bbox 1503 903 1659 942; x_wconf 85' lang='lat' dir='ltr'>idemne</span> <span class='ocrx_word' id='word_1_95' title='bbox 1678 904 1817 942; x_wconf 90' lang='lat' dir='ltr'>Attico</span> <span class='ocrx_word' id='word_1_96' title='bbox 1833 904 1980 957; x_wconf 77' lang='lat' dir='ltr'>placeat</span> 
     </span>
     <span class='ocr_line' id='line_1_12' title="bbox 585 962 1980 1021; baseline 0.006 -21"><span class='ocrx_word' id='word_1_97' title='bbox 585 962 666 1001; x_wconf 90' lang='lat' dir='ltr'>fieri</span> <span class='ocrx_word' id='word_1_98' title='bbox 686 977 707 1001; x_wconf 86' lang='lat' dir='ltr'>a</span> <span class='ocrx_word' id='word_1_99' title='bbox 726 977 803 1009; x_wconf 88' lang='lat' dir='ltr'>me,</span> <span class='ocrx_word' id='word_1_100' title='bbox 825 963 928 1016; x_wconf 86' lang='lat' dir='ltr'>quod</span> <span class='ocrx_word' id='word_1_101' title='bbox 949 973 986 1002; x_wconf 92' lang='lat' dir='ltr'>te</span> <span class='ocrx_word' id='word_1_102' title='bbox 1005 965 1103 1003; x_wconf 89' lang='lat' dir='ltr'>velle</span> <span class='ocrx_word' id='word_1_103' title='bbox 1122 966 1246 1005; x_wconf 86' lang='lat' dir='ltr'>video.</span> <span class='ocrx_word' id='word_1_104' title='bbox 1283 966 1392 1005; x_wconf 89' lang='lat' dir='ltr'>Mihi</span> <span class='ocrx_word' id='word_1_105' title='bbox 1411 981 1512 1013; x_wconf 85' lang='lat' dir='ltr'>vero,</span> <span class='ocrx_word' id='word_1_106' title='bbox 1533 969 1614 1008; x_wconf 87' lang='lat' dir='ltr'>ille.</span> <span class='ocrx_word' id='word_1_107' title='bbox 1646 969 1766 1021; x_wconf 75' lang='lat' dir='ltr'>&#39;Qid</span> <span class='ocrx_word' id='word_1_108' title='bbox 1784 969 1838 1008; x_wconf 87' lang='lat' dir='ltr'>est</span> <span class='ocrx_word' id='word_1_109' title='bbox 1855 970 1980 1014; x_wconf 80' lang='lat' dir='ltr'>enim,</span> 
     </span>
     <span class='ocr_line' id='line_1_13' title="bbox 585 1029 1979 1086; baseline 0.006 -20"><span class='ocrx_word' id='word_1_110' title='bbox 585 1029 860 1081; x_wconf 66' lang='lat' dir='ltr'>quod‘malim,</span> <span class='ocrx_word' id='word_1_111' title='bbox 895 1042 1012 1082; x_wconf 90' lang='lat' dir='ltr'>quam</span> <span class='ocrx_word' id='word_1_112' title='bbox 1037 1043 1089 1069; x_wconf 25' lang='lat' dir='ltr'>rex</span> <span class='ocrx_word' id='word_1_113' title='bbox 1109 1031 1309 1071; x_wconf 89' lang='lat' dir='ltr'>Antiocho</span> <span class='ocrx_word' id='word_1_114' title='bbox 1332 1034 1414 1085; x_wconf 87' lang='lat' dir='ltr'>jam</span> <span class='ocrx_word' id='word_1_115' title='bbox 1445 1034 1594 1086; x_wconf 85' lang='lat' dir='ltr'>pridem</span> <span class='ocrx_word' id='word_1_116' title='bbox 1611 1035 1750 1074; x_wconf 86' lang='lat' dir='ltr'>audita</span> <span class='ocrx_word' id='word_1_117' title='bbox 1779 1036 1979 1081; x_wconf 87' lang='lat' dir='ltr'>recordari,</span> 
     </span>
     <span class='ocr_line' id='line_1_14' title="bbox 585 1094 1980 1153; baseline 0.006 -22"><span class='ocrx_word' id='word_1_118' title='bbox 585 1103 623 1132; x_wconf 90' lang='lat' dir='ltr'>et</span> <span class='ocrx_word' id='word_1_119' title='bbox 643 1094 754 1132; x_wconf 81' lang='lat' dir='ltr'>fimul</span> <span class='ocrx_word' id='word_1_120' title='bbox 781 1095 920 1140; x_wconf 87' lang='lat' dir='ltr'>videre,</span> <span class='ocrx_word' id='word_1_121' title='bbox 951 1095 1083 1134; x_wconf 86' lang='lat' dir='ltr'>satisne</span> <span class='ocrx_word' id='word_1_122' title='bbox 1113 1110 1154 1135; x_wconf 88' lang='lat' dir='ltr'>ea</span> <span class='ocrx_word' id='word_1_123' title='bbox 1173 1099 1378 1137; x_wconf 89' lang='lat' dir='ltr'>commode</span> <span class='ocrx_word' id='word_1_124' title='bbox 1404 1100 1482 1138; x_wconf 90' lang='lat' dir='ltr'>dici</span> <span class='ocrx_word' id='word_1_125' title='bbox 1509 1100 1648 1153; x_wconf 84' lang='lat' dir='ltr'>poffint</span> <span class='ocrx_word' id='word_1_126' title='bbox 1677 1101 1845 1139; x_wconf 85' lang='lat' dir='ltr'>Latine?</span> <span class='ocrx_word' id='word_1_127' title='bbox 1882 1103 1980 1153; x_wconf 85' lang='lat' dir='ltr'>Qae</span> 
     </span>
     <span class='ocr_line' id='line_1_15' title="bbox 585 1160 1626 1215; baseline 0.008 -18"><span class='ocrx_word' id='word_1_128' title='bbox 585 1172 676 1198; x_wconf 91' lang='lat' dir='ltr'>cum</span> <span class='ocrx_word' id='word_1_129' title='bbox 699 1160 783 1198; x_wconf 86' lang='lat' dir='ltr'>sunt</span> <span class='ocrx_word' id='word_1_130' title='bbox 803 1161 915 1206; x_wconf 66' lang='lat' dir='ltr'>dicta,</span> <span class='ocrx_word' id='word_1_131' title='bbox 938 1162 977 1199; x_wconf 90' lang='lat' dir='ltr'>in</span> <span class='ocrx_word' id='word_1_132' title='bbox 998 1162 1199 1215; x_wconf 62' lang='lat' dir='ltr'>conspectu</span> <span class='ocrx_word' id='word_1_133' title='bbox 1219 1164 1458 1203; x_wconf 89' lang='lat' dir='ltr'>consedimus</span> <span class='ocrx_word' id='word_1_134' title='bbox 1477 1179 1626 1205; x_wconf 88' lang='lat' dir='ltr'>omnes.</span> 
     </span>
    </p>

    <p class='ocr_par' dir='ltr' id='par_1_4' title="bbox 586 1226 1985 2400">
     <span class='ocr_line' id='line_1_16' title="bbox 646 1226 1981 1286; baseline 0.007 -24"><span class='ocrx_word' id='word_1_135' title='bbox 646 1226 684 1263; x_wconf 95' lang='lat' dir='ltr'>T</span> <span class='ocrx_word' id='word_1_136' title='bbox 689 1238 756 1263; x_wconf 91' lang='lat' dir='ltr'>um</span> <span class='ocrx_word' id='word_1_137' title='bbox 776 1226 897 1264; x_wconf 88' lang='lat' dir='ltr'>Varro</span> <span class='ocrx_word' id='word_1_138' title='bbox 927 1227 980 1264; x_wconf 89' lang='lat' dir='ltr'>ita</span> <span class='ocrx_word' id='word_1_139' title='bbox 999 1227 1149 1266; x_wconf 83' lang='lat' dir='ltr'>exorsus</span> <span class='ocrx_word' id='word_1_140' title='bbox 1169 1228 1235 1267; x_wconf 87' lang='lat' dir='ltr'>est.</span> <span class='ocrx_word' id='word_1_141' title='bbox 1295 1231 1463 1269; x_wconf 83' lang='lat' dir='ltr'>Socrates</span> <span class='ocrx_word' id='word_1_142' title='bbox 1490 1230 1590 1270; x_wconf 87' lang='lat' dir='ltr'>mihi</span> <span class='ocrx_word' id='word_1_143' title='bbox 1610 1232 1772 1277; x_wconf 89' lang='lat' dir='ltr'>videtur,</span> <span class='ocrx_word' id='word_1_144' title='bbox 1803 1233 1843 1271; x_wconf 89' lang='lat' dir='ltr'>id</span> <span class='ocrx_word' id='word_1_145' title='bbox 1875 1233 1981 1286; x_wconf 90' lang='lat' dir='ltr'>quod</span> 
     </span>
     <span class='ocr_line' id='line_1_17' title="bbox 586 1290 1982 1351; baseline 0.007 -24"><span class='ocrx_word' id='word_1_146' title='bbox 586 1290 729 1328; x_wconf 84' lang='lat' dir='ltr'>constat</span> <span class='ocrx_word' id='word_1_147' title='bbox 762 1291 862 1329; x_wconf 86' lang='lat' dir='ltr'>inter</span> <span class='ocrx_word' id='word_1_148' title='bbox 880 1303 1028 1337; x_wconf 91' lang='lat' dir='ltr'>omnes,</span> <span class='ocrx_word' id='word_1_149' title='bbox 1058 1293 1207 1345; x_wconf 86' lang='lat' dir='ltr'>primus</span> <span class='ocrx_word' id='word_1_150' title='bbox 1227 1308 1247 1332; x_wconf 91' lang='lat' dir='ltr'>a</span> <span class='ocrx_word' id='word_1_151' title='bbox 1275 1296 1385 1334; x_wconf 85' lang='lat' dir='ltr'>rebus</span> <span class='ocrx_word' id='word_1_152' title='bbox 1404 1297 1567 1335; x_wconf 87' lang='lat' dir='ltr'>occultis</span> <span class='ocrx_word' id='word_1_153' title='bbox 1600 1306 1639 1335; x_wconf 90' lang='lat' dir='ltr'>et</span> <span class='ocrx_word' id='word_1_154' title='bbox 1670 1298 1718 1336; x_wconf 88' lang='lat' dir='ltr'>ab</span> <span class='ocrx_word' id='word_1_155' title='bbox 1752 1298 1830 1351; x_wconf 85' lang='lat' dir='ltr'>ipsa</span> <span class='ocrx_word' id='word_1_156' title='bbox 1849 1308 1982 1337; x_wconf 86' lang='lat' dir='ltr'>natura</span> 
     </span>
     <span class='ocr_line' id='line_1_18' title="bbox 587 1357 1980 1417; baseline 0.007 -24"><span class='ocrx_word' id='word_1_157' title='bbox 587 1357 782 1402; x_wconf 86' lang='lat' dir='ltr'>involutis,</span> <span class='ocrx_word' id='word_1_158' title='bbox 813 1357 853 1395; x_wconf 89' lang='lat' dir='ltr'>in</span> <span class='ocrx_word' id='word_1_159' title='bbox 884 1358 1025 1410; x_wconf 85' lang='lat' dir='ltr'>quibus</span> <span class='ocrx_word' id='word_1_160' title='bbox 1045 1373 1179 1399; x_wconf 89' lang='lat' dir='ltr'>omnes</span> <span class='ocrx_word' id='word_1_161' title='bbox 1211 1370 1298 1399; x_wconf 83' lang='lat' dir='ltr'>ante</span> <span class='ocrx_word' id='word_1_162' title='bbox 1331 1375 1420 1400; x_wconf 88' lang='lat' dir='ltr'>eum</span> <span class='ocrx_word' id='word_1_163' title='bbox 1442 1362 1663 1416; x_wconf 76' lang='lat' dir='ltr'>philosophi</span> <span class='ocrx_word' id='word_1_164' title='bbox 1681 1365 1861 1417; x_wconf 89' lang='lat' dir='ltr'>occupati</span> <span class='ocrx_word' id='word_1_165' title='bbox 1893 1364 1980 1403; x_wconf 89' lang='lat' dir='ltr'>fue-</span> 
     </span>
     <span class='ocr_line' id='line_1_19' title="bbox 588 1423 1982 1477; baseline 0.007 -18"><span class='ocrx_word' id='word_1_166' title='bbox 588 1432 690 1467; x_wconf 90' lang='lat' dir='ltr'>runt,</span> <span class='ocrx_word' id='word_1_167' title='bbox 710 1423 914 1462; x_wconf 75' lang='lat' dir='ltr'>avocavisse</span> <span class='ocrx_word' id='word_1_168' title='bbox 934 1423 1234 1477; x_wconf 85' lang='lat' dir='ltr'>philosophiam,</span> <span class='ocrx_word' id='word_1_169' title='bbox 1258 1436 1304 1465; x_wconf 30' lang='lat' dir='ltr'>ret</span> <span class='ocrx_word' id='word_1_170' title='bbox 1323 1427 1368 1465; x_wconf 89' lang='lat' dir='ltr'>ad</span> <span class='ocrx_word' id='word_1_171' title='bbox 1387 1429 1508 1466; x_wconf 87' lang='lat' dir='ltr'>vitam</span> <span class='ocrx_word' id='word_1_172' title='bbox 1528 1442 1780 1469; x_wconf 87' lang='lat' dir='ltr'>communem</span> <span class='ocrx_word' id='word_1_173' title='bbox 1800 1430 1982 1469; x_wconf 82' lang='lat' dir='ltr'>adduxis-</span> 
     </span>
     <span class='ocr_line' id='line_1_20' title="bbox 587 1487 1981 1547; baseline 0.008 -22"><span class='ocrx_word' id='word_1_174' title='bbox 587 1487 647 1533; x_wconf 74' lang='lat' dir='ltr'>se5</span> <span class='ocrx_word' id='word_1_175' title='bbox 676 1498 718 1526; x_wconf 94' lang='lat' dir='ltr'>ut</span> <span class='ocrx_word' id='word_1_176' title='bbox 739 1489 785 1527; x_wconf 93' lang='lat' dir='ltr'>de</span> <span class='ocrx_word' id='word_1_177' title='bbox 805 1489 1069 1530; x_wconf 81' lang='lat' dir='ltr'>virtutibus-et</span> <span class='ocrx_word' id='word_1_178' title='bbox 1088 1492 1205 1537; x_wconf 90' lang='lat' dir='ltr'>vitiis,</span> <span class='ocrx_word' id='word_1_179' title='bbox 1227 1494 1465 1547; x_wconf 87' lang='lat' dir='ltr'>omninoque</span> <span class='ocrx_word' id='word_1_180' title='bbox 1485 1495 1530 1533; x_wconf 92' lang='lat' dir='ltr'>de</span> <span class='ocrx_word' id='word_1_181' title='bbox 1550 1495 1660 1534; x_wconf 88' lang='lat' dir='ltr'>bonis</span> <span class='ocrx_word' id='word_1_182' title='bbox 1681 1497 1792 1535; x_wconf 85' lang='lat' dir='ltr'>rebus</span> <span class='ocrx_word' id='word_1_183' title='bbox 1812 1507 1851 1535; x_wconf 89' lang='lat' dir='ltr'>et</span> <span class='ocrx_word' id='word_1_184' title='bbox 1869 1497 1981 1536; x_wconf 84' lang='lat' dir='ltr'>malis</span> 
     </span>
     <span class='ocr_line' id='line_1_21' title="bbox 587 1555 1982 1614; baseline 0.008 -24"><span class='ocrx_word' id='word_1_185' title='bbox 587 1563 769 1605; x_wconf 85' lang='lat' dir='ltr'>quaereret</span> <span class='ocrx_word' id='word_1_186' title='bbox 787 1569 795 1592; x_wconf 90' lang='lat'>:</span> <span class='ocrx_word' id='word_1_187' title='bbox 819 1555 976 1593; x_wconf 84' lang='lat' dir='ltr'>caelestia</span> <span class='ocrx_word' id='word_1_188' title='bbox 995 1566 1125 1594; x_wconf 87' lang='lat' dir='ltr'>autem</span> <span class='ocrx_word' id='word_1_189' title='bbox 1141 1557 1200 1595; x_wconf 92' lang='lat' dir='ltr'>vel</span> <span class='ocrx_word' id='word_1_190' title='bbox 1220 1559 1355 1610; x_wconf 91' lang='lat' dir='ltr'>procul</span> <span class='ocrx_word' id='word_1_191' title='bbox 1376 1559 1447 1597; x_wconf 78' lang='lat' dir='ltr'>effe</span> <span class='ocrx_word' id='word_1_192' title='bbox 1465 1574 1486 1597; x_wconf 90' lang='lat' dir='ltr'>a</span> <span class='ocrx_word' id='word_1_193' title='bbox 1506 1560 1629 1599; x_wconf 88' lang='lat' dir='ltr'>nostra</span> <span class='ocrx_word' id='word_1_194' title='bbox 1647 1562 1868 1614; x_wconf 84' lang='lat' dir='ltr'>cognitione</span> <span class='ocrx_word' id='word_1_195' title='bbox 1887 1576 1982 1601; x_wconf 88' lang='lat' dir='ltr'>cen-</span> 
     </span>
     <span class='ocr_line' id='line_1_22' title="bbox 589 1619 1982 1675; baseline 0.007 -19"><span class='ocrx_word' id='word_1_196' title='bbox 589 1619 694 1664; x_wconf 85' lang='lat' dir='ltr'>seret,</span> <span class='ocrx_word' id='word_1_197' title='bbox 721 1619 795 1664; x_wconf 88' lang='lat' dir='ltr'>vel,</span> <span class='ocrx_word' id='word_1_198' title='bbox 829 1620 854 1658; x_wconf 89' lang='lat' dir='ltr'>s1</span> <span class='ocrx_word' id='word_1_199' title='bbox 875 1622 1044 1659; x_wconf 85' lang='lat' dir='ltr'>maxime</span> <span class='ocrx_word' id='word_1_200' title='bbox 1062 1620 1218 1675; x_wconf 84' lang='lat' dir='ltr'>cognita</span> <span class='ocrx_word' id='word_1_201' title='bbox 1236 1623 1368 1669; x_wconf 78' lang='lat' dir='ltr'>effent,</span> <span class='ocrx_word' id='word_1_202' title='bbox 1398 1624 1496 1663; x_wconf 84' lang='lat' dir='ltr'>nihil</span> <span class='ocrx_word' id='word_1_203' title='bbox 1518 1635 1647 1664; x_wconf 90' lang='lat' dir='ltr'>tamen</span> <span class='ocrx_word' id='word_1_204' title='bbox 1667 1627 1712 1665; x_wconf 89' lang='lat' dir='ltr'>ad</span> <span class='ocrx_word' id='word_1_205' title='bbox 1733 1627 1828 1665; x_wconf 88' lang='lat' dir='ltr'>bene</span> <span class='ocrx_word' id='word_1_206' title='bbox 1847 1628 1982 1666; x_wconf 81' lang='lat' dir='ltr'>viven-</span> 
     </span>
     <span class='ocr_line' id='line_1_23' title="bbox 588 1686 1982 1746; baseline 0.007 -24"><span class='ocrx_word' id='word_1_207' title='bbox 588 1686 696 1724; x_wconf 90' lang='lat' dir='ltr'>dum.</span> <span class='ocrx_word' id='word_1_208' title='bbox 723 1687 810 1724; x_wconf 82' lang='lat' dir='ltr'>-Hic</span> <span class='ocrx_word' id='word_1_209' title='bbox 831 1686 869 1724; x_wconf 90' lang='lat' dir='ltr'>in</span> <span class='ocrx_word' id='word_1_210' title='bbox 890 1687 1072 1725; x_wconf 85' lang='lat' dir='ltr'>omnibus</span> <span class='ocrx_word' id='word_1_211' title='bbox 1092 1687 1169 1726; x_wconf 89' lang='lat' dir='ltr'>fere</span> <span class='ocrx_word' id='word_1_212' title='bbox 1189 1689 1442 1736; x_wconf 82' lang='lat' dir='ltr'>sermonibus,</span> <span class='ocrx_word' id='word_1_213' title='bbox 1459 1692 1528 1744; x_wconf 92' lang='lat' dir='ltr'>qui</span> <span class='ocrx_word' id='word_1_214' title='bbox 1547 1692 1594 1730; x_wconf 89' lang='lat' dir='ltr'>ab</span> <span class='ocrx_word' id='word_1_215' title='bbox 1613 1693 1674 1738; x_wconf 91' lang='lat' dir='ltr'>iis,</span> <span class='ocrx_word' id='word_1_216' title='bbox 1694 1694 1761 1746; x_wconf 93' lang='lat' dir='ltr'>qui</span> <span class='ocrx_word' id='word_1_217' title='bbox 1778 1693 1892 1732; x_wconf 90' lang='lat' dir='ltr'>illum</span> <span class='ocrx_word' id='word_1_218' title='bbox 1912 1707 1982 1732; x_wconf 80' lang='lat' dir='ltr'>au-</span> 
     </span>
     <span class='ocr_line' id='line_1_24' title="bbox 588 1750 1982 1811; baseline 0.007 -23"><span class='ocrx_word' id='word_1_219' title='bbox 588 1752 753 1797; x_wconf 87' lang='lat' dir='ltr'>dierunt,</span> <span class='ocrx_word' id='word_1_220' title='bbox 784 1750 981 1805; x_wconf 84' lang='lat' dir='ltr'>perscripti</span> <span class='ocrx_word' id='word_1_221' title='bbox 1000 1753 1114 1798; x_wconf 91' lang='lat' dir='ltr'>varie,</span> <span class='ocrx_word' id='word_1_222' title='bbox 1146 1755 1296 1807; x_wconf 90' lang='lat' dir='ltr'>copiose</span> <span class='ocrx_word' id='word_1_223' title='bbox 1317 1755 1416 1802; x_wconf 90' lang='lat' dir='ltr'>sunt,</span> <span class='ocrx_word' id='word_1_224' title='bbox 1441 1757 1494 1795; x_wconf 88' lang='lat' dir='ltr'>ita</span> <span class='ocrx_word' id='word_1_225' title='bbox 1513 1757 1693 1811; x_wconf 74' lang='lat' dir='ltr'>disputat,</span> <span class='ocrx_word' id='word_1_226' title='bbox 1724 1769 1767 1797; x_wconf 90' lang='lat' dir='ltr'>ut</span> <span class='ocrx_word' id='word_1_227' title='bbox 1788 1758 1887 1797; x_wconf 87' lang='lat' dir='ltr'>nihil</span> <span class='ocrx_word' id='word_1_228' title='bbox 1920 1759 1982 1798; x_wconf 84' lang='lat' dir='ltr'>af-</span> 
     </span>
     <span class='ocr_line' id='line_1_25' title="bbox 590 1816 1983 1877; baseline 0.008 -24"><span class='ocrx_word' id='word_1_229' title='bbox 590 1817 716 1855; x_wconf 85' lang='lat' dir='ltr'>firmet</span> <span class='ocrx_word' id='word_1_230' title='bbox 734 1817 824 1870; x_wconf 91' lang='lat' dir='ltr'>ipse,</span> <span class='ocrx_word' id='word_1_231' title='bbox 846 1816 993 1856; x_wconf 86' lang='lat' dir='ltr'>refellat</span> <span class='ocrx_word' id='word_1_232' title='bbox 1013 1818 1104 1857; x_wconf 86' lang='lat' dir='ltr'>alios</span> <span class='ocrx_word' id='word_1_233' title='bbox 1123 1834 1132 1857; x_wconf 90' lang='lat'>:</span> <span class='ocrx_word' id='word_1_234' title='bbox 1166 1819 1265 1859; x_wconf 89' lang='lat' dir='ltr'>nihil</span> <span class='ocrx_word' id='word_1_235' title='bbox 1285 1821 1321 1859; x_wconf 89' lang='lat' dir='ltr'>se</span> <span class='ocrx_word' id='word_1_236' title='bbox 1342 1821 1433 1860; x_wconf 87' lang='lat' dir='ltr'>scire</span> <span class='ocrx_word' id='word_1_237' title='bbox 1452 1823 1568 1869; x_wconf 90' lang='lat' dir='ltr'>dicat,</span> <span class='ocrx_word' id='word_1_238' title='bbox 1590 1824 1657 1862; x_wconf 84' lang='lat' dir='ltr'>nifi</span> <span class='ocrx_word' id='word_1_239' title='bbox 1678 1824 1718 1862; x_wconf 91' lang='lat' dir='ltr'>id</span> <span class='ocrx_word' id='word_1_240' title='bbox 1738 1824 1863 1877; x_wconf 88' lang='lat' dir='ltr'>ipsum</span> <span class='ocrx_word' id='word_1_241' title='bbox 1884 1840 1894 1863; x_wconf 71' lang='grc' dir='ltr'>ε</span> <span class='ocrx_word' id='word_1_242' title='bbox 1915 1838 1983 1864; x_wconf 89' lang='lat' dir='ltr'>eo-</span> 
     </span>
     <span class='ocr_line' id='line_1_26' title="bbox 589 1882 1981 1944; baseline 0.008 -25"><span class='ocrx_word' id='word_1_243' title='bbox 589 1896 665 1934; x_wconf 88' lang='lat' dir='ltr'>que</span> <span class='ocrx_word' id='word_1_244' title='bbox 686 1882 851 1935; x_wconf 80' lang='lat' dir='ltr'>praestare</span> <span class='ocrx_word' id='word_1_245' title='bbox 881 1884 1040 1928; x_wconf 62' lang='lat' dir='ltr'>caeteris,</span> <span class='ocrx_word' id='word_1_246' title='bbox 1076 1885 1181 1937; x_wconf 77' lang='lat' dir='ltr'>quod</span> <span class='ocrx_word' id='word_1_247' title='bbox 1201 1886 1272 1931; x_wconf 89' lang='lat' dir='ltr'>illi,</span> <span class='ocrx_word' id='word_1_248' title='bbox 1303 1901 1388 1938; x_wconf 82' lang='lat' dir='ltr'>quae</span> <span class='ocrx_word' id='word_1_249' title='bbox 1419 1888 1599 1934; x_wconf 86' lang='lat' dir='ltr'>nesciant,</span> <span class='ocrx_word' id='word_1_250' title='bbox 1631 1889 1723 1928; x_wconf 88' lang='lat' dir='ltr'>scire</span> <span class='ocrx_word' id='word_1_251' title='bbox 1755 1890 1790 1928; x_wconf 87' lang='lat' dir='ltr'>se</span> <span class='ocrx_word' id='word_1_252' title='bbox 1818 1900 1981 1944; x_wconf 76' lang='lat' dir='ltr'>putent3</span> 
     </span>
     <span class='ocr_line' id='line_1_27' title="bbox 592 1947 1985 2006; baseline 0.008 -22"><span class='ocrx_word' id='word_1_253' title='bbox 592 1948 665 2000; x_wconf 88' lang='lat' dir='ltr'>ipse</span> <span class='ocrx_word' id='word_1_254' title='bbox 687 1947 721 1985; x_wconf 88' lang='lat' dir='ltr'>se</span> <span class='ocrx_word' id='word_1_255' title='bbox 743 1947 840 1985; x_wconf 86' lang='lat' dir='ltr'>nihil</span> <span class='ocrx_word' id='word_1_256' title='bbox 863 1948 967 1992; x_wconf 86' lang='lat' dir='ltr'>scire,</span> <span class='ocrx_word' id='word_1_257' title='bbox 991 1949 1029 1987; x_wconf 91' lang='lat' dir='ltr'>id</span> <span class='ocrx_word' id='word_1_258' title='bbox 1051 1963 1172 1988; x_wconf 89' lang='lat' dir='ltr'>unum</span> <span class='ocrx_word' id='word_1_259' title='bbox 1194 1951 1307 1990; x_wconf 88' lang='lat' dir='ltr'>sciat:</span> <span class='ocrx_word' id='word_1_260' title='bbox 1339 1953 1390 1991; x_wconf 92' lang='lat' dir='ltr'>ob</span> <span class='ocrx_word' id='word_1_261' title='bbox 1409 1967 1571 2006; x_wconf 85' lang='lat' dir='ltr'>eamque</span> <span class='ocrx_word' id='word_1_262' title='bbox 1593 1968 1673 1993; x_wconf 91' lang='lat' dir='ltr'>rem</span> <span class='ocrx_word' id='word_1_263' title='bbox 1694 1955 1729 1993; x_wconf 88' lang='lat' dir='ltr'>se</span> <span class='ocrx_word' id='word_1_264' title='bbox 1749 1955 1920 1994; x_wconf 83' lang='lat' dir='ltr'>arbitrari</span> <span class='ocrx_word' id='word_1_265' title='bbox 1936 1957 1985 1995; x_wconf 84' lang='lat' dir='ltr'>ab</span> 
     </span>
     <span class='ocr_line' id='line_1_28' title="bbox 592 2014 1985 2073; baseline 0.007 -23"><span class='ocrx_word' id='word_1_266' title='bbox 592 2014 775 2066; x_wconf 85' lang='lat' dir='ltr'>Apolline</span> <span class='ocrx_word' id='word_1_267' title='bbox 803 2015 981 2052; x_wconf 88' lang='lat' dir='ltr'>omnium</span> <span class='ocrx_word' id='word_1_268' title='bbox 1015 2015 1327 2068; x_wconf 84' lang='lat' dir='ltr'>sapientiffimum</span> <span class='ocrx_word' id='word_1_269' title='bbox 1361 2018 1431 2057; x_wconf 80' lang='lat' dir='ltr'>effe</span> <span class='ocrx_word' id='word_1_270' title='bbox 1451 2020 1614 2065; x_wconf 64' lang='lat' dir='ltr'>dictum,</span> <span class='ocrx_word' id='word_1_271' title='bbox 1649 2021 1755 2073; x_wconf 73' lang='lat' dir='ltr'>quod</span> <span class='ocrx_word' id='word_1_272' title='bbox 1789 2021 1870 2060; x_wconf 72' lang='lat' dir='ltr'>haec</span> <span class='ocrx_word' id='word_1_273' title='bbox 1898 2021 1985 2060; x_wconf 73' lang='lat' dir='ltr'>ess‘et</span> 
     </span>
     <span class='ocr_line' id='line_1_29' title="bbox 594 2078 1985 2139; baseline 0.008 -23"><span class='ocrx_word' id='word_1_274' title='bbox 594 2093 666 2118; x_wconf 84' lang='lat' dir='ltr'>una</span> <span class='ocrx_word' id='word_1_275' title='bbox 687 2078 856 2118; x_wconf 87' lang='lat' dir='ltr'>hominis</span> <span class='ocrx_word' id='word_1_276' title='bbox 878 2080 1068 2132; x_wconf 78' lang='lat' dir='ltr'>sapientia,</span> <span class='ocrx_word' id='word_1_277' title='bbox 1092 2096 1166 2120; x_wconf 90' lang='lat' dir='ltr'>non</span> <span class='ocrx_word' id='word_1_278' title='bbox 1185 2084 1354 2122; x_wconf 83' lang='lat' dir='ltr'>arbitrari</span> <span class='ocrx_word' id='word_1_279' title='bbox 1375 2085 1446 2123; x_wconf 87' lang='lat' dir='ltr'>sese</span> <span class='ocrx_word' id='word_1_280' title='bbox 1463 2085 1552 2124; x_wconf 90' lang='lat' dir='ltr'>scire</span> <span class='ocrx_word' id='word_1_281' title='bbox 1568 2087 1673 2139; x_wconf 89' lang='lat' dir='ltr'>quod</span> <span class='ocrx_word' id='word_1_282' title='bbox 1695 2087 1847 2126; x_wconf 78' lang='lat' dir='ltr'>nesciat.</span> <span class='ocrx_word' id='word_1_283' title='bbox 1887 2089 1985 2139; x_wconf 81' lang='lat' dir='ltr'>Qae</span> 
     </span>
     <span class='ocr_line' id='line_1_30' title="bbox 592 2146 1984 2206; baseline 0.008 -25"><span class='ocrx_word' id='word_1_284' title='bbox 592 2158 682 2183; x_wconf 85' lang='lat' dir='ltr'>cum</span> <span class='ocrx_word' id='word_1_285' title='bbox 703 2146 843 2182; x_wconf 80' lang='lat' dir='ltr'>diecret</span> <span class='ocrx_word' id='word_1_286' title='bbox 863 2146 1088 2191; x_wconf 83' lang='lat' dir='ltr'>constanter,</span> <span class='ocrx_word' id='word_1_287' title='bbox 1110 2158 1146 2186; x_wconf 89' lang='lat' dir='ltr'>ct</span> <span class='ocrx_word' id='word_1_288' title='bbox 1168 2149 1204 2186; x_wconf 93' lang='lat' dir='ltr'>in</span> <span class='ocrx_word' id='word_1_289' title='bbox 1226 2163 1266 2186; x_wconf 86' lang='lat' dir='ltr'>ea</span> <span class='ocrx_word' id='word_1_290' title='bbox 1288 2150 1467 2188; x_wconf 81' lang='lat' dir='ltr'>sententia</span> <span class='ocrx_word' id='word_1_291' title='bbox 1487 2161 1738 2204; x_wconf 83' lang='lat' dir='ltr'>permaneret,</span> <span class='ocrx_word' id='word_1_292' title='bbox 1760 2153 1887 2191; x_wconf 86' lang='lat' dir='ltr'>omnis</span> <span class='ocrx_word' id='word_1_293' title='bbox 1903 2154 1984 2206; x_wconf 84' lang='lat' dir='ltr'>ejus</span> 
     </span>
     <span class='ocr_line' id='line_1_31' title="bbox 592 2211 1984 2259; baseline 0.006 -10"><span class='ocrx_word' id='word_1_294' title='bbox 592 2211 712 2249; x_wconf 87' lang='lat' dir='ltr'>oratio</span> <span class='ocrx_word' id='word_1_295' title='bbox 734 2221 816 2248; x_wconf 84' lang='lat' dir='ltr'>tum</span> <span class='ocrx_word' id='word_1_296' title='bbox 839 2212 876 2248; x_wconf 89' lang='lat' dir='ltr'>in</span> <span class='ocrx_word' id='word_1_297' title='bbox 898 2211 1036 2249; x_wconf 87' lang='lat' dir='ltr'>virtute</span> <span class='ocrx_word' id='word_1_298' title='bbox 1057 2213 1254 2259; x_wconf 82' lang='lat' dir='ltr'>laudanda,</span> <span class='ocrx_word' id='word_1_299' title='bbox 1275 2225 1312 2253; x_wconf 87' lang='lat' dir='ltr'>et</span> <span class='ocrx_word' id='word_1_300' title='bbox 1334 2216 1372 2253; x_wconf 91' lang='lat' dir='ltr'>in</span> <span class='ocrx_word' id='word_1_301' title='bbox 1393 2218 1574 2255; x_wconf 84' lang='lat' dir='ltr'>omnibus</span> <span class='ocrx_word' id='word_1_302' title='bbox 1594 2217 1818 2256; x_wconf 85' lang='lat' dir='ltr'>hominibus</span> <span class='ocrx_word' id='word_1_303' title='bbox 1839 2219 1884 2256; x_wconf 88' lang='lat' dir='ltr'>ad</span> <span class='ocrx_word' id='word_1_304' title='bbox 1905 2219 1984 2257; x_wconf 85' lang='lat' dir='ltr'>vir-</span> 
     </span>
     <span class='ocr_line' id='line_1_32' title="bbox 593 2276 1984 2327; baseline 0.008 -14"><span class='ocrx_word' id='word_1_305' title='bbox 593 2278 685 2314; x_wconf 81' lang='lat' dir='ltr'>tutis</span> <span class='ocrx_word' id='word_1_306' title='bbox 708 2277 874 2314; x_wconf 86' lang='lat' dir='ltr'>studium</span> <span class='ocrx_word' id='word_1_307' title='bbox 910 2276 1153 2317; x_wconf 79' lang='lat' dir='ltr'>cohortandis</span> <span class='ocrx_word' id='word_1_308' title='bbox 1174 2281 1480 2327; x_wconf 79' lang='lat' dir='ltr'>consumebatur,</span> <span class='ocrx_word' id='word_1_309' title='bbox 1518 2293 1559 2321; x_wconf 90' lang='lat' dir='ltr'>ut</span> <span class='ocrx_word' id='word_1_310' title='bbox 1591 2298 1612 2322; x_wconf 87' lang='lat' dir='ltr'>e</span> <span class='ocrx_word' id='word_1_311' title='bbox 1633 2285 1912 2323; x_wconf 83' lang='lat' dir='ltr'>Socraticorum</span> <span class='ocrx_word' id='word_1_312' title='bbox 1933 2286 1984 2323; x_wconf 89' lang='lat' dir='ltr'>li-</span> 
     </span>
     <span class='ocr_line' id='line_1_33' title="bbox 596 2342 1495 2400; baseline 0.009 -22"><span class='ocrx_word' id='word_1_313' title='bbox 596 2342 685 2385; x_wconf 83' lang='lat' dir='ltr'>bris,</span> <span class='ocrx_word' id='word_1_314' title='bbox 709 2342 952 2394; x_wconf 82' lang='lat' dir='ltr'>maximeque</span> <span class='ocrx_word' id='word_1_315' title='bbox 972 2343 1154 2389; x_wconf 81' lang='lat' dir='ltr'>Platonis,</span> <span class='ocrx_word' id='word_1_316' title='bbox 1178 2346 1340 2398; x_wconf 81' lang='lat' dir='ltr'>intelligi</span> <span class='ocrx_word' id='word_1_317' title='bbox 1363 2348 1495 2400; x_wconf 78' lang='lat' dir='ltr'>potest.</span> 
     </span>
    </p>

    <p class='ocr_par' dir='ltr' id='par_1_5' title="bbox 595 2407 1986 2600">
     <span class='ocr_line' id='line_1_34' title="bbox 652 2407 1985 2469; baseline 0.009 -25"><span class='ocrx_word' id='word_1_318' title='bbox 652 2407 818 2445; x_wconf 81' lang='lat' dir='ltr'>Platonis</span> <span class='ocrx_word' id='word_1_319' title='bbox 852 2418 979 2446; x_wconf 82' lang='lat' dir='ltr'>autem</span> <span class='ocrx_word' id='word_1_320' title='bbox 1014 2412 1248 2455; x_wconf 62' lang='lat' dir='ltr'>auctoritate.</span> <span class='ocrx_word' id='word_1_321' title='bbox 1271 2414 1337 2464; x_wconf 87' lang='lat' dir='ltr'>qui</span> <span class='ocrx_word' id='word_1_322' title='bbox 1366 2415 1502 2458; x_wconf 81' lang='lat' dir='ltr'>varius,</span> <span class='ocrx_word' id='word_1_323' title='bbox 1530 2424 1566 2452; x_wconf 87' lang='lat' dir='ltr'>et</span> <span class='ocrx_word' id='word_1_324' title='bbox 1594 2416 1813 2469; x_wconf 81' lang='lat' dir='ltr'>multiplex,</span> <span class='ocrx_word' id='word_1_325' title='bbox 1845 2426 1883 2455; x_wconf 88' lang='lat' dir='ltr'>et</span> <span class='ocrx_word' id='word_1_326' title='bbox 1916 2430 1985 2455; x_wconf 86' lang='lat' dir='ltr'>co·</span> 
     </span>
     <span class='ocr_line' id='line_1_35' title="bbox 595 2472 1986 2535; baseline 0.009 -27"><span class='ocrx_word' id='word_1_327' title='bbox 595 2473 720 2525; x_wconf 80' lang='lat' dir='ltr'>piosus</span> <span class='ocrx_word' id='word_1_328' title='bbox 743 2472 830 2517; x_wconf 84' lang='lat' dir='ltr'>suit,</span> <span class='ocrx_word' id='word_1_329' title='bbox 853 2488 925 2511; x_wconf 85' lang='lat' dir='ltr'>una</span> <span class='ocrx_word' id='word_1_330' title='bbox 942 2483 978 2512; x_wconf 86' lang='lat' dir='ltr'>et</span> <span class='ocrx_word' id='word_1_331' title='bbox 995 2476 1232 2515; x_wconf 86' lang='lat' dir='ltr'>consentiens</span> <span class='ocrx_word' id='word_1_332' title='bbox 1253 2478 1403 2517; x_wconf 86' lang='lat' dir='ltr'>duobus</span> <span class='ocrx_word' id='word_1_333' title='bbox 1423 2480 1618 2518; x_wconf 80' lang='lat' dir='ltr'>vocabulis</span> <span class='ocrx_word' id='word_1_334' title='bbox 1636 2480 1886 2535; x_wconf 67' lang='lat' dir='ltr'>philosophiae</span> <span class='ocrx_word' id='word_1_335' title='bbox 1906 2481 1986 2520; x_wconf 82' lang='lat' dir='ltr'>for-</span> 
     </span>
     <span class='ocr_line' id='line_1_36' title="bbox 598 2538 1986 2600; baseline 0.009 -26"><span class='ocrx_word' id='word_1_336' title='bbox 598 2551 659 2575; x_wconf 86' lang='lat' dir='ltr'>ma</span> <span class='ocrx_word' id='word_1_337' title='bbox 680 2538 847 2576; x_wconf 82' lang='lat' dir='ltr'>instituta</span> <span class='ocrx_word' id='word_1_338' title='bbox 866 2539 930 2584; x_wconf 87' lang='lat' dir='ltr'>cst,</span> <span class='ocrx_word' id='word_1_339' title='bbox 964 2542 1287 2582; x_wconf 84' lang='lat' dir='ltr'>Academicorum</span> <span class='ocrx_word' id='word_1_340' title='bbox 1319 2554 1355 2584; x_wconf 82' lang='lat' dir='ltr'>ct</span> <span class='ocrx_word' id='word_1_341' title='bbox 1378 2547 1745 2598; x_wconf 74' lang='lat' dir='ltr'>l&#39;cripatcticorum3</span> <span class='ocrx_word' id='word_1_342' title='bbox 1777 2548 1844 2600; x_wconf 83' lang='lat' dir='ltr'>qui</span> <span class='ocrx_word' id='word_1_343' title='bbox 1876 2548 1986 2587; x_wconf 83' lang='lat' dir='ltr'>rebus</span> 
     </span>
    </p>
   </div>
  </div>
 </body>
</html>
