2330 2983
634 297 908 336 LIBER
965 297 1398 349 QUINTUS.

1635 301 1709 353 363

328 395 367 434 id
387 394 624 449 potiffimum
643 394 836 433 consecuti
856 394 999 439 sumus,
1021 408 1099 446 quo
1128 396 1319 433 Socratem
1340 395 1449 434 usum
1470 395 1710 439 arbitramur,

329 470 372 498 ut
404 460 568 498 nostram
598 459 666 511 ipfi
695 458 918 496 sententiam
952 467 1180 509 tegeremus,
1210 473 1331 496 errore
1362 461 1455 498 alios
1486 461 1711 504 levaremus,

328 535 366 564 et
385 526 425 563 in
444 524 552 562 omni
575 524 840 576 disputatione,
855 523 949 575 quid
968 523 1055 561 effet
1074 523 1317 561 simillimum
1333 526 1424 569 veri,
1442 539 1709 576 quaereremus.

328 591 459 641 Qem
479 602 629 627 morem
648 602 740 626 cum
761 587 969 626 Carneades
989 588 1199 626 acutiffime
1218 589 1543 641 copiosissimeque
1570 591 1713 628 tenuis-

328 654 395 699 set,
425 653 588 692 fecimus
618 662 655 691 et
685 653 774 691 alias
804 653 911 706 saepe‚
941 662 979 691 et
1010 666 1131 706 nuper
1160 653 1200 691 in
1221 653 1456 699 Tusculano,
1487 663 1530 692 ut
1560 655 1606 691 ad
1631 668 1715 692 eam

328 719 642 758 consuetudinem
671 719 963 771 disputaremus.
1008 719 1061 757 Et
1086 719 1279 770 quatridui
1308 720 1465 771 quidem
1485 720 1714 764 sermonem,

330 785 585 838 superioribus
619 784 665 822 ad
695 793 731 822 te
761 784 1012 837 perscriptum
1043 784 1164 828 libris,
1196 785 1394 830 misimus,
1425 787 1563 837 quinto
1589 795 1716 824 autem

330 851 406 896 die,
427 864 517 888 cum
538 849 673 888 eodem
692 849 732 887 in
751 849 838 887 loco
857 848 1159 895 consedissemus,
1181 849 1230 888 fic
1249 850 1302 888 est
1320 851 1557 903 propositum
1578 851 1624 888 de
1639 865 1717 903 quo

331 915 621 968 disputaremus.

392 981 442 1018 V.
466 982 693 1018 AumTOR.
711 981 805 1019 Non
821 980 920 1019 mihi
940 981 1090 1020 videtur
1107 981 1154 1020 ad
1170 982 1276 1021 beate
1295 982 1501 1021 vivendum
1519 982 1602 1020 satis
1619 981 1719 1034 posse

331 1046 527 1084 virtutem.
578 1045 792 1085 MARcus.
821 1048 875 1084 At
894 1045 1048 1085 hercule
1067 1048 1186 1085 Bruto
1206 1059 1294 1085 meo
1313 1048 1462 1086 videtur
1477 1066 1490 1092 5
1520 1049 1629 1098 cujus
1648 1061 1720 1099 ego

326 1111 535 1163 judicium,
557 1124 648 1164 pace
678 1120 743 1149 tua
767 1111 946 1156 dixerim,
981 1112 1096 1164 longe
1125 1121 1316 1164 antepono
1345 1121 1425 1151 tuo.
1485 1114 1717 1150 AUDIToR.

331 1177 427 1215 Non
447 1176 597 1214 dubito.
642 1176 728 1215 Nec
748 1176 787 1214 id
807 1189 910 1214 nunc
929 1177 1068 1229 agitur,
1092 1185 1134 1214 tu
1151 1177 1266 1215 illurn
1291 1176 1480 1230 quantum
1501 1191 1627 1221 ames;
1660 1177 1721 1215 sed

331 1240 423 1287 hoc,
453 1241 559 1294 quod
578 1240 678 1280 mihi
698 1241 779 1280 dixi
798 1241 931 1287 videri,
961 1242 1072 1294 quale
1091 1242 1149 1286 fit,
1180 1242 1226 1280 de
1247 1256 1326 1294 quo
1355 1256 1376 1280 a
1395 1253 1431 1280 te
1450 1242 1631 1294 disputari
1652 1257 1719 1280 vo-

332 1307 387 1347 lo.
418 1308 631 1346 MARCUS.
653 1308 809 1360 Nempe
829 1321 939 1360 negas
959 1308 1006 1346 ad
1026 1309 1133 1346 beate
1151 1308 1358 1346 vivendum
1374 1309 1458 1346 satis
1480 1307 1578 1360 posse
1597 1309 1720 1346 virtu-

334 1382 414 1411 tem
433 1373 446 1410 ?
477 1374 704 1411 AumToR.
727 1373 881 1411 Prorsus
899 1386 1011 1425 nego.
1043 1374 1256 1411 MARcus.
1279 1373 1386 1425 Qid
1405 1375 1418 1411 ?
1449 1374 1495 1411 ad
1515 1375 1626 1418 refie,
1647 1372 1720 1412 ho-

334 1438 450 1482 neste,
467 1438 719 1482 laudabiliter,
737 1437 927 1490 postremo
942 1439 988 1476 ad
1008 1438 1103 1476 bene
1118 1439 1325 1478 vivendum
1341 1439 1472 1477 satisne
1492 1439 1543 1476 est
1562 1439 1722 1491 praefidii

335 1504 377 1542 in
397 1504 565 1542 virtute?
603 1505 830 1542 AumToR.
854 1505 966 1542 Certe
986 1503 1084 1541 satis.
1127 1504 1340 1542 MARCUS.
1364 1505 1475 1542 Potes
1495 1504 1627 1555 igitur,
1658 1513 1722 1542 aut

335 1569 405 1621 qui
424 1569 523 1607 male
542 1569 657 1612 vivat,
674 1582 752 1606 non
771 1581 862 1606 eum
883 1568 1064 1606 miserum
1085 1568 1222 1611 dicere,
1236 1577 1300 1605 aut
1318 1582 1435 1620 quern
1455 1569 1553 1605 bene
1571 1567 1722 1613 fateare,

337 1647 428 1672 eum
448 1646 582 1686 negare
601 1633 708 1672 beate
727 1633 878 1671 vivere?
900 1634 1132 1671 AumToR.
1151 1633 1299 1685 Qidni
1315 1633 1479 1686 possim?
1501 1647 1590 1671 nam
1608 1634 1723 1672 etiam

336 1700 378 1738 in
398 1699 599 1737 tormentis
620 1700 731 1743 reste,
753 1697 920 1744 honeste,
936 1698 1189 1743 laudabiliter,
1204 1708 1242 1737 et
1260 1699 1310 1736 ob
1330 1711 1414 1736 eam
1431 1712 1513 1736 rem
1533 1699 1628 1736 bene
1647 1699 1723 1737 vivi

336 1764 458 1818 potest
473 1793 485 1809 ,
516 1764 731 1803 dummodo
766 1764 956 1816 intelligas
971 1792 982 1808 ,
1018 1763 1112 1815 quid
1150 1776 1253 1801 nunc
1294 1763 1421 1801 dicam
1455 1763 1564 1801 bene.
1621 1764 1724 1802 Dico

336 1831 457 1874 enim,
492 1829 717 1874 constanter,
748 1830 924 1881 graviter,
963 1829 1158 1881 sapienter,
1194 1827 1355 1866 fortiter.
1406 1829 1503 1866 Haec
1533 1829 1649 1867 etiam
1683 1829 1723 1867 in

338 1895 548 1947 equuleum
568 1894 839 1945 conjiciuntur,
861 1896 939 1945 quo
960 1894 1036 1931 vita
1053 1907 1130 1931 non
1150 1893 1282 1945 aspirat
1301 1893 1421 1931 beata.

394 1960 608 1998 MARCUS,
641 1959 748 2009 Qid
767 1959 912 2011 igitur?
944 1959 1067 1998 solane
1087 1959 1194 1998 beata
1212 1959 1302 2003 vita,
1324 1958 1461 2010 quaeso,
1498 1959 1725 2011 relinquitur

337 2034 445 2063 extra
473 2023 613 2062 ostium
644 2023 841 2076 limenque
868 2024 1039 2069 carceris,
1069 2037 1162 2062 cum
1187 2023 1406 2068 constantia,
1436 2025 1611 2076 gravitas,
1641 2023 1723 2062 for-

339 2091 480 2135 titudo,
502 2089 692 2142 sapientia,
715 2089 944 2142 reliquaeque
960 2091 1118 2128 virtutes
1135 2090 1327 2142 rapiantur
1346 2089 1392 2127 ad
1412 2098 1611 2134 tortorem,
1633 2090 1724 2128 nul—

340 2155 500 2208 lumque
521 2155 690 2192 recusent
708 2168 776 2192 nec
797 2155 1043 2208 supplicium,
1070 2168 1140 2193 nec
1161 2155 1333 2193 dolorem
1351 2155 1364 2192 ?
1409 2157 1635 2194 Aunrron.
1659 2156 1725 2195 Tu

341 2222 369 2259 fi
391 2222 484 2273 quid
507 2233 544 2259 es
565 2219 745 2264 fa&urus‚
777 2233 872 2258 nova
898 2220 1024 2273 aliqua
1042 2221 1243 2274 conquiras
1263 2231 1423 2274 oportet.
1468 2221 1538 2259 Ista
1557 2234 1618 2259 rne
1645 2221 1723 2258 mi·-

343 2287 449 2324 nime
470 2296 639 2329 movent,
670 2299 745 2323 non
766 2285 889 2324 solum
909 2287 998 2339 quia
1027 2287 1244 2339 pervulgata
1269 2286 1369 2331 sunt,
1401 2287 1461 2324 sed
1482 2286 1607 2324 multo
1640 2299 1722 2322 ma-

344 2352 416 2404 gis,
448 2351 552 2403 quia,
588 2361 768 2402 tanquam
789 2351 884 2389 levia
903 2352 1076 2404 quaedam
1106 2353 1191 2390 vina
1211 2351 1309 2390 nihil
1331 2352 1456 2389 valent
1475 2352 1514 2389 in
1536 2364 1643 2402 aqua,
1674 2350 1724 2387 fic

345 2417 562 2455 Stoicorum
582 2417 786 2470 istamagis
807 2418 962 2471 gustata,
984 2433 1100 2472 quam
1120 2429 1260 2472 potata,
1291 2419 1489 2456 deleffhnt.
1521 2417 1640 2454 Velut
1659 2416 1726 2454 iste

345 2482 484 2521 chorus
515 2483 716 2529 virtutum,
757 2486 796 2522 in
825 2485 1034 2537 equuleum
1067 2486 1281 2538 impofitus,
1316 2484 1499 2535 imagines
1531 2482 1726 2520 constituit

345 2558 431 2586 ante
451 2549 582 2588 oculos
603 2563 693 2587 cum
714 2551 940 2602 ampliffima
958 2537 1170 2603 dign'itate;
1202 2560 1243 2588 ut
1267 2551 1311 2587 ad
1331 2563 1390 2587 eas
1411 2549 1547 2587 cursim
1575 2562 1724 2602 perrec-

347 2624 443 2660 tura,
460 2628 530 2654 nec
550 2628 608 2654 eas
629 2616 735 2654 beata
755 2617 830 2654 vita
849 2629 869 2654 a
885 2616 919 2655 se
939 2617 1096 2655 desertas
1111 2615 1254 2669 paffura
1274 2616 1455 2654 videatur.
1479 2617 1582 2654 Cum
1598 2624 1726 2653 autem

1305 2682 1432 2721 Zzz
