2330 2983
556 281 632 335 ³76
977 274 1081 313 DE
1138 271 1522 312 FINIBUS

549 378 802 436 philosophia:
832 377 967 416 veteris
1000 385 1038 414 et
1055 375 1296 420 emendatio;
1328 388 1413 427 quae
1443 372 1606 413 omnino
1636 371 1785 410 aditum
1811 370 1950 410 habere

551 449 706 488 nullum
727 443 850 498 potest
870 444 909 481 in
930 443 1082 487 urbem,
1109 442 1150 480 in
1170 440 1316 486 forum,
1347 441 1388 478 in
1406 440 1571 478 curiam.
1609 438 1708 489 Qis
1727 438 1832 475 enim
1853 436 1950 475 ferre

549 515 668 569 poffet
688 514 741 551 ita
765 512 990 563 loquentem
1011 522 1115 553 eum,
1146 507 1214 560 qui
1234 507 1269 545 se
1290 507 1482 545 auctorem
1512 505 1612 549 vitae,
1641 504 1806 557 graviter
1824 512 1863 541 et
1891 502 1949 540 sa-

549 583 699 634 pienter
736 576 902 631 agendae‚
951 573 1205 627 profiteretur,
1251 572 1410 610 nomina
1447 584 1575 609 rerum
1609 578 1916 608 commutantem
1934 585 1946 612 3

549 658 721 698 cumque
751 643 855 681 idem
877 641 1043 685 sentiret,
1065 639 1169 692 quod
1198 651 1346 683 omnes,
1378 637 1520 689 quibus
1552 636 1664 674 rebus
1687 635 1848 673 eandem
1868 633 1949 671 vim

549 713 749 755 tribueret,
781 709 854 746 alia
875 706 1032 745 nomina
1050 706 1317 757 imponentem
1330 722 1342 748 ³
1374 703 1487 741 verba
1506 702 1623 740 modo
1641 709 1873 744 mutantem,
1903 699 1950 737 de

547 776 797 831 opinionibus
817 771 915 811 nihil
937 769 1215 809 detrahentem.

605 839 838 881 Patronusne
857 836 988 880 causae,
1020 835 1059 873 in
1080 835 1234 887 epilogo
1253 847 1323 886 pro
1343 847 1406 871 reo
1425 833 1569 876 dicens,
1601 839 1754 883 negaret
1773 829 1843 867 effe
1864 842 1949 868 ma-

549 909 649 952 lum,
671 905 849 948 exilium,
871 900 1174 955 publicationem
1191 896 1385 937 bonorum
1403 898 1415 935 ?
1438 896 1519 936 haec
1540 895 1745 949 rejicienda
1763 894 1848 939 effe,
1871 907 1950 933 non

549 972 732 1027 fugienda
749 971 762 1007 ?
795 982 864 1008 nec
884 965 1356 1017 misericordemjudicem
1377 963 1448 1002 effe
1465 963 1667 1016 oportere?
1699 963 1745 1000 In
1765 961 1952 999 concione

549 1048 678 1077 autem
695 1037 720 1075 fi
740 1037 973 1088 loqueretur,
1004 1032 1029 1070 fi
1052 1030 1222 1070 Annibal
1243 1030 1289 1068 ad
1315 1039 1441 1083 portas
1461 1027 1617 1067 veniffet
1638 1040 1874 1079 murumque
1889 1027 1950 1078 ja-

549 1105 640 1143 culo
660 1100 871 1156 trajecisset,
902 1107 1056 1152 negaret
1075 1097 1145 1136 effe
1171 1097 1211 1135 in
1232 1096 1343 1135 malis
1361 1095 1463 1148 capi,
1499 1095 1638 1138 venire,
1670 1092 1849 1137 interfici,
1881 1105 1950 1145 pa-

548 1171 663 1209 triam
683 1169 859 1207 amittere
876 1165 889 1202 ?
921 1166 985 1203 An
1004 1163 1164 1209 senatus,
1186 1176 1278 1201 cum
1299 1159 1546 1214 triumphum
1562 1158 1748 1198 Africano
1767 1158 1949 1196 decerne-

551 1247 621 1282 ret,
654 1247 773 1284 QJon
798 1245 900 1283 EJUS
936 1242 1162 1274 V1RTUT13,
1196 1241 1290 1266 Αυτ
1328 1239 1632 1270 FELICITATE,
1661 1223 1779 1278 polset
1809 1225 1949 1268 dicere,

550 1303 577 1341 fi
598 1315 720 1354 neque
733 1301 852 1338 virtus
872 1298 912 1335 in
933 1295 1056 1340 nullo,
1072 1295 1140 1333 nisi
1160 1295 1200 1332 in
1222 1294 1398 1346 sapiente,
1413 1306 1482 1330 nec
1503 1291 1664 1330 felicitas
1686 1303 1770 1328 vere
1788 1290 1866 1328 dici
1878 1304 1951 1343 po-

550 1368 620 1407 test
636 1369 648 1405 ?
671 1368 769 1418 Qae
781 1364 834 1402 est
852 1363 970 1415 igitur
990 1361 1057 1399 ista
1073 1359 1329 1413 philosophia,
1347 1372 1432 1410 quae
1447 1357 1650 1396 communi
1671 1369 1792 1400 more,
1810 1356 1849 1393 in
1866 1355 1951 1394 foro

551 1434 749 1486 loquitur,
780 1432 819 1469 in
841 1429 998 1473 libellis,
1029 1427 1122 1465 suo?
1155 1425 1363 1479 praesertim
1382 1437 1490 1469 cum,
1520 1423 1625 1476 quod
1645 1422 1702 1461 illi
1730 1422 1855 1461 verbis
1876 1422 1950 1461 suis

550 1499 778 1553 significent,
809 1497 850 1534 in
881 1508 926 1533 eo
960 1492 1058 1532 nihil
1083 1501 1256 1538 novetur,
1287 1492 1334 1530 de
1364 1490 1451 1544 ipfis
1486 1490 1598 1528 rebus
1629 1487 1728 1528 nihil
1764 1498 1950 1534 mutetur,

549 1566 693 1605 eaedem
714 1577 770 1602 res
791 1569 982 1605 maneant,
1000 1559 1076 1598 alio
1095 1558 1227 1597 modo.

612 1630 722 1684 Qid
741 1630 847 1668 enim
880 1626 1057 1671 interest,
1074 1625 1241 1669 divitias,
1276 1637 1382 1678 opeS,
1412 1623 1686 1667 valetudinem,
1714 1622 1814 1660 bona
1833 1622 1951 1666 dicas,

551 1711 648 1737 anne
670 1695 879 1750 praeposita,
900 1706 991 1731 cum
1013 1692 1092 1736 ille,
1114 1691 1182 1743 qui
1202 1690 1269 1729 ista
1289 1691 1389 1729 bona
1407 1690 1516 1745 dicit,
1548 1687 1672 1727 nihilo
1693 1688 1778 1742 plus
1800 1687 1859 1726 his
1882 1688 1952 1726 tri-

552 1766 646 1803 buat
665 1775 783 1816 quam
815 1770 871 1805 tu,
893 1759 961 1812 qui
981 1758 1113 1796 eadem
1134 1757 1199 1795 illa
1219 1756 1413 1810 praeposita
1438 1756 1614 1794 nominas
1632 1755 1644 1792 ?
1678 1756 1811 1807 Itaque
1832 1753 1954 1793 homo

551 1831 592 1869 in
613 1829 748 1883 primis
771 1828 959 1879 ingenuus
980 1833 1018 1862 et
1048 1823 1185 1877 gravis,
1218 1823 1358 1875 dignus
1390 1822 1456 1860 illa
1484 1821 1743 1859 familiaritate
1764 1820 1953 1872 Scipionis

552 1906 591 1935 et
612 1895 737 1939 Laelii,
771 1892 974 1935 Panaetius,
1005 1903 1098 1928 cum
1119 1889 1165 1927 ad
1186 1888 1514 1941 QTuberonem
1535 1887 1582 1925 de
1612 1886 1742 1924 dolore
1774 1885 1956 1938 patiendo

554 1962 744 2004 scriberet,
781 1957 887 2011 quod
919 1955 990 1994 esse
1020 1964 1135 2008 caput
1152 1954 1328 1997 debebat,
1362 1953 1387 1991 si
1409 1953 1560 2006 probari
1591 1951 1721 2005 poffct,
1754 1965 1954 2003 nunquam

554 2027 697 2082 posuit,
718 2039 794 2063 non
815 2023 885 2062 esse
907 2022 1055 2060 malum
1075 2020 1247 2058 dolorem
1267 2037 1276 2063 ;
1310 2019 1370 2056 sed
1391 2019 1484 2071 quid
1504 2017 1591 2055 esset
1624 2027 1662 2055 et
1682 2017 1806 2069 quale,
1829 2030 1954 2068 quan-

555 2105 718 2145 tumque
753 2092 792 2129 in
823 2103 869 2127 eo
901 2087 1030 2127 inesset
1063 2086 1191 2130 alieni,
1222 2085 1358 2123 deinde
1385 2098 1469 2137 quae
1490 2083 1584 2122 ratio
1603 2082 1692 2121 effet
1713 2081 1952 2135 perferendi:

555 2161 666 2211 cujus
688 2157 863 2210 quidem,
883 2154 1068 2207 quoniam
1091 2153 1242 2191 Stoicus
1264 2151 1352 2195 fuit,
1377 2150 1558 2189 sententia
1577 2149 1833 2188 condemnata
1854 2148 1953 2187 mihi

556 2227 705 2264 videtur
724 2222 794 2261 effe
816 2220 1034 2259 immanitas
1055 2219 1121 2257 ista
1140 2217 1360 2256 verborum.

613 2292 663 2329 X.
697 2289 782 2332 Sed,
805 2297 846 2325 ut
870 2286 1026 2339 propius
1047 2284 1090 2322 ad
1111 2298 1165 2328 ca,
1198 2285 1308 2328 Cato,
1330 2281 1522 2325 accedam,
1540 2295 1625 2334 qum
1645 2294 1664 2318 a
1683 2290 1718 2318 te
1734 2279 1832 2318 dieta
1853 2279 1954 2326 sunt,

558 2356 712 2411 pressius
730 2368 900 2407 agaunis,
937 2365 1070 2404 eaque,
1093 2365 1177 2403 qua·
1200 2349 1316 2387 modo
1335 2348 1478 2392 dixisti,
1505 2362 1596 2386 cum
1620 2347 1664 2385 iis
1693 2346 1953 2392 conferamus,

556 2438 642 2475 qua:
664 2422 738 2459 tuis
759 2429 960 2472 antepono.
1007 2419 1105 2467 (Qae
1126 2415 1210 2453 sunt
1237 2415 1353 2467 igitur
1372 2414 1596 2451 communia
1613 2413 1720 2451 vobis
1740 2426 1832 2450 cum
1853 2412 1955 2450 anti-

557 2488 658 2540 quis,
691 2486 750 2524 his
773 2486 819 2523 sic
842 2495 1009 2528 utamur,
1040 2481 1141 2535 quasi
1162 2480 1367 2519 conccffis:
1400 2493 1483 2532 quoe
1516 2479 1553 2516 in
1575 2478 1868 2517 controversiam
1888 2491 1954 2516 ve—

557 2555 684 2596 niunt,
717 2553 762 2590 de
784 2552 843 2595 iis,
863 2551 885 2588 fi
909 2550 1045 2603 placet,
1063 2547 1296 2586 differamus.

615 2618 722 2660 Mihi
756 2631 856 2663 vero,
889 2617 1030 2671 inquit,
1062 2615 1187 2670 placet
1221 2614 1282 2669 agi
1317 2612 1508 2658 subtilius,
1550 2621 1602 2658 et,
1639 2620 1680 2651 ut
1708 2608 1783 2666 ipse
1812 2609 1953 2655 dixisti,
