2330 2983
560 231 611 285 56
877 228 939 267 M.
997 227 1629 266 T.CICERONIS

613 328 716 366 Ecce
746 325 872 364 multo
902 325 1022 376 major
1051 325 1166 363 etiam
1186 324 1367 363 dissensio.
1400 325 1510 363 Zeno
1530 325 1570 363 in
1589 337 1665 363 una
1684 323 1824 362 virtute
1847 323 1948 376 pofi-

556 402 638 431 tam
657 393 806 430 beatam
826 392 944 429 vitam
964 399 1086 443 putat.
1119 391 1227 441 Qid
1248 390 1466 429 Antiochus
1484 392 1496 428 ?
1527 392 1674 436 Etiam,
1694 390 1837 442 inquit,
1858 390 1948 428 bea-

556 469 652 504 tam,
670 458 730 496 sed
750 471 827 496 non
847 457 1113 495 beatiffimam.
1142 458 1249 495 Deus
1270 457 1347 502 ille,
1366 457 1434 509 qui
1455 456 1555 495 nihil
1574 456 1718 495 censuit
1733 455 1851 494 deefl‘e
1870 456 1948 494 vir-

557 525 633 563 tuti
648 539 657 562 :
679 523 893 562 homuncio
908 521 987 567 hic,
1009 523 1076 575 qui
1092 523 1215 561 multa
1230 533 1338 575 putat
1355 532 1488 575 praeter
1502 524 1683 562 virtutem
1696 521 1848 560 homini
1861 535 1948 574 par-

559 591 632 628 tim
653 603 735 627 cara
753 587 836 632 esse,
865 588 1007 640 partim
1027 588 1143 625 etiam
1164 587 1374 626 necessaria.
1425 588 1496 626 Sed
1516 588 1581 626 ille
1600 601 1729 626 vereor
1748 600 1796 625 ne
1814 586 1949 624 virtuti

557 656 645 709 plus
666 655 805 693 tribuat
826 667 941 706 quam
963 662 1094 691 natura
1111 653 1289 706 patiatur,
1317 652 1521 706 praesertim
1541 652 1807 706 Theophrasto
1827 652 1952 690 multa

558 720 691 760 diserte
710 719 938 772 copioseque
957 719 1120 757 dicente.
1171 720 1223 757 Et
1247 718 1312 757 hic
1333 728 1479 764 metuo,
1513 733 1560 757 ne
1592 719 1656 757 vix
1676 719 1746 756 fibi
1776 717 1919 756 constet
1936 736 1948 762 ς

558 787 626 839 qui
645 799 736 824 cum
756 785 857 822 dicat
882 783 952 821 effe
980 784 1154 835 quaedam
1180 793 1219 821 et
1237 785 1404 836 corporis
1424 793 1461 822 et
1491 783 1654 822 fortunae
1675 784 1788 828 mala,
1819 793 1948 821 tamen

557 865 663 895 eum,
695 850 762 902 qui
793 850 832 886 in
852 847 912 886 his
932 849 1114 887 omnibus
1141 849 1200 893 fit,
1227 849 1383 887 beatum
1400 847 1482 887 fore
1501 848 1640 894 censet,
1671 849 1697 886 fi
1717 848 1861 901 sapiens
1888 847 1946 885 sit.

556 915 779 955 Distrahor:
813 923 897 952 tum
916 912 992 951 hoc
1012 913 1110 952 mihi
1131 913 1380 967 probabilius,
1398 924 1484 953 tum
1503 914 1615 959 illud,
1635 913 1785 952 videtur
1799 932 1812 959 ς
1833 922 1870 952 et
1891 921 1948 951 ta-

556 996 661 1027 men,
683 981 751 1019 nisi
771 980 998 1018 alterutrum
1013 979 1072 1025 fit,
1092 980 1275 1018 virtutem
1289 981 1415 1031 jacere
1435 980 1547 1033 plane
1566 989 1674 1033 puto.

611 1048 758 1086 Verum
777 1047 817 1084 in
837 1044 897 1083 his
918 1045 1141 1098 discrepant.
1187 1046 1295 1098 Qid
1321 1045 1445 1084 illud?
1467 1046 1508 1084 in
1530 1046 1671 1099 quibus
1691 1044 1946 1089 consentiunt,

557 1128 654 1153 num
683 1127 752 1166 pro
780 1112 877 1150 veris
901 1112 1059 1164 probare
1087 1112 1312 1165 poffumus?
1343 1113 1528 1165 Sapientis
1554 1112 1730 1151 animum
1750 1124 1950 1164 nunquam

557 1194 627 1218 nec
647 1179 856 1232 cupiditate
876 1178 1035 1222 moveri,
1057 1191 1127 1216 nec
1146 1178 1278 1216 laetitia
1297 1177 1436 1217 efferri.

610 1245 759 1284 XLIV.
790 1245 889 1296 Age,
918 1241 1000 1281 haec
1016 1243 1230 1295 probabilia
1248 1243 1331 1282 sane
1347 1244 1419 1282 sint
1437 1258 1446 1282 ε
1474 1257 1570 1283 num
1586 1244 1701 1282 etiam
1722 1243 1814 1282 illa?
1844 1256 1946 1281 nun-

556 1326 673 1364 quam
688 1311 835 1354 timere,
846 1322 1045 1361 nunquam
1058 1310 1196 1347 dolere.
1217 1309 1417 1362 Sapiensne
1430 1323 1506 1348 non
1519 1310 1677 1348 timeat?
1695 1323 1780 1354 nec,
1790 1309 1816 1347 fi
1829 1310 1949 1362 patria

553 1378 736 1421 deleatur,
755 1389 831 1414 non
847 1374 994 1413 doleat?
1025 1375 1120 1413 Satis
1136 1374 1297 1420 durum;
1334 1375 1394 1413 sed
1415 1376 1566 1414 Zenoni
1586 1375 1846 1419 neceffarium,
1868 1375 1946 1419 cui,

556 1454 689 1496 praeter
708 1441 926 1485 honestum,
949 1439 1047 1478 nihil
1066 1441 1117 1479 est
1138 1441 1176 1478 in
1196 1441 1307 1479 bonis
1325 1456 1334 1479 :
1371 1442 1441 1479 tibi
1463 1455 1564 1486 vero,
1585 1439 1796 1485 Antioche,
1827 1440 1947 1478 mini-

555 1523 631 1553 me,
653 1509 730 1553 cui,
761 1516 893 1560 praeter
919 1506 1167 1552 honestatem,
1199 1506 1323 1545 multa
1342 1507 1440 1545 bona
1455 1525 1467 1552 ς
1500 1516 1633 1560 praeter
1651 1506 1946 1559 turpitudinem,

556 1575 680 1613 multa
699 1574 799 1612 mala
818 1572 1009 1617 videntur,
1031 1587 1114 1625 quae
1137 1582 1175 1610 et
1194 1573 1384 1611 venientia
1397 1582 1543 1612 metuat
1558 1572 1702 1625 sapiens
1724 1571 1865 1610 necess‘e
1879 1572 1947 1618 est,

554 1651 591 1679 et
611 1640 749 1679 veniss‘e
768 1640 906 1678 doleat.
967 1640 1038 1677 Sed
1068 1653 1210 1692 quaero,
1241 1639 1395 1692 quando
1426 1639 1492 1678 ista
1510 1638 1653 1678 fuerint
1672 1639 1719 1677 ab
1740 1638 1950 1677 Academia

553 1716 677 1745 vetere
710 1706 872 1750 decreta,
905 1714 946 1743 ut
979 1705 1155 1743 animum
1189 1705 1366 1758 sapientis
1397 1706 1633 1744 commoveri
1663 1714 1702 1743 et
1727 1705 1949 1743 conturbari

554 1772 760 1824 negarent?
792 1770 1079 1809 Mediocritates
1109 1771 1167 1808 illi
1188 1771 1411 1823 probabant,
1441 1780 1478 1809 et
1509 1771 1548 1809 in
1569 1770 1678 1809 omni
1708 1769 1948 1823 permotione

552 1837 762 1876 naturalem
783 1836 963 1874 volebant
980 1835 1049 1873 effe
1064 1836 1257 1888 quendam
1274 1836 1450 1874 modum.
1474 1836 1661 1889 Legimus
1674 1848 1809 1874 omnes
1823 1836 1947 1873 Cran-

553 1903 661 1948 toris,
692 1902 826 1940 veteris
855 1901 1093 1945 Academici,
1122 1901 1170 1939 de
1199 1901 1334 1946 ludtu;
1365 1901 1418 1940 est
1447 1902 1552 1939 enim
1575 1915 1651 1940 non
1673 1914 1849 1954 magnus,
1880 1913 1947 1938 ve-

554 1983 640 2008 rum
660 1968 848 2013 aureolus,
862 1977 913 2012 ct,
930 1978 971 2005 ut
985 1968 1186 2006 Tuberoni
1204 1969 1391 2006 Panaetius
1408 1968 1592 2021 praecipit,
1609 1968 1655 2006 ad
1671 1967 1831 2005 verbum
1848 1967 1946 2006 edis-

552 2035 696 2073 cendus
716 2033 883 2072 libellus.
943 2035 1072 2086 Atque
1093 2033 1149 2071 illi
1170 2033 1328 2086 quidem
1349 2035 1465 2072 etiam
1485 2033 1630 2071 utiliter
1649 2046 1670 2070 a
1690 2041 1820 2070 natura
1839 2033 1947 2071 dice·

552 2101 644 2139 bant
683 2100 938 2153 permotiones
976 2099 1057 2137 istas
1095 2100 1233 2137 animis
1269 2099 1400 2138 nostris
1431 2100 1533 2138 datas
1552 2114 1560 2137 :
1594 2109 1758 2143 metum,
1790 2099 1946 2136 cavendi

553 2166 687 2211 caus51;
710 2165 1006 2204 misericordiam
1024 2165 1380 2218 aegritudincmque,
1397 2165 1635 2209 clementiae;
1659 2164 1778 2218 ipsam
1795 2164 1946 2203 iracun-

553 2233 670 2277 diam,
695 2231 931 2270 fortitudinis
952 2231 1054 2283 quafi
1075 2241 1203 2269 cotem
1223 2231 1292 2270 effe
1313 2231 1490 2269 dicebant
1508 2246 1517 2270 :
1541 2234 1650 2276 refte,
1671 2229 1835 2275 secusne,
1856 2230 1945 2269 alias

553 2299 775 2337 viderimus.
808 2298 1000 2335 Atrocitas
1021 2298 1179 2350 quidem
1200 2298 1265 2335 ista
1287 2308 1348 2336 tua
1365 2313 1443 2351 quo
1464 2298 1580 2336 modo
1595 2298 1633 2336 in
1656 2306 1822 2335 veterem
1843 2298 1945 2334 Aca-

551 2365 721 2403 demiam
742 2365 934 2417 irruperit,
959 2365 1097 2402 nescio.

610 2430 679 2468 Illa
699 2444 785 2468 vcro
813 2429 908 2468 serre
929 2443 1004 2468 non
1032 2429 1193 2483 possum,
1226 2443 1300 2468 non
1333 2444 1411 2482 quo
1439 2428 1536 2468 mihi
1557 2429 1808 2482 displiceant;
1842 2428 1946 2482 (sunt

552 2496 657 2534 enim
693 2496 892 2541 Socratica,
935 2496 1112 2549 pleraque
1155 2496 1345 2535 mirabilia
1375 2496 1606 2541 Stoicorum,
1648 2510 1733 2549 qua:
1763 2488 1947 2549 vagndefioe
