2330 2983
561 216 637 257 ²52
869 201 1649 242 TUSCULANARUM

558 299 713 351 dentur)
745 312 822 337 non
844 298 960 337 modo
980 297 1079 337 nihil
1100 312 1273 352 unquam
1293 307 1373 340 tam
1393 298 1584 352 eleganter
1602 299 1866 353 explicabunt,
1891 301 1956 341 sed

558 378 606 403 ne
626 364 700 402 hoc
720 364 879 416 quidem
898 362 1038 416 ipsum,
1055 377 1175 416 quam
1195 364 1384 404 subtiliter
1401 365 1629 404 conclusum
1649 365 1708 411 fit,
1723 366 1957 421 intelligent.

559 430 682 468 Sentit
702 429 822 482 igitur
841 429 990 469 animus
1012 429 1047 469 se
1066 430 1236 469 moveri:
1269 430 1375 484 quod
1394 445 1486 470 cum
1506 431 1633 477 sentit,
1660 431 1758 471 illud
1778 431 1853 471 una
1872 433 1956 471 sen-

559 495 621 541 tit,
643 495 678 534 se
698 496 735 535 vi
756 495 831 541 sua,
852 509 930 535 non
951 496 1084 541 aliena,
1106 496 1251 535 moveri
1263 515 1275 542 ς
1307 510 1377 535 nec
1397 497 1567 536 accidere
1587 497 1702 550 poffe,
1724 507 1767 536 ut
1788 497 1865 552 ipse
1881 512 1957 537 un-

558 574 678 614 quam
698 574 719 600 a
737 561 772 600 se
791 561 990 600 deseratur.
1029 562 1091 602 Ex
1111 575 1190 616 quo
1209 561 1375 602 efficitur
1394 563 1579 601 aeternitas
1591 581 1604 608 ς
1636 563 1705 603 nifi
1725 563 1821 617 quid
1840 562 1959 603 habes

559 627 607 666 ad
626 626 723 666 haec.

614 695 845 734 Aum‘roR.
868 694 955 747 Ego
974 708 1062 733 vero
1081 692 1193 733 facile
1213 693 1298 733 sum
1318 693 1456 748 passus,
1485 709 1533 733 ne
1550 695 1591 733 in
1606 705 1780 735 mentem
1799 695 1960 749 quidem

560 758 660 798 mihi
681 759 828 812 aliquid
847 769 981 799 contra
999 759 1127 799 venire
1144 774 1154 797 ε
1186 759 1239 797 ita
1258 759 1318 798 isti
1337 758 1444 798 faveo
1464 759 1670 798 sententiae.

607 825 759 864 XXIV.
781 825 997 864 Mancus.
1020 824 1129 877 Qid
1148 824 1215 864 illa
1235 824 1416 864 tandem?
1439 838 1536 863 num
1556 824 1696 866 leviora
1714 824 1856 870 censes,
1877 838 1963 879 quae

561 889 753 930 declarant
772 889 885 929 inesse
904 889 945 928 in
965 889 1103 928 animis
1122 887 1334 929 hominurn
1354 889 1482 929 divina
1498 890 1673 943 quaedam
1689 890 1704 928 Ρ
1725 903 1811 944 quae
1830 890 1857 930 fi
1876 903 1962 930 cer-

562 969 694 996 nerem
721 956 1054 1009 quemadmodum
1082 954 1185 995 nasci
1202 955 1363 1009 poffent,
1393 957 1526 1002 etiam,
1547 956 1879 1010 quemadmodum
1896 956 1964 996 in-

562 1023 732 1069 terirent,
753 1022 939 1063 viderem.
980 1022 1088 1061 Nam
1108 1021 1349 1076 sanguinem,
1377 1021 1513 1068 bilem,
1534 1023 1732 1076 pituitam,
1752 1021 1841 1068 offa,
1872 1035 1962 1062 ner-

562 1101 629 1129 vos
647 1117 660 1135 ,
694 1101 806 1129 venas
828 1117 840 1134 ‚
873 1100 1034 1128 omnem
1066 1087 1233 1141 denique
1265 1088 1535 1128 membrorum
1567 1098 1606 1128 et
1641 1089 1759 1128 totius
1792 1089 1964 1143 corporis

563 1153 728 1207 figuram
758 1154 888 1192 videor
916 1153 1018 1207 poffe
1047 1153 1189 1199 dicere,
1223 1153 1325 1195 unde
1344 1162 1536 1200 concreta,
1563 1163 1601 1193 et
1631 1168 1710 1208 quo
1729 1155 1847 1195 modo
1865 1154 1965 1195 faeta

564 1220 649 1259 fint.
681 1221 754 1260 Per
772 1220 949 1259 animum
969 1219 1113 1273 ipsum,
1143 1220 1170 1258 fi
1191 1218 1290 1258 nihil
1310 1220 1400 1263 effet
1417 1221 1459 1259 in
1479 1234 1538 1266 eo,
1560 1221 1628 1260 nifi
1648 1221 1702 1267 id,
1723 1230 1767 1259 ut
1787 1235 1854 1275 per
1872 1235 1963 1260 eum

563 1286 792 1331 viveremus,
823 1295 902 1324 tam
922 1285 1056 1324 natura
1073 1294 1248 1341 putarem
1276 1284 1447 1326 hominis
1471 1287 1590 1326 vitam
1611 1286 1819 1332 sustentari,
1843 1301 1965 1340 quam

564 1351 667 1397 vitis,
698 1365 816 1404 quam
838 1351 981 1390 arboris
997 1368 1009 1396 ς
1040 1349 1122 1390 haec
1142 1351 1248 1391 enim
1267 1352 1385 1390 etiam
1405 1352 1572 1391 dicimus
1593 1352 1731 1391 vivere.
1791 1353 1906 1398 Item,
1937 1351 1966 1392 fi

564 1416 665 1457 nihil
684 1416 840 1457 haberet
860 1417 1011 1457 animus
1030 1415 1219 1463 hominis,
1239 1417 1308 1456 nisi
1330 1426 1374 1458 ut
1392 1427 1601 1473 appeteret,
1620 1427 1687 1458 aut
1705 1416 1909 1473 refugeret,
1926 1418 1968 1459 id

564 1498 721 1537 quoque
740 1483 828 1523 effet
847 1483 882 1523 ei
901 1496 1113 1523 commune
1131 1497 1225 1522 cum
1243 1483 1386 1523 bestiis.

626 1550 757 1591 Habet
776 1547 947 1603 primum
970 1549 1213 1595 memoriam,
1235 1559 1272 1590 et
1291 1563 1374 1589 eam
1396 1548 1604 1596 infinitam,
1632 1564 1760 1590 rerum
1782 1551 1967 1590 innume-

568 1617 776 1662 rabilium5
808 1629 924 1669 quam
945 1615 1105 1668 quidem
1128 1615 1238 1655 Plato
1268 1616 1571 1656 recordationem
1590 1617 1662 1655 esse
1691 1617 1775 1656 vult
1795 1617 1967 1671 superio-

566 1685 617 1723 ris
638 1683 738 1722 vitm.
802 1682 909 1721 Nam
940 1682 981 1720 in
1011 1682 1080 1720 illo
1100 1681 1214 1727 libro,
1245 1682 1314 1734 qui
1346 1681 1568 1722 inscribitur
1587 1684 1737 1728 Menon,
1767 1682 1967 1736 pusionem

567 1749 760 1802 quendam
781 1749 950 1787 Socrates
982 1747 1188 1801 interrogat
1219 1748 1392 1800 quaedam
1412 1749 1646 1801 geometrica
1664 1749 1712 1787 de
1731 1749 1968 1788 dimensione

568 1814 756 1868 quadrati.
793 1813 858 1853 Ad
877 1827 920 1852 ea
938 1813 987 1852 fic
1007 1813 1074 1852 ille
1093 1812 1307 1867 respondet,
1338 1823 1380 1852 ut
1402 1828 1518 1868 puer;
1551 1825 1589 1853 et
1610 1824 1738 1854 tamen
1758 1815 1812 1853 ita
1835 1812 1968 1855 faciles

568 1880 881 1935 interrogationes
916 1879 1016 1925 sunt,
1048 1889 1092 1919 ut
1120 1879 1307 1933 gradatim
1342 1879 1570 1934 respondens
1601 1880 1738 1919 eodem
1757 1880 1967 1934 perveniat,

569 1962 648 2001 quo
667 1947 693 1986 fi
713 1946 945 2002 geometrica
963 1945 1163 1985 didicifl'et.
1206 1946 1268 1985 Ex
1288 1959 1367 1998 quo
1387 1947 1486 1985 effici
1507 1946 1592 1986 vult
1612 1948 1795 1992 Socrates,
1814 1955 1871 1992 ut,
1890 1945 1968 1986 dis-

570 2027 668 2059 cere,
700 2012 800 2052 nihil
830 2012 935 2050 aliud
954 2011 1014 2056 fit,
1044 2011 1113 2050 nisi
1146 2012 1344 2050 recordari.
1388 2013 1521 2064 Qem
1540 2012 1670 2051 locum
1704 2012 1830 2052 multo
1849 2011 1968 2052 etiam

570 2079 783 2120 accuratius
803 2077 971 2131 explicat
990 2078 1030 2116 in
1051 2091 1096 2116 eo
1117 2076 1302 2123 sermone,
1324 2090 1442 2129 quem
1463 2076 1599 2117 habuit
1619 2091 1664 2116 eo
1684 2077 1764 2130 ipso
1783 2077 1859 2122 die,
1889 2091 1970 2130 quo

570 2145 723 2185 exceffit
743 2159 762 2183 e
782 2145 884 2183 vita:
917 2143 1029 2182 docet
1048 2143 1169 2189 enim,
1190 2144 1382 2196 quemviS,
1414 2143 1481 2196 qui
1513 2143 1694 2183 omnium
1715 2156 1842 2182 rerum
1864 2142 1970 2182 rudis

571 2212 642 2251 effe
661 2213 845 2256 videatur,
881 2211 976 2249 benc
1008 2211 1256 2263 interroganti
1280 2209 1584 2263 respondentem,
1606 2209 1806 2254 declarare,
1838 2209 1872 2248 se
1894 2223 1970 2249 non

573 2289 659 2318 tum
691 2279 756 2317 illa
774 2278 928 2323 discere,
960 2277 1020 2316 sed
1053 2277 1329 2316 reminiscendo
1362 2277 1626 2330 recognoscere
1643 2295 1654 2322 ς
1685 2290 1756 2315 nec
1780 2289 1868 2314 vero
1888 2275 1972 2314 fieri

574 2345 654 2384 ullo
674 2344 791 2384 modo
812 2343 926 2397 posse,
945 2353 987 2382 ut
1007 2357 1026 2380 a
1047 2343 1173 2396 pueris
1196 2352 1251 2381 tot
1274 2356 1415 2387 rerum,
1432 2353 1545 2395 atque
1563 2352 1753 2382 tantarum
1772 2341 1910 2386 insitas,
1932 2350 1972 2381 et

573 2411 675 2465 quasi
696 2410 930 2464 consignatas
952 2409 991 2448 in
1018 2410 1156 2449 animis
1178 2409 1367 2453 notiones,
1398 2422 1490 2462 quas
1511 2407 1617 2448 inciae
1637 2418 1788 2454 vocant,
1810 2407 1970 2447 habere-

575 2492 676 2521 mus,
708 2477 775 2515 nisi
795 2476 961 2522 animus,
983 2486 1188 2529 antequam
1208 2475 1247 2515 in
1267 2488 1405 2528 corpus
1425 2474 1644 2522 intravisset,
1667 2475 1707 2514 in
1728 2487 1854 2515 rerum
1874 2487 1969 2528 cog-

575 2544 719 2583 nitione
743 2542 931 2597 viguisset.
