2330 2983
642 277 917 318 LIBER
973 275 1471 316 SECUNDUS.
1675 289 1749 328 471

504 376 620 422 Cedit,
641 377 742 430 Equi
749 385 878 429 partes
889 384 1090 428 properans
1093 376 1324 429 fiebmergere
1344 375 1474 414 Chelis.

501 442 578 480 Hic
595 441 758 480 dextram
770 451 937 494 porgens,
959 440 1156 494 quadrupes
1174 455 1245 493 qua
1263 441 1366 493 vasta
1384 451 1539 486 tenetur,

500 504 644 550 Tendit,
664 516 700 545 et
718 506 881 559 illustrem
900 507 1124 544 truculentus
1141 505 1247 544 caedit
1264 505 1316 543 ad
1327 521 1445 550 aram,

500 571 656 622 Hicſsse
674 571 824 622 itfi’rm's
842 584 859 607 e
871 570 1043 621 partibus
1060 569 1170 621 erigit
1187 568 1318 623 ffldra
1330 585 1344 608 :

363 635 470 687 cujus
490 634 603 687 longe
621 648 758 687 corpus
775 635 827 672 est
846 633 976 672 fusum
993 649 1003 672 :

497 702 543 738 In
562 699 734 752 medioque
737 701 825 750 sinu
829 700 981 752 fulgens
1001 700 1160 738 Cratera
1179 700 1324 739 relucet.

499 766 713 803 Extremam
731 765 848 803 nitens
859 766 1022 817 plumato
1041 774 1183 818 corpore
1203 766 1346 803 Corvus

497 830 622 883 Rostro
640 830 761 868 tundit
772 846 785 868 .·
816 840 851 868 et
869 830 927 869 hic
948 830 1104 868 Geminis
1119 830 1164 882 est
1182 830 1237 868 ille
1240 829 1314 882 fieb
1333 829 1412 882 ipsis

498 897 602 934 Ante
616 910 749 940 canem,
773 895 886 934 Graio
905 896 1064 948 Procyon
1084 896 1148 948 qui
1163 895 1296 934 nomine
1299 895 1449 948 fertur.

363 961 461 998 Haec
480 961 606 998 omnis
627 948 1023 1014 descriptio*s1derum‚
1044 970 1158 1014 atque
1173 960 1239 998 hic
1259 969 1386 998 tantus
1405 958 1489 998 caeli
1507 968 1674 1006 ornatus,
1704 973 1752 1000 ex

361 1026 586 1078 corporibus
606 1025 684 1064 huc
703 1035 741 1064 et
760 1027 853 1064 illuc
883 1027 981 1072 casu,
1009 1036 1047 1064 et
1077 1035 1219 1064 temere
1247 1025 1558 1064 concursantibus
1590 1026 1752 1078 potuiffe

361 1090 476 1135 effici,
506 1092 689 1143 cuiquam
720 1092 806 1130 sano
837 1092 955 1129 videri
986 1092 1106 1143 potest
1124 1093 1138 1128 ?
1181 1093 1264 1129 Aut
1282 1105 1369 1129 vero
1396 1091 1468 1128 alia
1486 1104 1571 1143 quae
1601 1100 1751 1136 natura,

360 1157 499 1195 mentis
529 1166 567 1194 et
594 1158 747 1195 rationis
777 1171 925 1209 expers,
955 1156 1037 1195 haec
1057 1157 1204 1194 efficere
1223 1156 1365 1209 potuit,
1395 1170 1494 1208 quae,
1524 1169 1603 1194 non
1632 1157 1753 1195 modo

360 1231 405 1260 ut
422 1221 569 1267 fierent,
589 1223 732 1261 ratione
751 1231 952 1275 eguerunt,
970 1221 1031 1260 sed
1047 1222 1214 1274 intelligi
1233 1221 1361 1274 qualia
1389 1221 1475 1268 fint‚
1495 1221 1571 1260 fine
1599 1221 1755 1261 summa.

361 1289 505 1326 ratione
523 1301 601 1326 non
621 1289 773 1340 poffunt
790 1289 803 1325 ?

405 1355 533 1392 XLV.
551 1354 638 1392 Nec
658 1368 745 1392 vero
763 1353 845 1393 haec
865 1354 989 1393 solum
1008 1354 1260 1399 admirabilia,
1277 1353 1339 1392 sed
1358 1351 1457 1392 nihil
1477 1353 1614 1405 majus,
1631 1367 1751 1406 quam

361 1420 465 1471 quod
484 1420 537 1458 ita
556 1419 696 1457 stabilis
717 1419 769 1458 est
784 1420 969 1465 mundus,
983 1429 1097 1472 atque
1117 1421 1170 1458 ita
1185 1419 1349 1458 cohaeret
1367 1419 1413 1457 ad
1430 1419 1750 1472 permanendum,

361 1493 404 1522 ut
423 1483 523 1523 nihil
542 1498 590 1522 ne
607 1485 816 1537 excogitari
835 1485 993 1537 quidem
1019 1485 1130 1538 poffit
1147 1485 1286 1537 aptius.
1332 1485 1480 1522 Omnes
1500 1484 1605 1521 enim
1625 1493 1750 1535 partes

360 1552 455 1602 ejus,
491 1551 663 1602 undique
692 1551 867 1589 medium
897 1551 1030 1589 locum
1067 1550 1304 1602 capeffentes,
1332 1550 1509 1587 nituntur
1538 1549 1747 1601 aequaliter.

359 1616 537 1654 Maxime
555 1624 685 1653 autem
705 1627 860 1667 corpora
874 1615 973 1652 inter
991 1614 1027 1652 se
1049 1615 1184 1666 juncta
1199 1623 1439 1667 permanent,
1466 1612 1557 1652 curn
1579 1614 1748 1666 quodam

358 1681 461 1733 quafi
479 1680 636 1719 vinculo
659 1679 897 1718 circumdata
915 1679 1147 1732 colligantur
1161 1698 1173 1724 3
1205 1680 1310 1731 quod
1326 1679 1419 1717 facit
1437 1692 1480 1716 ea
1498 1688 1644 1724 natura,
1662 1693 1749 1731 quae

357 1759 425 1799 per
442 1759 601 1785 omnem
617 1746 827 1791 mundum,
858 1745 990 1784 omnia
1009 1753 1138 1783 mente
1153 1754 1192 1782 et
1212 1745 1355 1783 ratione
1374 1744 1597 1789 conficiens,
1612 1743 1746 1782 fundi-

358 1822 435 1858 tur,
456 1821 494 1850 et
512 1812 559 1850 ad
575 1812 750 1850 medium
777 1812 888 1864 rapit,
908 1820 947 1849 et
961 1810 1148 1849 convertit
1167 1818 1349 1849 extrema.

412 1877 606 1929 roirca
624 1877 651 1914 fi
679 1876 848 1915 mundus
863 1876 1042 1929 globosus
1071 1876 1137 1921 est,
1169 1876 1220 1914 ob
1245 1889 1405 1928 eamque
1434 1874 1584 1913 causam
1611 1888 1746 1914 omnes

358 1944 439 1994 ejus
459 1950 581 1994 partes
611 1942 782 1994 undique
802 1941 1020 1995 aequabiles,
1047 1941 1136 1994 ipsae
1161 1954 1228 1994 per
1245 1941 1295 1986 se,
1321 1950 1436 1993 atque
1462 1941 1562 1978 inter
1587 1940 1622 1978 se
1650 1954 1746 1979 con-

357 2009 553 2052 tinentum
585 2008 807 2060 contingere
831 2007 937 2045 idem
967 2017 1074 2046 terrae
1099 2006 1242 2045 necesse
1271 2006 1337 2052 est,
1370 2016 1427 2052 ut,
1456 2005 1638 2044 omnibus
1664 2007 1745 2058 ejus

356 2073 526 2126 partibus
545 2073 585 2111 in
605 2072 778 2111 medium
796 2072 1041 2125 vergentibus
1068 2072 1126 2123 (id
1141 2081 1269 2110 autem
1285 2072 1474 2117 medium,
1501 2070 1684 2109 infimum
1703 2072 1745 2109 in

357 2138 499 2190 sphaera
517 2137 586 2189 est)
618 2136 718 2175 nihil
743 2138 1010 2190 interrumpat,
1036 2150 1116 2190 quo
1143 2135 1357 2175 labefactari
1382 2137 1492 2190 poffit
1521 2145 1624 2174 tanta
1648 2150 1744 2174 con-

356 2203 479 2240 tentio
511 2203 702 2255 gravitatis
735 2211 774 2239 et
801 2202 1030 2254 ponderum.
1072 2202 1295 2254 Eademque
1327 2203 1471 2240 ratione
1504 2214 1619 2245 mare,
1651 2214 1744 2239 cum

357 2268 467 2321 supra
485 2277 622 2305 terram
640 2267 698 2312 fit,
733 2267 907 2306 medium
926 2276 1055 2306 tamen
1074 2277 1179 2306 terrae
1194 2268 1327 2306 locum
1356 2277 1550 2321 expetens,
1581 2267 1744 2319 conglo-

358 2335 469 2372 batur
501 2333 671 2385 undique
701 2333 948 2385 aequabiliter,
978 2346 1101 2386 neque
1120 2333 1303 2372 redundat
1322 2347 1508 2386 unquam,
1535 2345 1657 2383 neque
1682 2330 1743 2370 ef-

358 2398 546 2436 funditur.

414 2463 521 2501 Huic
541 2472 668 2501 autem
683 2463 882 2502 continens
902 2477 974 2509 aer,
995 2463 1116 2503 fertur
1131 2465 1197 2502 ille
1213 2464 1369 2516 quidem
1385 2463 1536 2501 levitate
1551 2461 1742 2507 sublimis,

359 2529 419 2567 sed
440 2538 566 2566 tamen
586 2529 627 2566 in
643 2542 776 2567 omnes
805 2539 925 2582 partes
945 2530 981 2568 se
1008 2529 1084 2582 ipse
1114 2529 1256 2567 fundit.
1303 2530 1436 2580 ltaque
1464 2537 1501 2565 et
1522 2528 1617 2565 mari
1645 2541 1742 2565 con-

360 2595 539 2641 umatus,
557 2595 760 2648 etjunCtus
777 2594 842 2641 est,
858 2603 895 2634 et
910 2595 1043 2635 natura
1056 2592 1177 2634 fertur
1192 2594 1238 2633 ad
1249 2594 1387 2633 caelum
1400 2612 1412 2640 ;
1434 2595 1542 2646 cujus
1560 2593 1746 2632 tenuitate
