2330 2983
553 228 630 282 138
977 224 1080 264 DE
1138 219 1524 263 FINIBUS

550 327 669 379 Qod
702 326 808 364 enim
839 337 887 363 ne
925 324 1034 362 vivus
1073 323 1247 376 quidem,
1278 322 1421 375 inquit,
1449 319 1593 359 diutius
1626 319 1763 359 sentire
1789 328 1956 374 poterat,

550 407 669 445 quam
699 393 795 430 dum
814 390 1012 428 fruebatur
1027 407 1038 434 3
1073 403 1152 442 quo
1173 389 1291 428 modo
1310 389 1351 426 id
1369 388 1498 441 potuit
1517 395 1672 425 mortuo
1702 398 1924 440 permanere
1941 387 1958 424 ?

552 459 660 498 Fluit
680 459 800 511 igitur
818 457 994 510 voluptas
1010 457 1194 509 corporis,
1212 464 1252 494 et
1270 455 1397 509 prima
1414 463 1578 507 quaeque
1597 452 1736 499 avolat,
1749 452 1959 507 saepiusque

553 524 738 577 relinquit
773 522 899 561 causas
937 522 1167 575 poenitendi,
1207 535 1326 574 quam
1367 519 1604 559 recordandi.
1650 520 1785 573 Itaque
1815 518 1963 557 beatior

553 589 759 629 Africanus
778 603 871 628 cum
891 589 1010 641 patria
1025 588 1094 626 illo
1115 588 1233 626 modo
1252 588 1431 640 loquens,

691 658 823 709 Define
841 657 955 695 Roma
974 665 1052 694 tuos
1070 655 1176 709 hostes
1199 685 1207 693 .
1233 686 1243 693 .
1268 685 1277 694 .
1300 655 1523 706 reliquaque
1542 652 1722 707 praeclare
1732 670 1748 698 5

692 725 859 776 Namque
877 721 948 760 tibi
963 728 1186 760 monumenta
1204 722 1272 759 mei
1280 728 1452 773 peperere
1469 719 1617 757 labores.

555 789 773 829 Laboribus
793 787 858 826 hic
877 788 1076 840 praeteritis
1096 787 1235 839 gaudet
1247 805 1260 831 ς
1291 796 1334 824 tu
1348 785 1462 838 jubes
1483 783 1762 838 voluptatibus.
1821 781 1904 821 Hic
1924 781 1962 820 se

556 855 603 893 ad
621 868 663 892 ea
682 861 847 898 revocat,
862 866 882 890 e
902 852 1044 905 quibus
1065 850 1165 890 nihil
1186 865 1359 903 unquam
1379 849 1556 888 retulerit
1581 848 1629 887 ad
1647 860 1815 902 corpus3
1837 856 1880 886 tu
1901 855 1967 886 to-

554 931 617 961 tus
636 919 755 959 haeres
776 920 817 958 in
837 931 1011 971 corpore.

611 987 808 1026 XXXIII.
840 985 944 1024 Illud
962 993 1092 1023 autem
1112 984 1240 1037 ipsum
1261 983 1330 1037 qui
1349 983 1516 1022 obtineri
1533 982 1674 1036 potest,
1692 980 1800 1035 quod
1819 979 1964 1026 dicitis,

557 1067 694 1092 omnes
727 1052 847 1091 animi
867 1059 906 1089 et
935 1050 1152 1103 voluptates
1172 1060 1211 1088 et
1242 1050 1391 1088 dolores
1422 1049 1469 1087 ad
1499 1048 1669 1102 corporis
1691 1047 1906 1100 voluptates
1925 1055 1969 1083 et

557 1120 705 1159 dolores
726 1119 915 1172 pertinere
933 1117 945 1154 ?
976 1116 1144 1156 Nihilne
1174 1126 1212 1155 te
1232 1116 1392 1155 delectat
1413 1129 1586 1168 unquam
1606 1115 1619 1151 ?
1651 1114 1776 1158 video,
1799 1113 1969 1165 quicum

557 1186 717 1238 loquar:
738 1194 776 1222 te
795 1183 928 1236 igitur,
945 1184 1156 1235 Torquate,
1179 1182 1308 1236 ipsum
1326 1195 1391 1235 per
1411 1181 1446 1219 se
1472 1180 1570 1219 nihil
1592 1178 1779 1218 delectat?
1803 1178 1964 1216 Omitto

558 1252 804 1305 dignitatem,
825 1249 1078 1294 honestatem,
1099 1248 1263 1302 speciem
1284 1249 1404 1302 ipsam
1424 1249 1631 1292 virtutum,
1653 1246 1700 1285 de
1719 1245 1862 1299 quibus
1879 1254 1970 1282 ante

557 1318 706 1356 dictum
724 1316 800 1354 est:
823 1313 904 1353 haec
920 1314 1062 1353 leviora
1080 1327 1222 1367 ponam
1238 1329 1246 1352 :
1266 1327 1418 1367 poema,
1435 1313 1663 1358 orationem,
1676 1325 1770 1350 cum
1784 1319 1850 1348 aut
1869 1309 1964 1348 scri-

557 1383 630 1427 bis,
652 1391 717 1420 aut
737 1381 832 1434 legis
848 1398 860 1425 ;
892 1393 984 1418 cum
1003 1380 1186 1418 omnium
1205 1377 1411 1424 fastorum,
1431 1391 1524 1417 cum
1544 1379 1747 1431 regionum
1763 1375 1969 1428 conquiris

556 1448 755 1488 historiam
771 1466 785 1493 ς
814 1447 982 1500 signum,
1017 1445 1162 1491 tabula,
1189 1445 1297 1484 locus
1318 1459 1508 1490 amoenus,
1545 1444 1644 1489 ludi,
1675 1443 1843 1487 venatio,
1874 1441 1972 1480 villa

558 1514 732 1560 Luculli,
766 1514 874 1566 (nam
906 1512 932 1551 fi
967 1521 1074 1551 tuam
1106 1512 1289 1557 dicerem,
1324 1512 1511 1550 latebram
1530 1510 1689 1555 haberes
1706 1525 1717 1548 ·.
1749 1509 1795 1547 ad
1825 1521 1971 1562 corpus·

557 1581 702 1619 diceres
736 1579 941 1633 pertinere)
973 1578 1035 1616 sed
1064 1591 1121 1623 ea,
1152 1591 1236 1631 quae
1257 1578 1353 1623 dixi,
1381 1577 1428 1615 ad
1455 1576 1641 1630 corpusne
1661 1575 1804 1615 refers?
1835 1587 1882 1613 an
1912 1574 1969 1612 est

557 1647 718 1700 aliquid,
751 1646 855 1699 quod
876 1654 913 1683 te
932 1645 996 1683 sua
1016 1638 1148 1697 sponte
1168 1644 1328 1682 delectet
1346 1645 1359 1682 ?
1390 1646 1474 1682 Aut
1490 1643 1809 1697 perti-nacifl‘imus
1829 1640 1970 1685 fueris,

559 1713 584 1752 si
606 1714 645 1751 in
665 1726 710 1751 eo
729 1711 947 1765 perstiteris,
971 1711 1017 1748 ad
1036 1723 1174 1763 corpus
1196 1724 1251 1755 ea,
1273 1724 1357 1762 quae
1375 1710 1472 1754 dixi,
1493 1709 1630 1748 referre
1642 1727 1654 1754 ς
1677 1717 1744 1746 aut
1762 1705 1971 1745 deserueris

560 1788 680 1819 totam
703 1778 865 1832 Epicuri
885 1777 1138 1830 voluptatem,
1160 1777 1186 1815 si
1202 1776 1413 1829 negaveris.

616 1845 735 1898 Qod
755 1858 843 1883 vero
862 1857 883 1882 a
909 1853 945 1882 te
965 1843 1202 1897 disputatum
1222 1843 1288 1888 est,
1319 1844 1481 1896 majores
1501 1842 1575 1881 effe
1602 1842 1816 1894 voluptates
1837 1849 1875 1877 et
1895 1838 1971 1877 do-

561 1912 659 1951 lores
680 1911 801 1950 animi
821 1923 938 1963 quam
959 1910 1144 1963 corporis,
1179 1910 1270 1962 quia
1290 1910 1410 1947 trium
1431 1919 1654 1962 temporum
1673 1907 1861 1961 particeps
1882 1905 1971 1943 ani-

561 1991 649 2017 mus
671 1977 729 2021 fit,
751 1989 910 2029 corpore
929 1984 1058 2013 autem
1080 1974 1274 2028 praesentia
1295 1975 1419 2013 solum
1451 1975 1658 2013 sentiantur
1675 1992 1685 2018 ;
1718 1974 1787 2026 qui
1818 1971 1974 2024 probari

562 2043 715 2097 potest?
747 2043 804 2081 Ut
825 2043 870 2087 is,
901 2042 967 2094 qui
989 2050 1143 2094 propter
1170 2054 1233 2079 rne
1250 2041 1394 2094 aliquid
1422 2041 1598 2094 gaudeat,
1620 2041 1722 2093 plus,
1753 2051 1872 2091 quam
1898 2051 1974 2089 ego

564 2109 654 2163 ipse,
673 2108 833 2162 gaudeat
851 2109 863 2146 ?
896 2107 1033 2146 Animi
1065 2107 1238 2160 voluptas
1259 2108 1382 2146 oritur
1398 2116 1553 2160 propter
1571 2107 1809 2159 voluptatem
1832 2117 1972 2156 corpo-

565 2177 670 2222 ris,ct
688 2176 808 2228 major
827 2175 880 2213 est
899 2175 1018 2213 animi
1036 2174 1210 2227 voluptas
1231 2188 1347 2227 quam
1365 2174 1551 2227 corporis.
1584 2175 1641 2211 Ita
1661 2172 1719 2218 fit,
1738 2181 1779 2210 ut
1800 2171 1972 2224 gratula-

564 2253 625 2281 tor
645 2242 766 2280 laetior
786 2241 830 2280 sit
850 2255 967 2294 quam
989 2241 1035 2285 is,
1069 2241 1132 2279 cui
1164 2240 1389 2294 gratuletur.
1441 2241 1526 2285 Sed,
1558 2240 1654 2278 dum
1683 2239 1832 2277 efficere
1851 2237 1972 2274 vultis

565 2310 720 2348 beatum
756 2308 976 2361 sapientem,
1012 2321 1104 2346 cum
1137 2308 1324 2346 maximas
1360 2308 1490 2346 animo
1524 2307 1738 2360 voluptates
1772 2303 1972 2359 percipiat,

565 2374 823 2427 omnibusque
844 2374 1014 2427 partibus
1043 2374 1203 2425 majores
1224 2387 1341 2425 quam
1362 2388 1535 2427 corpore,
1568 2373 1663 2427 quid
1697 2379 1871 2411 occurrat
1893 2382 1970 2407 non

567 2441 717 2480 videtis.
750 2441 886 2479 Animi
907 2440 1011 2479 enim
1033 2454 1189 2492 quoque
1210 2440 1357 2479 dolores
1389 2441 1572 2494 percipiet
1593 2440 1776 2479 omnibus
1800 2436 1975 2491 partibus

569 2509 741 2559 majores,
772 2522 888 2561 quam
911 2507 1094 2560 corporiS.
1145 2508 1198 2545 lta
1219 2507 1330 2545 miser
1352 2507 1394 2545 sit
1423 2507 1629 2560 aliquando
1661 2505 1802 2545 neceffe
1838 2502 1891 2541 est
1924 2501 1972 2545 is,

566 2586 686 2624 quem
707 2588 772 2612 vos
791 2575 945 2615 beatum
968 2573 1113 2627 semper
1131 2573 1247 2613 vultis
1268 2573 1351 2613 css‘e.
1400 2574 1486 2614 Nec
1518 2587 1606 2614 vcro
1636 2573 1690 2620 id,
1722 2572 1817 2611 dum
1837 2567 1972 2608 omnia
