2330 2983
648 241 923 282 LIBER
980 240 1406 281 TERTIUS.
1657 256 1724 295 151

328 345 520 399 appellant
538 341 782 394 ιωιτορθώματα,
812 357 948 382 omnes
980 357 1160 382 numeros
1189 342 1343 382 virtutis
1369 342 1584 382 continent.
1645 345 1731 382 Sola

326 413 433 450 enim
453 409 633 464 sapientia
662 409 704 446 in
723 409 759 447 se
780 419 859 448 tota
878 409 1055 448 conversa
1072 409 1124 447 est
1142 423 1152 447 :
1183 408 1288 461 quod
1308 409 1412 447 idem
1432 409 1472 446 in
1494 409 1637 448 caeteris
1669 424 1728 448 ar-

327 476 431 515 tibus
452 489 530 514 non
551 475 608 513 fit.

372 541 511 580 Inscite
531 549 659 578 autem
679 540 881 578 medicinae
901 548 939 576 et
958 538 1246 591 gubernationis
1266 538 1454 576 ultimum
1474 553 1566 577 cum
1589 541 1731 579 ultimo

326 605 517 659 sapientiae
547 614 803 658 comparatur.
864 605 1056 657 Sapientia
1076 604 1182 643 enim
1214 613 1252 642 et
1276 604 1397 642 animi
1418 604 1730 656 magnitudinem

325 672 611 725 complectitur,
641 680 678 708 et
703 670 908 723 justitiam,
938 680 976 709 et
996 681 1040 708 ut
1059 670 1214 715 omnia,
1239 683 1324 722 quae
1357 669 1510 708 homini
1537 671 1728 716 accidant,

325 737 426 777 infra
445 738 481 776 se
500 738 571 776 effe
585 738 758 790 judicet:
781 738 886 790 quod
906 737 1009 776 idem
1030 737 1069 775 in
1090 737 1235 775 caeteris
1255 737 1399 775 artibus
1421 751 1497 775 non
1519 739 1726 790 contingit.

325 805 478 842 Tenere
496 814 625 842 autern
648 804 806 842 virtutes
827 817 886 841 eas
907 804 1018 856 ipsas,
1049 817 1212 856 quarum
1239 804 1358 841 modo
1378 804 1617 841 mentionem
1639 804 1730 849 feci,

326 883 442 908 nemo
461 870 627 922 poterit,
649 870 716 907 nifi
751 869 933 914 statuerit,
966 868 1063 907 nihil
1085 869 1170 914 effe,
1206 869 1312 921 quod
1332 869 1476 907 interfit
1496 879 1560 907 aut
1580 870 1730 908 differat

325 936 430 974 aliud
450 936 496 974 ab
527 936 614 980 alio,
646 944 780 987 praeter
812 934 968 973 honesta
987 945 1025 973 et
1046 937 1183 988 turpia.
1229 934 1438 973 Videamus
1460 949 1579 980 nunc,
1611 950 1730 988 quam

325 1002 398 1039 fint
417 1002 594 1054 praeclare
614 1001 680 1038 illa
699 1002 759 1045 iis,
781 1015 865 1053 quae
880 1002 962 1052 jam
983 1002 1105 1054 posui,
1128 1002 1414 1053 consequentia.

364 1070 469 1106 Cum
491 1066 603 1106 enimv
617 1066 692 1105 hoc
714 1067 758 1104 s1t
777 1077 1013 1112 extremum,
1031 1067 1162 1119 (sentis
1183 1068 1303 1112 enim,
1321 1068 1448 1112 credo,
1471 1069 1626 1119 mejam
1647 1069 1727 1113 diu,

324 1134 431 1185 quod
453 1131 570 1175 τελῶν
590 1134 748 1171 Graecus
781 1133 896 1178 dicat,
927 1133 967 1170 id
988 1133 1113 1171 dicere
1134 1143 1219 1171 tum
1252 1144 1488 1178 extremum,
1517 1144 1601 1171 turn
1633 1135 1729 1173 ulti-

325 1214 452 1245 mum,
474 1209 560 1238 tum
580 1199 805 1238 summum:
837 1199 970 1237 licebit
991 1200 1108 1238 etiam
1128 1200 1247 1238 finem
1268 1213 1338 1253 pro
1357 1210 1532 1238 extremo
1553 1211 1617 1238 aut
1633 1201 1728 1238 ulti-

322 1280 389 1305 mo
404 1266 547 1317 dicere)
569 1279 662 1304 cum
681 1279 771 1318 ergo
786 1264 862 1303 hoc
878 1266 923 1304 fit
943 1275 1178 1311 extremum,
1200 1276 1455 1318 congruenter
1469 1276 1612 1304 natur-ae
1633 1280 1727 1305 con-

323 1332 594 1384 venienterque
614 1332 739 1369 vivere
751 1349 773 1376 3·
796 1331 996 1370 necefl‘ario
1016 1331 1199 1384 sequitur,
1221 1345 1357 1369 omnes
1378 1332 1561 1384 sapientes
1583 1331 1729 1385 semper

322 1397 501 1443 feliciter,
523 1397 707 1442 absolute,
730 1397 923 1436 fortunate
942 1398 1080 1443 vivere,
1114 1398 1220 1436 nulla
1240 1411 1278 1436 re
1299 1399 1492 1451 impediri,
1511 1398 1616 1436 nulla
1636 1413 1726 1452 pro-

322 1463 463 1509 hiberi,
485 1463 591 1501 nulla
610 1477 731 1515 egere.
821 1464 896 1502 uod
915 1473 1045 1502 autem
1064 1464 1238 1502 continet
1258 1477 1334 1502 non
1350 1465 1476 1516 magis
1498 1478 1582 1502 eam
1612 1465 1727 1502 disci·

323 1530 484 1582 plinam,
507 1529 553 1567 de
573 1543 648 1581 qua
668 1529 819 1580 loquor,
851 1528 970 1581 quam
996 1530 1117 1567 vitam
1137 1527 1385 1581 fortunasque
1405 1529 1560 1574 nostras,
1594 1530 1632 1567 id
1659 1531 1726 1575 cst,

323 1606 379 1641 ut,
415 1596 519 1648 quod
539 1595 743 1633 honestum
764 1595 821 1640 fit,
857 1596 897 1633 id
917 1596 1042 1634 solum
1070 1596 1221 1633 bonum
1249 1596 1499 1647 judicemus;
1532 1586 1654 1648 potest
1687 1598 1740 1635 id>

322 1661 484 1714 quidem
503 1660 597 1706 fuse,
619 1671 657 1698 et
676 1661 838 1713 copiose,
872 1670 910 1699 et
930 1661 1114 1699 omnibus
1135 1661 1367 1700 electifiimis
1395 1662 1534 1706 verbis,
1556 1663 1726 1714 gravissi—

321 1727 681 1780 misque·sententiis
695 1725 885 1765 rhetorice
905 1737 943 1765 et
963 1728 1090 1780 augeri
1106 1737 1144 1766 et
1164 1728 1289 1766 ornari
1307 1742 1316 1766 :
1339 1727 1401 1766 sed
1421 1728 1647 1766 consectaria
1663 1743 1726 1768 me

323 1794 549 1831 Stoicorum
564 1793 691 1831 brevia
711 1803 749 1830 et
769 1802 878 1831 acuta
899 1793 1102 1831 delectant.

376 1860 490 1897 VIII.
511 1859 810 1897 Concluduntur
827 1860 945 1912 igitur
964 1873 1098 1898 eorum
1119 1869 1343 1913 argumenta
1359 1860 1426 1905 fic,
1443 1860 1561 1913 Qod
1581 1861 1632 1898 est
1653 1861 1724 1899 bo-

320 1938 432 1969 num,
455 1938 572 1962 omne
592 1924 782 1962 laudabile
802 1925 867 1963 est.
916 1926 1034 1977 Qod
1054 1934 1183 1963 autem
1203 1925 1394 1964 laudabile
1415 1926 1480 1971 est,
1513 1940 1629 1964 omne
1649 1925 1723 1965 ho-

320 1991 470 2029 nestum
491 1990 557 2028 est.
606 1991 759 2028 Bonum
790 1991 910 2044 igitur
925 1991 1030 2044 quod
1050 1991 1116 2037 est,
1138 1990 1342 2030 honesturn
1362 1992 1428 2030 est.
1476 1993 1617 2031 Satisne
1647 1992 1723 2030 hoc

318 2056 545 2095 conclusum
566 2056 716 2094 videtur
733 2057 746 2093 ?
779 2057 907 2096 Certe.
959 2058 1077 2110 Qod
1096 2059 1202 2096 enim
1222 2058 1458 2096 efficiebatur
1478 2072 1525 2096 ex
1544 2058 1604 2096 his
1625 2059 1722 2097 duo-

319 2123 405 2167 bus,
440 2136 524 2175 quae
543 2131 647 2160 erant
667 2122 832 2175 sumpta,
863 2123 904 2161 in
937 2137 982 2161 eo
1011 2123 1115 2162 vides
1142 2122 1213 2161 effe
1239 2124 1479 2162 conclusum.
1540 2125 1724 2162 Duorum

317 2198 462 2232 autem,
495 2201 514 2225 e
536 2188 678 2240 quibus
698 2188 831 2226 effeeta
850 2189 1046 2228 conclufio
1065 2190 1130 2234 est,
1166 2199 1299 2228 contra
1318 2190 1486 2243 superius
1509 2191 1585 2228 dici
1615 2190 1719 2235 solet,

318 2269 396 2292 non
416 2268 531 2293 omne
549 2254 698 2292 bonum
719 2254 792 2292 effe
813 2255 1026 2294 laudabile:
1060 2269 1148 2294 nam
1169 2256 1275 2308 quod
1294 2256 1483 2294 laudabile
1501 2257 1558 2300 fit,
1582 2255 1720 2293 hones-

318 2331 406 2358 tum
426 2319 496 2357 effe
513 2319 749 2357 conceditur.
797 2321 900 2359 Illud
921 2330 1051 2359 autern
1074 2321 1365 2374 perabsurdum,
1391 2322 1537 2359 bonum
1559 2321 1628 2358 effe
1649 2321 1719 2358 ali·

319 2385 428 2437 quid,
447 2385 551 2437 quod
571 2398 649 2424 non
669 2387 928 2438 expetendum
946 2387 1016 2432 1⁴1t;
1039 2397 1102 2425 aut
1121 2387 1395 2440 expetendum,
1418 2387 1522 2439 quod
1542 2400 1618 2424 non
1636 2385 1721 2438 pla-

318 2465 406 2489 cens
424 2469 435 2495 ς
459 2460 535 2495 aut,
558 2450 583 2488 sl
604 2451 657 2496 id,
680 2465 757 2490 non
778 2453 894 2491 etiam
915 2453 1157 2506 diligendum
1177 2468 1185 2491 :
1209 2467 1299 2505 ergo
1320 2462 1356 2490 et
1377 2451 1632 2505 probandum.
1663 2452 1721 2490 Ita

318 2519 435 2556 etiam
457 2517 670 2555 laudabile:
694 2518 732 2556 id
752 2530 881 2559 autem
898 2519 1116 2559 honestum.
1137 2520 1195 2558 Ita
1211 2519 1270 2565 fit,
1293 2530 1348 2563 ut,
1370 2519 1643 2571 quodbonum
1662 2519 1720 2563 fit,

322 2584 361 2623 id
377 2585 492 2623 etiam
513 2583 712 2624 honestum
735 2585 793 2623 fit.
