2330 2983
583 218 635 270 96
898 212 1660 253 DEF1Nlssus

637 313 790 353 XVIII.
824 312 860 349 O
881 311 1099 364 praeclaram
1119 310 1226 349 beate
1245 311 1412 357 vivendi,
1429 320 1467 350 et
1479 319 1662 364 apertam,
1692 319 1731 348 et
1744 309 1975 365 simplicem,

582 390 621 418 et
641 380 822 417 direc‘tam
842 378 944 416 viam
963 376 970 415 !
1004 377 1110 415 Cum
1127 377 1232 415 enim
1253 386 1355 415 certe
1374 376 1474 416 nihil
1508 376 1661 416 homini
1690 377 1802 430 poffit
1835 377 1976 416 melius

582 446 666 491 effe,
689 459 806 499 quam
831 457 959 482 vacare
989 444 1099 482 omni
1117 443 1247 482 dolore
1280 453 1319 481 et
1338 443 1522 489 molestia,
1553 443 1775 497 perfruique
1795 445 1974 482 maximis

581 522 620 551 et
640 512 758 551 animi
778 520 816 548 et
845 510 1012 563 corporis
1033 509 1293 562 voluptatibus
1309 528 1321 555 ς
1352 509 1548 554 videtisne,
1568 523 1684 562 quam
1700 509 1798 548 nihil
1818 519 1975 570 praeter-

582 579 772 623 mittatur,
803 576 907 629 quod
927 576 1046 614 vitam
1065 576 1231 627 adjuvet,
1262 589 1339 628 quo
1358 574 1509 614 facilius
1530 576 1582 620 id,
1614 576 1718 628 quod
1737 576 1976 629 propositum

580 645 647 691 est,
670 644 868 683 summum
888 642 1037 680 bonum
1056 641 1363 694 consequamur?
1396 641 1548 680 Clamat
1568 642 1775 695 Epicurus,
1792 642 1838 687 is,
1857 656 1976 695 quem

580 725 648 750 vos
675 710 791 748 nimis
810 708 1072 761 voluptatibus
1102 707 1173 745 effe
1206 707 1382 745 deditum
1401 707 1543 752 dicitis,
1574 721 1651 746 non
1680 707 1782 760 poss‘e
1801 708 1976 759 jucunde

579 771 671 816 vivi,
702 770 769 808 nisi
803 769 999 822 sapienter,
1043 767 1209 812 honeste,
1248 767 1425 820 justeque
1454 768 1603 806 vivatur
1614 786 1626 812 ς
1671 781 1742 806 nec
1776 768 1974 820 sapienter,

580 836 748 880 honeste,
771 835 887 887 juste,
919 834 986 872 nifi
1010 833 1198 886 jucunde.
1257 833 1397 885 Neque
1425 833 1532 870 enim
1559 833 1691 871 civitas
1723 833 1764 870 in
1791 833 1976 872 seditione

579 904 687 942 beata
704 901 775 940 esse
794 900 930 954 potest,
961 913 1031 938 nec
1062 899 1102 938 in
1122 898 1307 937 discordia
1326 898 1576 937 dominorum
1595 898 1759 937 domus:
1791 912 1870 952 quo
1895 899 1975 938 mi-

581 983 652 1009 nus
672 969 837 1012 animus,
858 981 878 1004 a
897 966 932 1004 se
951 965 1029 1019 ipse
1044 965 1221 1005 diffidens
1245 965 1453 1018 secumque
1468 964 1698 1010 discordans,
1719 965 1866 1018 gustare
1885 979 1974 1019 par-

580 1045 660 1074 tem
678 1033 797 1072 ullam
817 1031 973 1085 liquidae
993 1031 1199 1084 voluptatis
1215 1040 1252 1069 et
1267 1030 1396 1069 liberae
1410 1029 1544 1083 potest.
1567 1031 1692 1082 Atqui
1711 1031 1974 1084 pugnantibus

579 1110 618 1140 et
637 1099 833 1140 contrariis
854 1098 1000 1143 studiis,
1026 1097 1267 1150 confiliisque
1293 1096 1440 1150 semper
1459 1105 1583 1142 utens,
1605 1095 1704 1135 nihil
1725 1098 1845 1150 quieti
1866 1097 1972 1136 vide-

577 1181 629 1213 re,
651 1165 749 1204 nihil
770 1164 982 1217 tranquilli,
1003 1163 1138 1217 potest.

619 1232 736 1286 Qod
750 1231 776 1270 fi
794 1231 964 1284 corporis
979 1230 1216 1283 gravioribus
1237 1229 1383 1268 morbis
1399 1229 1484 1268 vitae
1495 1230 1718 1282 jucunditas
1735 1230 1970 1284 impeditur;

576 1308 720 1353 quanto
741 1297 862 1350 magis
884 1297 1004 1335 animi
1025 1296 1171 1334 morbis
1200 1295 1380 1349 impediri
1400 1295 1542 1333 necesse
1570 1296 1623 1334 est
1640 1297 1653 1333 ?
1684 1297 1823 1335 Animi
1842 1306 1972 1335 autem

576 1364 703 1405 morbi
736 1363 822 1401 sunt
852 1362 1082 1415 cupiditates
1102 1361 1297 1400 immensae
1327 1370 1366 1399 et
1391 1361 1536 1405 inanes,
1566 1361 1801 1408 divitiarum,
1825 1363 1971 1416 gloriae,

575 1429 862 1473 dominationis,
893 1427 1183 1466 libidinosarum
1203 1427 1320 1465 etiam
1339 1427 1598 1479 voluptatum.
1639 1427 1845 1466 Accedunt
1861 1429 1971 1482 aegri-

575 1497 740 1540 tudines,
773 1493 966 1538 molestiae,
998 1506 1192 1537 moeroreS,
1210 1493 1278 1545 qui
1302 1493 1449 1531 animos
1470 1492 1651 1537 exedunt,
1683 1493 1973 1548 conficiuntque

575 1563 692 1607 curis,
721 1560 930 1599 hominum
950 1573 1025 1598 non
1047 1558 1350 1614 intelligentium
1370 1556 1469 1596 nihil
1495 1557 1705 1597 dolendum
1725 1558 1796 1597 effe
1824 1561 1970 1607 animo,

575 1627 680 1683 quod
700 1627 745 1665 fit
765 1640 785 1663 a
799 1625 929 1664 dolore
947 1625 1114 1678 corporis
1134 1624 1307 1677 praesenti
1325 1623 1503 1662 futurove
1522 1623 1749 1678 sejundtum.
1781 1625 1868 1664 Nec
1883 1640 1976 1666 vero

575 1694 780 1748 quisquam
800 1692 936 1730 stultus
957 1705 1034 1730 non
1054 1690 1196 1729 horum
1217 1691 1444 1730 morborum
1470 1691 1601 1744 aliquo
1621 1691 1779 1730 laborat.
1838 1692 1971 1732 Nemo

576 1762 694 1815 igitur
713 1759 765 1797 est
784 1772 861 1797 non
882 1757 1007 1797 miser.

630 1825 793 1864 Accedit
813 1824 929 1862 etiam
962 1837 1078 1870 mors,
1109 1837 1208 1877 quae,
1238 1824 1341 1877 quasi
1362 1824 1494 1862 saxum
1516 1824 1695 1869 Tantalo,
1718 1824 1864 1877 semper
1890 1825 1968 1863 im-

575 1892 736 1947 pendet:
770 1899 854 1928 tum
875 1889 1114 1942 superstitio,
1137 1903 1213 1942 qua
1233 1890 1299 1943 qui
1320 1889 1372 1928 est
1392 1889 1583 1935 imbutus,
1605 1890 1758 1942 quietus
1775 1890 1846 1929 effe
1866 1904 1969 1929 nun-

574 1971 690 2012 quam
711 1956 845 2010 potest.
879 1956 1058 1994 Praeterea
1078 1956 1176 1994 bona
1196 1956 1382 2008 praeterita
1402 1969 1479 1993 non
1503 1957 1778 2001 meminerunt,
1809 1957 1970 2009 praesen-

575 2025 678 2063 tibus
701 2037 777 2061 non
798 2021 994 2067 fruuntur,
1016 2020 1146 2060 futura
1163 2022 1279 2060 modo
1303 2023 1502 2074 expectant
1522 2036 1530 2059 :
1564 2035 1648 2074 quae
1668 2022 1758 2074 quia
1776 2031 1877 2060 certa
1897 2022 1969 2061 effe

576 2104 652 2128 non
674 2087 839 2142 potsunt,
869 2086 1129 2126 conficiuntur
1148 2097 1185 2125 et
1204 2100 1357 2139 angore,
1384 2096 1422 2124 et
1444 2096 1550 2125 metu
1568 2106 1580 2133 5
1613 2087 1859 2140 maximeque
1878 2101 1970 2126 cru-

574 2156 736 2199 ciantur,
768 2167 859 2191 cum
882 2152 960 2191 sero
988 2153 1169 2198 sentiunt,
1191 2151 1324 2190 frustra
1342 2152 1378 2191 se
1408 2162 1472 2190 aut
1500 2153 1670 2205 pecunia:
1690 2152 1881 2198 studuisse,
1903 2163 1970 2192 aut

572 2221 759 2274 imperiis,
790 2229 854 2258 aut
887 2220 1039 2272 opibus,
1075 2229 1139 2258 aut
1175 2219 1318 2273 gloriae.
1379 2219 1518 2258 Nullas
1548 2221 1652 2258 enim
1683 2219 1969 2272 consequuntur

573 2287 799 2340 voluptateS,
828 2299 989 2338 quarum
1011 2285 1182 2338 potiendi
1203 2284 1265 2338 spe
1282 2284 1509 2323 inflammati
1527 2285 1670 2324 multos
1692 2285 1838 2324 labores
1853 2284 1968 2340 mag-

573 2353 715 2405 nosque
736 2352 983 2405 susceperant.

628 2419 729 2457 Ecce
749 2427 877 2457 autem
898 2418 961 2456 alii
997 2417 1140 2456 minuti
1167 2427 1204 2456 et
1225 2417 1385 2471 angusti,
1416 2426 1480 2455 aut
1509 2417 1640 2456 omnia
1669 2417 1814 2471 semper
1833 2416 1965 2471 despe-

570 2495 695 2527 rantes
710 2514 721 2531 ‚
762 2494 827 2524 aut
861 2485 1067 2531 malevoli,
1103 2484 1222 2524 invidi
1241 2513 1252 2531 ,
1287 2484 1464 2523 difficiles
1479 2513 1490 2531 ,
1533 2483 1698 2538 lucisugi
1716 2513 1727 2530 ,
1759 2483 1965 2530 maledici,
