2330 2983
656 227 933 265 LIBER
990 226 1420 278 QUINTUS.
1659 233 1733 284 369

341 324 535 369 ducimus,
566 324 677 362 turba
701 325 888 376 quaedam,
918 334 1130 378 paupertas,
1162 326 1398 378 ignobilitas,
1427 326 1644 373 humilitas,
1674 329 1733 367 so-

342 391 481 436 litudo,
503 390 648 428 amiffio
666 390 835 434 suorum,
852 403 981 442 graves
1002 392 1148 430 dolores
1168 393 1353 444 corporis,
1376 394 1522 446 perdita
1542 395 1733 440 valetudo,

341 456 532 500 debilitas,
573 456 736 501 caecitas,
780 456 957 494 interitus
988 457 1131 508 patriae,
1162 458 1339 502 exilium,
1368 459 1524 497 servitus
1553 461 1730 512 denique.

341 522 388 558 In
407 520 467 558 his
496 529 555 558 tot
581 529 619 558 et
639 521 753 558 tantis
773 521 787 571 (
805 529 920 572 atque
946 521 1064 558 etiam
1084 521 1192 573 plura
1212 521 1365 573 possunt
1384 524 1580 576 accidere)
1614 525 1734 577 potest

339 584 412 622 effe
430 585 604 638 sapiens;
636 598 726 623 nam
757 584 838 623 haec
869 585 972 623 casus
993 586 1189 638 importat,
1221 587 1290 639 qui
1315 586 1355 624 in
1376 586 1583 639 sapientem
1613 590 1733 640 potest

340 651 544 696 incurrere.
586 653 641 689 At
674 651 699 689 fi
730 664 772 689 ea
802 650 902 689 mala
932 650 1032 697 sunt,
1062 652 1149 704 quis
1168 652 1292 704 potest
1314 653 1497 704 praestare,
1524 653 1733 706 sapientem

340 714 486 768 semper
505 716 662 755 beatum
688 715 783 761 fore,
815 729 907 754 cum
927 716 988 754 vel
1008 717 1048 755 in
1068 717 1251 755 omnibus
1281 714 1341 755 his
1368 730 1446 755 uno
1472 726 1644 770 tempore
1664 718 1733 756 effe

340 779 452 831 poffit
466 781 480 817 ?

394 845 490 883 Non
523 845 643 898 igitur
673 844 785 883 facile
810 846 979 884 concedo
1007 859 1133 898 neque
1167 847 1287 885 Bruto
1321 860 1423 892 mec,
1468 860 1592 900 neque
1619 861 1731 886 com-

341 910 526 949 munibus
555 911 758 963 magistris,
785 925 908 964 neque
928 912 1117 951 veteribus
1147 912 1239 958 illis,
1270 913 1481 958 Aristoteli,
1509 914 1731 966 Speusippo,

339 976 563 1020 Xenocrati,
610 976 828 1022 Polemoni,
858 987 916 1022 ut,
947 991 1039 1016 cum
1071 991 1127 1023 ea,
1171 992 1257 1030 quae
1290 978 1398 1031 supra
1427 981 1661 1024 enumeravi,
1692 981 1731 1017 in

339 1040 451 1078 malis
481 1049 699 1086 numerent,
739 1042 859 1080 iidem
889 1042 1018 1080 dicant
1045 1043 1193 1095 semper
1225 1044 1380 1081 beatum
1414 1043 1485 1080 effe
1511 1044 1730 1095 sapientem.

338 1105 448 1157 Qos
481 1107 508 1145 fi
530 1107 664 1145 titulus
684 1106 750 1145 hic
771 1107 930 1145 delectat
950 1108 1106 1159 insignis
1127 1117 1165 1145 et
1193 1107 1370 1160 pulcher,
1401 1108 1630 1160 Pythagora,
1662 1111 1732 1147 So-

337 1181 454 1216 crate,
494 1172 655 1210 Platone
692 1171 962 1226 digniflimus;
1007 1173 1193 1212 inducant
1220 1173 1410 1218 animum,
1455 1173 1534 1218 illa,
1565 1188 1734 1226 quorum

339 1236 536 1291 splendore
568 1239 786 1292 capiuntur,
821 1240 933 1284 vires,
968 1239 1243 1284 valetudinem,
1281 1238 1629 1291 pulchritudinem,
1670 1241 1731 1278 di-

339 1303 464 1348 vitias,
505 1302 684 1348 honores,
725 1317 815 1357 opes
849 1313 1094 1342 contemnere
1114 1322 1127 1349 ;
1172 1317 1304 1356 eaque,
1334 1314 1419 1355 quae
1450 1303 1510 1341 his
1548 1306 1733 1342 contraria

340 1369 426 1413 fint,
457 1381 528 1421 pro
547 1368 671 1406 nihilo
691 1369 841 1408 ducere.
873 1371 983 1408 Tum
1008 1379 1190 1422 poterunt
1209 1368 1409 1407 clariffima
1434 1382 1527 1407 voce
1545 1370 1732 1421 profiteri,

339 1434 376 1472 se
409 1448 534 1487 neque
561 1434 725 1474 fortunae
754 1437 920 1488 impetu,
950 1448 1021 1473 nec
1051 1435 1313 1474 multitudinis
1333 1435 1528 1488 opinione,
1559 1449 1629 1473 nec
1660 1437 1731 1473 do-

339 1500 434 1545 lore,
474 1513 598 1552 neque
628 1510 846 1553 paupertate
879 1501 1023 1545 terreri,
1053 1501 1260 1552 omniaque
1290 1500 1359 1538 fibi
1390 1500 1430 1537 in
1462 1500 1535 1538 sese
1563 1501 1634 1538 effe
1658 1515 1731 1553 po-

338 1565 420 1610 fita,
450 1579 574 1617 neque
599 1565 671 1603 effe
689 1565 903 1617 quidquam
927 1575 1034 1602 extra
1059 1564 1164 1603 suam
1183 1564 1422 1618 potestatem,
1452 1566 1557 1617 quod
1591 1566 1733 1605 ducant

338 1632 380 1668 in
401 1631 526 1669 bonis.

393 1697 533 1748 Neque
552 1695 659 1734 hunc
678 1705 717 1734 et
741 1693 824 1734 haec
843 1694 968 1748 loqui,
998 1708 1084 1748 quae
1103 1695 1189 1734 sunt
1219 1697 1349 1748 magni
1380 1696 1579 1747 cujusdam
1599 1706 1637 1735 et
1664 1697 1733 1736 alti

337 1761 424 1806 viri,
453 1770 492 1799 et
510 1761 654 1806 eadem,
676 1775 761 1814 quae
780 1761 932 1812 vulgus»,
962 1760 1002 1798 in
1023 1760 1133 1798 malis
1153 1769 1190 1798 et
1211 1761 1321 1799 bonis
1340 1773 1551 1806 numerare,
1573 1762 1733 1799 concedi

339 1826 420 1864 ullo
440 1826 557 1864 modo
577 1826 710 1876 potest.
743 1827 832 1876 Qa
850 1825 972 1876 gloria
990 1834 1211 1862 commotus
1232 1825 1422 1878 Epicurus
1442 1826 1610 1864 exoritur
1625 1844 1636 1870 ς
1668 1825 1734 1863 cui

339 1892 471 1935 etiam,
501 1891 528 1928 fi
548 1890 636 1928 Diis
656 1890 794 1942 placet,
824 1890 973 1927 videtur
992 1890 1139 1943 semper
1157 1890 1299 1943 sapiens
1321 1891 1465 1929 beatus.
1502 1891 1583 1929 Hic
1603 1891 1733 1943 digni-

338 1965 416 1994 tate
434 1955 550 2008 hujus
582 1955 775 1994 sententiae
794 1955 966 2008 capitur3
998 1955 1059 1994 sed
1078 1968 1279 2007 nunquam
1298 1956 1338 1994 id
1358 1956 1513 2001 diceret,
1544 1956 1570 1994 fi
1601 1957 1678 2009 ipse
1699 1956 1734 1994 se

338 2022 498 2059 audiret.
531 2021 639 2073 Qid
659 2021 711 2058 est
729 2021 848 2065 enim,
880 2021 985 2072 quod
1004 2021 1133 2059 minus
1152 2021 1368 2066 conveniat,
1394 2035 1515 2074 quam
1535 2030 1577 2060 ut
1597 2022 1643 2066 is,
1665 2021 1733 2073 qui

339 2087 398 2125 vel
419 2087 618 2125 summum
637 2087 697 2124 vel
718 2086 840 2125 solum
860 2087 1009 2125 malum
1026 2087 1201 2126 dolorem
1221 2087 1292 2127 effe
1311 2087 1427 2133 dicat,
1450 2088 1552 2125 idem
1572 2087 1731 2131 censeat,

336 2154 455 2204 Qum
484 2152 547 2190 hoc
560 2154 683 2205 fitave
711 2152 768 2204 est,
800 2161 900 2197 tum,
930 2165 1022 2190 cum
1043 2153 1172 2190 dolore
1204 2152 1408 2198 crucietur,
1440 2153 1633 2191 dieturum
1663 2152 1733 2189 effe

339 2217 547 2269 sapientem
567 2218 579 2254 ?
615 2217 710 2255 Non
730 2218 848 2269 igitur
867 2231 913 2255 ex
933 2218 1089 2270 singulis
1109 2218 1268 2257 vocibus
1301 2217 1522 2271 philosophi
1543 2216 1733 2270 spectandi

340 2282 441 2326 sunt,
462 2281 524 2319 sed
543 2295 589 2320 ex
609 2283 860 2334 perpetuitate
879 2292 993 2335 atque
1012 2283 1231 2322 constantia.

386 2348 457 2385 XI.
490 2348 717 2385 Aumron.
740 2348 912 2386 Adducis
933 2362 1010 2393 me,
1032 2358 1075 2386 ut
1095 2349 1168 2387 tibi
1188 2348 1371 2388 affentiar.
1404 2348 1474 2386 Sed
1495 2351 1559 2385 tua
1577 2359 1733 2398 quoque

340 2412 426 2449 vide
446 2425 492 2450 ne
511 2412 737 2451 desideretur
755 2414 977 2452 constantia.
1020 2415 1235 2453 MARCUS.
1258 2416 1440 2466 Qonam
1457 2411 1573 2450 modo
1589 2413 1602 2448 ?
1640 2413 1732 2449 Au-

342 2489 505 2515 DITOR.
572 2478 632 2514 uia
651 2477 726 2531 legi
747 2488 859 2519 tuum
879 2492 1000 2533 nuper
1020 2489 1197 2532 quartum
1220 2481 1266 2518 de
1288 2479 1464 2517 Finibus.
1508 2478 1552 2516 In
1569 2490 1613 2517 eo
1633 2475 1732 2515 mihi

426 2544 497 2581 To
509 2555 559 2580 M.
592 2542 644 2581 ΙΙ.
1321 2545 1357 2582 Α
1375 2556 1395 2580 a
1413 2556 1434 2580 a
