2330 2983
719 248 995 288 LIBER
1051 247 1475 287 TERTIUS.
1719 261 1791 302 311

406 347 525 398 Qod
545 356 674 385 autem
694 346 867 385 Theseus
898 361 919 384 a
949 346 1061 384 doeio
1080 345 1114 384 se
1133 345 1273 384 audiffe
1304 346 1413 392 dicit,
1443 346 1485 385 id
1514 346 1560 385 de
1590 345 1706 401 seipso
1736 350 1797 388 lo-

404 413 538 464 quitur
557 413 774 464 Euripides.
802 413 942 450 Fuerat
958 412 1062 449 enim
1077 412 1226 449 auditor
1240 413 1474 465 Anaxagorae
1486 431 1498 458 3
1521 427 1637 466 quem
1653 413 1797 461 ferunt,

404 478 576 515 nuntiata
596 487 721 515 morte
741 478 825 522 filii,
860 465 1005 521 dixiffe',
1038 476 1195 514 Sciebam
1219 491 1273 514 me
1285 477 1436 530 genugffl’
1463 480 1657 518 mortalem.
1701 481 1800 532 Qae

402 555 479 580 vox
498 542 676 587 declarat,
707 543 753 580 iis
777 542 847 580 effe
878 540 960 580 haec
993 541 1138 586 acerba,
1171 542 1313 594 quibus
1343 556 1421 580 non
1444 542 1587 581 fuerim
1617 547 1796 597 cogitata.

403 606 510 658 Ergo
542 607 581 644 id
601 607 761 659 quidem
791 620 870 645 non
902 606 956 644 est
983 606 1164 651 dubium,
1195 607 1291 659 quin
1320 607 1464 652 omnia,
1495 622 1580 660 quae
1605 610 1705 647 mala
1723 625 1798 663 pu-

402 681 546 718 tantur,
578 673 650 711 fint
669 673 873 726 improvisa
892 673 1074 726 graviora.
1118 673 1253 726 Itaque
1272 687 1494 726 quanquam
1514 687 1591 712 non
1612 674 1694 713 haec
1725 691 1800 714 una

403 751 460 776 res
495 739 615 777 efficit
644 739 856 778 maximam
891 739 1158 793 aegritudinem
1179 758 1191 785 3
1232 749 1375 785 tamen,
1408 741 1592 792 quoniam
1626 741 1799 780 multum

402 805 525 857 potest
543 805 706 858 provisio
726 806 846 844 animi
863 815 900 845 et
918 807 1139 859 praeparatio
1164 806 1211 844 ad
1230 807 1486 844 minuendum
1507 806 1694 853 dolorem,
1725 809 1798 847 sint

403 869 551 923 semper
568 871 700 909 omnia
717 870 869 910 homini
889 871 1059 913 humana
1073 872 1268 911 meditata.
1290 873 1342 910 Et
1362 873 1549 911 nimirum
1565 872 1646 911 haec
1665 874 1718 912 est
1733 874 1806 913 illa.

402 937 576 989 praestans
596 946 634 975 et
654 938 782 975 divina
802 938 996 990 sapientia,
1017 949 1212 992 perceptas
1233 939 1386 992 penitus
1406 948 1443 977 et
1462 942 1700 992 pertractatas
1719 939 1798 978 hu-

403 1014 532 1039 manas
553 1015 609 1040 res
630 1001 767 1040 habere
783 1021 796 1048 5
827 1002 928 1041 nihil
954 1004 1146 1049 admirari,
1177 1017 1269 1042 cum
1304 1004 1485 1042 acciderit
1499 1022 1512 1050 ς
1544 1004 1658 1050 nihil,
1689 1015 1798 1043 ante-

401 1080 519 1118 quam
540 1068 721 1112 evenerit,
741 1082 820 1106 non
839 1069 987 1107 evenire
1005 1069 1108 1121 poffe
1127 1069 1313 1108 arbitrari.

537 1134 770 1185 Qamobrem
789 1148 914 1179 omnes,
939 1148 1016 1172 cum
1017 1134 1186 1188 stcundae
1200 1136 1352 1188 resficnt
1373 1135 1534 1180 maxime,
1555 1145 1632 1174 tum
1651 1136 1802 1174 maxime

535 1198 721 1237 Meditari
721 1201 845 1252 Ji’cum
864 1208 1013 1252 oportet,
1037 1214 1102 1252 quo
1109 1201 1217 1252 pablo
1235 1199 1422 1253 advetfilm
1437 1215 1634 1239 aerumnam
1644 1202 1797 1254 serant,

536 1265 696 1309 Perida,
717 1264 859 1309 damna,
881 1265 998 1303 exilia.
1031 1265 1191 1317 Peregre
1209 1264 1343 1303 rediens
1347 1267 1493 1318 stmper
1511 1267 1655 1318 cogitet,

536 1331 622 1368 Aut
625 1330 705 1381 filii
712 1338 913 1382 peccatum,
943 1340 1011 1369 aut
1029 1331 1149 1369 uxoris
1169 1340 1326 1376 mortem,
1348 1341 1415 1370 aut
1433 1331 1590 1370 morbum
1593 1332 1689 1384 filice
1699 1347 1715 1371 .-

539 1396 745 1434 Communia
764 1396 822 1449 ff
840 1397 916 1435 haec
931 1415 942 1441 ς
960 1397 1055 1449 fieri
1063 1396 1154 1450 poffi’
1164 1415 1176 1442 ;
1199 1406 1241 1435 ut
1259 1411 1302 1436 ne
1320 1397 1408 1451 quid
1421 1399 1594 1451 animostt
1611 1412 1742 1437 novum
1753 1413 1769 1438 .-

536 1461 974 1516 Qidquidpraeterspem
993 1463 1147 1508 eveniat,
1169 1477 1264 1502 omne
1282 1463 1322 1502 id
1335 1463 1506 1516 deputare
1520 1464 1580 1517 ff
1599 1465 1637 1503 in
1655 1465 1769 1503 lucro.

456 1526 547 1564 XV.
580 1527 685 1579 Ergo
714 1526 789 1565 hoc
821 1527 1027 1565 Terentius
1049 1541 1069 1564 a
1088 1526 1331 1580 philosophia
1364 1528 1563 1581 sumptum
1594 1542 1687 1566 cum
1717 1537 1798 1568 tam

402 1591 608 1630 commode
628 1591 780 1636 dixerit,
811 1605 896 1637 nos,
926 1605 946 1629 e
967 1605 1134 1644 quorum
1164 1591 1338 1631 fontibus
1363 1593 1402 1631 id
1421 1592 1601 1632 haustum
1622 1594 1689 1640 est,
1719 1608 1799 1633 non

401 1666 438 1695 et
458 1658 630 1696 dicemus
649 1657 725 1696 hoc
744 1658 898 1704 melius,
918 1667 956 1696 et
971 1657 1202 1697 constantius
1223 1659 1429 1698 sentiemus
1447 1661 1460 1698 ?
1490 1661 1599 1699 Hinc
1619 1661 1671 1699 est
1690 1662 1798 1700 enim

399 1722 467 1761 ille
486 1723 615 1762 vultus
634 1723 782 1776 semper
801 1723 919 1769 idem,
937 1737 1054 1776 quem
1075 1724 1217 1762 dicitur
1231 1725 1454 1778 Xanthippe
1474 1726 1675 1778 praedicare
1690 1726 1799 1765 solita

400 1788 441 1826 in
471 1789 553 1827 viro
584 1789 650 1827 suo
679 1787 790 1826 fuisse
820 1791 970 1827 Socrate
985 1807 998 1834 3
1029 1789 1163 1827 eodem
1193 1790 1340 1843 semper
1369 1790 1405 1828 se
1437 1790 1565 1828 vidifi‘e
1591 1801 1798 1830 exeuntem

400 1853 516 1891 illum
537 1854 668 1898 domo,
703 1862 741 1891 et
764 1863 1027 1892 revertentem.
1071 1854 1157 1892 Nec
1175 1868 1264 1893 vero
1296 1868 1337 1892 ea
1369 1854 1474 1893 frons
1500 1865 1592 1901 erat,
1624 1870 1708 1908 quae
1729 1857 1799 1895 M.

402 1918 519 1957 Craffi
539 1919 644 1958 illius
665 1920 815 1965 veteris,
840 1933 957 1972 quem
978 1919 1093 1958 semel
1109 1920 1161 1958 ait
1180 1921 1220 1958 in
1239 1921 1347 1959 omni
1364 1921 1442 1959 vita
1462 1921 1570 1960 rififl‘e
1590 1922 1766 1960 Lucilius
1779 1941 1793 1968 3

401 1984 463 2022 sed
485 1985 689 2038 tranquilla
717 1994 755 2023 et
774 1985 900 2023 serena
914 2003 927 2030 ς
958 1985 1007 2023 fic
1028 1986 1134 2023 enim
1159 1989 1392 2039 accepimus.
1438 1988 1530 2038 Jure
1560 1997 1689 2025 autem
1718 1996 1796 2026 erat

400 2050 549 2104 semper
566 2051 672 2089 idem
690 2051 834 2096 vultus,
864 2065 957 2089 cum
977 2052 1132 2096 mentis,
1163 2065 1185 2089 a
1202 2065 1277 2105 qua
1296 2053 1327 2090 is
1353 2051 1526 2104 fingitur,
1556 2053 1664 2091 nulla
1688 2053 1795 2091 fieret

400 2117 578 2156 mutatio.
611 2117 740 2168 Qare
770 2117 917 2169 accipio
947 2117 1128 2169 equidem
1162 2131 1182 2155 a
1202 2117 1420 2169 Cyrenaicis
1440 2116 1522 2156 haec
1542 2131 1644 2156 arma
1663 2129 1796 2157 contra

401 2180 504 2220 casus
538 2191 575 2220 et
607 2190 780 2226 eventus,
811 2181 952 2233 quibus
978 2195 1111 2220 eorum
1143 2181 1382 2220 advenientes
1416 2183 1585 2235 impetus
1615 2184 1795 2222 diuturna

400 2247 726 2299 praemeditatione
744 2245 967 2299 frangantur
982 2266 993 2292 ς
1026 2247 1215 2300 limulque
1229 2247 1380 2300 judico,
1407 2249 1556 2287 malum
1576 2249 1674 2286 illud
1704 2250 1793 2302 opi-

400 2312 528 2351 nionis
547 2311 632 2358 effe,
662 2326 739 2351 non
759 2322 914 2352 naturae.
957 2314 995 2352 Si
1016 2314 1120 2352 enim
1150 2315 1190 2352 in
1217 2328 1255 2352 re
1275 2313 1376 2360 effet‚
1407 2328 1475 2352 cur
1494 2314 1628 2353 fierent
1647 2315 1796 2367 provisa

401 2377 541 2416 leviora
559 2377 573 2414 ?
1779 2375 1781 2377 ¹

458 2442 530 2481 Sed
562 2442 628 2488 est,
657 2443 791 2483 iisdem
819 2444 866 2483 de
895 2445 1006 2483 rebus
1038 2445 1140 2497 quod
1171 2445 1248 2483 dici
1268 2444 1378 2497 poffit
1409 2444 1600 2489 subtilius,
1630 2444 1656 2482 fi
1685 2445 1803 2498 prius-

402 2508 564 2562 Epicuri
583 2509 806 2549 sententiam
824 2511 1047 2557 viderimus,
1082 2511 1150 2564 qui
1169 2511 1307 2557 censet,
1338 2509 1479 2548 neceffe
1499 2509 1569 2548 effe
1589 2524 1722 2550 ornnes
1750 2513 1793 2551 in
