<?xml version="1.0" encoding="UTF-8"?>
<!DOCTYPE html PUBLIC "-//W3C//DTD XHTML 1.0 Transitional//EN"
    "http://www.w3.org/TR/xhtml1/DTD/xhtml1-transitional.dtd">
<html xmlns="http://www.w3.org/1999/xhtml" xml:lang="en" lang="en">
 <head>
  <title>
</title>
<meta http-equiv="Content-Type" content="text/html;charset=utf-8" />
  <meta name='ocr-system' content='tesseract 3.04.00' />
  <meta name='ocr-capabilities' content='ocr_page ocr_carea ocr_par ocr_line ocrx_word'/>
</head>
<body>
  <div class='ocr_page' id='page_1' title='image "./operacumindicibu02ciceuoft_0426.png"; bbox 0 0 2330 2983; ppageno 0'>
   <div class='ocr_carea' id='block_1_1' title="bbox 581 308 1710 369">
    <p class='ocr_par' dir='ltr' id='par_1_1' title="bbox 581 308 1710 369">
     <span class='ocr_line' id='line_1_1' title="bbox 581 308 1710 369; baseline -0.005 -10"><span class='ocrx_word' id='word_1_1' title='bbox 581 319 659 369; x_wconf 67' lang='grc' dir='ltr'>με</span> <span class='ocrx_word' id='word_1_2' title='bbox 830 315 928 354; x_wconf 89' lang='lat' dir='ltr'>DE</span> <span class='ocrx_word' id='word_1_3' title='bbox 983 309 1312 354; x_wconf 77' lang='lat' dir='ltr'><strong>NATURA</strong></span> <span class='ocrx_word' id='word_1_4' title='bbox 1368 308 1710 354; x_wconf 69' lang='lat' dir='ltr'>nEoRUM</span> 
     </span>
    </p>
   </div>
   <div class='ocr_carea' id='block_1_2' title="bbox 582 407 2008 2691">
    <p class='ocr_par' dir='ltr' id='par_1_2' title="bbox 582 407 2008 1189">
     <span class='ocr_line' id='line_1_2' title="bbox 582 407 1966 465; baseline 0 -12"><span class='ocrx_word' id='word_1_5' title='bbox 582 429 642 460; x_wconf 83' lang='lat' dir='ltr'>ne,</span> <span class='ocrx_word' id='word_1_6' title='bbox 672 413 698 452; x_wconf 90' lang='lat' dir='ltr'>fi</span> <span class='ocrx_word' id='word_1_7' title='bbox 719 412 938 452; x_wconf 71' lang='lat' dir='ltr'>concessum</span> <span class='ocrx_word' id='word_1_8' title='bbox 964 411 1054 451; x_wconf 61' lang='lat' dir='ltr'>*effet</span> <span class='ocrx_word' id='word_1_9' title='bbox 1085 408 1307 464; x_wconf 75' lang='lat' dir='ltr'>hujusmodi</span> <span class='ocrx_word' id='word_1_10' title='bbox 1336 407 1500 465; x_wconf 73' lang='lat' dir='ltr'>aliquid,</span> <span class='ocrx_word' id='word_1_11' title='bbox 1529 413 1613 451; x_wconf 75' lang='lat' dir='ltr'>Aut</span> <span class='ocrx_word' id='word_1_12' title='bbox 1631 413 1737 451; x_wconf 79' lang='lat' dir='ltr'>vivet</span> <span class='ocrx_word' id='word_1_13' title='bbox 1765 423 1861 458; x_wconf 64' lang='lat' dir='ltr'>cras,</span> <span class='ocrx_word' id='word_1_14' title='bbox 1895 423 1966 453; x_wconf 66' lang='lat' dir='ltr'><em>w</em></span> 
     </span>
     <span class='ocr_line' id='line_1_3' title="bbox 585 477 1969 532; baseline -0.001 -13"><span class='ocrx_word' id='word_1_15' title='bbox 585 493 653 519; x_wconf 79' lang='lat' dir='ltr'>non</span> <span class='ocrx_word' id='word_1_16' title='bbox 686 480 790 518; x_wconf 83' lang='lat' dir='ltr'>vivet</span> <span class='ocrx_word' id='word_1_17' title='bbox 815 479 1011 532; x_wconf 79' lang='lat' dir='ltr'><em>Epicurus,</em></span> <span class='ocrx_word' id='word_1_18' title='bbox 1040 479 1268 516; x_wconf 80' lang='lat' dir='ltr'>alterutrum</span> <span class='ocrx_word' id='word_1_19' title='bbox 1292 477 1398 516; x_wconf 66' lang='lat' dir='ltr'>fieret</span> <span class='ocrx_word' id='word_1_20' title='bbox 1420 477 1691 517; x_wconf 71' lang='lat' dir='ltr'>neceffarium:</span> <span class='ocrx_word' id='word_1_21' title='bbox 1720 486 1851 517; x_wconf 80' lang='lat' dir='ltr'>totum</span> <span class='ocrx_word' id='word_1_22' title='bbox 1874 477 1969 525; x_wconf 79' lang='lat' dir='ltr'>hoe,</span> 
     </span>
     <span class='ocr_line' id='line_1_4' title="bbox 584 540 1970 597; baseline -0.001 -13"><span class='ocrx_word' id='word_1_23' title='bbox 584 555 651 584; x_wconf 84' lang='lat' dir='ltr'>aut</span> <span class='ocrx_word' id='word_1_24' title='bbox 670 545 788 590; x_wconf 83' lang='lat' dir='ltr'>etiam,</span> <span class='ocrx_word' id='word_1_25' title='bbox 808 553 876 584; x_wconf 84' lang='lat' dir='ltr'>aut</span> <span class='ocrx_word' id='word_1_26' title='bbox 892 558 974 589; x_wconf 87' lang='lat' dir='ltr'>non,</span> <span class='ocrx_word' id='word_1_27' title='bbox 993 544 1148 597; x_wconf 85' lang='lat' dir='ltr'>negavit</span> <span class='ocrx_word' id='word_1_28' title='bbox 1167 542 1508 582; x_wconf 68' lang='lat' dir='ltr'>effeneceffarium.</span> <span class='ocrx_word' id='word_1_29' title='bbox 1536 540 1740 597; x_wconf 72' lang='lat' dir='ltr'>Qquid</span> <span class='ocrx_word' id='word_1_30' title='bbox 1750 544 1829 582; x_wconf 85' lang='lat' dir='ltr'>dici</span> <span class='ocrx_word' id='word_1_31' title='bbox 1846 544 1970 597; x_wconf 72' lang='lat' dir='ltr'>potest</span> 
     </span>
     <span class='ocr_line' id='line_1_5' title="bbox 585 608 2008 663; baseline -0.001 -14"><span class='ocrx_word' id='word_1_32' title='bbox 585 610 755 649; x_wconf 72' lang='lat' dir='ltr'>obtufius</span> <span class='ocrx_word' id='word_1_33' title='bbox 779 608 792 648; x_wconf 86' lang='lat'>?</span> <span class='ocrx_word' id='word_1_34' title='bbox 821 608 994 663; x_wconf 85' lang='lat' dir='ltr'>Urgebat</span> <span class='ocrx_word' id='word_1_35' title='bbox 1031 609 1213 648; x_wconf 79' lang='lat' dir='ltr'>Arcefflas</span> <span class='ocrx_word' id='word_1_36' title='bbox 1245 611 1459 655; x_wconf 76' lang='lat' dir='ltr'>Zenonem,</span> <span class='ocrx_word' id='word_1_37' title='bbox 1486 620 1581 649; x_wconf 74' lang='lat' dir='ltr'>cum</span> <span class='ocrx_word' id='word_1_38' title='bbox 1610 609 1692 663; x_wconf 83' lang='lat' dir='ltr'>ipse</span> <span class='ocrx_word' id='word_1_39' title='bbox 1722 609 1817 648; x_wconf 71' lang='lat' dir='ltr'>falsa</span> <span class='ocrx_word' id='word_1_40' title='bbox 1838 610 1970 648; x_wconf 86' lang='lat' dir='ltr'>omnia</span> <span class='ocrx_word' id='word_1_41' title='bbox 2003 643 2008 647; x_wconf 92' lang='lat'>.</span> 
     </span>
     <span class='ocr_line' id='line_1_6' title="bbox 586 674 1970 730; baseline -0.001 -14"><span class='ocrx_word' id='word_1_42' title='bbox 586 677 741 723; x_wconf 84' lang='lat' dir='ltr'>diceret,</span> <span class='ocrx_word' id='word_1_43' title='bbox 761 689 845 730; x_wconf 87' lang='lat' dir='ltr'>quae</span> <span class='ocrx_word' id='word_1_44' title='bbox 864 676 1030 715; x_wconf 80' lang='lat' dir='ltr'>sensibus</span> <span class='ocrx_word' id='word_1_45' title='bbox 1048 676 1265 715; x_wconf 83' lang='lat' dir='ltr'>viderentur</span> <span class='ocrx_word' id='word_1_46' title='bbox 1278 695 1292 722; x_wconf 64' lang='lat'>1,</span> <span class='ocrx_word' id='word_1_47' title='bbox 1324 677 1434 715; x_wconf 79' lang='lat' dir='ltr'>Zeno</span> <span class='ocrx_word' id='word_1_48' title='bbox 1452 685 1580 715; x_wconf 65' lang='lat' dir='ltr'>autem</span> <span class='ocrx_word' id='word_1_49' title='bbox 1602 675 1787 714; x_wconf 79' lang='lat' dir='ltr'>nonnulla</span> <span class='ocrx_word' id='word_1_50' title='bbox 1803 676 1880 714; x_wconf 81' lang='lat' dir='ltr'>visa</span> <span class='ocrx_word' id='word_1_51' title='bbox 1894 674 1970 714; x_wconf 78' lang='lat' dir='ltr'>effe</span> 
     </span>
     <span class='ocr_line' id='line_1_7' title="bbox 586 740 1970 793; baseline -0.001 -12"><span class='ocrx_word' id='word_1_52' title='bbox 586 742 690 789; x_wconf 86' lang='lat' dir='ltr'>falsa,</span> <span class='ocrx_word' id='word_1_53' title='bbox 712 755 789 782; x_wconf 85' lang='lat' dir='ltr'>non</span> <span class='ocrx_word' id='word_1_54' title='bbox 807 743 951 781; x_wconf 83' lang='lat' dir='ltr'>omnia.</span> <span class='ocrx_word' id='word_1_55' title='bbox 972 741 1131 780; x_wconf 87' lang='lat' dir='ltr'><strong>Timuit</strong></span> <span class='ocrx_word' id='word_1_56' title='bbox 1147 741 1353 793; x_wconf 82' lang='lat' dir='ltr'>Epicurus,</span> <span class='ocrx_word' id='word_1_57' title='bbox 1375 755 1435 786; x_wconf 88' lang='lat' dir='ltr'>ne,</span> <span class='ocrx_word' id='word_1_58' title='bbox 1457 742 1482 779; x_wconf 85' lang='lat' dir='ltr'>fi</span> <span class='ocrx_word' id='word_1_59' title='bbox 1500 754 1625 779; x_wconf 79' lang='lat' dir='ltr'>unum</span> <span class='ocrx_word' id='word_1_60' title='bbox 1643 741 1768 780; x_wconf 80' lang='lat' dir='ltr'>visum</span> <span class='ocrx_word' id='word_1_61' title='bbox 1781 741 1874 779; x_wconf 79' lang='lat' dir='ltr'>effet</span> <span class='ocrx_word' id='word_1_62' title='bbox 1894 740 1970 779; x_wconf 77' lang='lat' dir='ltr'>fal-</span> 
     </span>
     <span class='ocr_line' id='line_1_8' title="bbox 587 805 1972 853; baseline -0.002 -7"><span class='ocrx_word' id='word_1_63' title='bbox 587 807 688 853; x_wconf 87' lang='lat' dir='ltr'>sum,</span> <span class='ocrx_word' id='word_1_64' title='bbox 716 808 872 846; x_wconf 85' lang='lat' dir='ltr'>nullum</span> <span class='ocrx_word' id='word_1_65' title='bbox 889 805 978 845; x_wconf 82' lang='lat' dir='ltr'>effet</span> <span class='ocrx_word' id='word_1_66' title='bbox 996 816 1130 844; x_wconf 89' lang='lat' dir='ltr'>verum</span> <span class='ocrx_word' id='word_1_67' title='bbox 1147 819 1158 844; x_wconf 69' lang='grc' dir='ltr'>ε</span> <span class='ocrx_word' id='word_1_68' title='bbox 1196 816 1330 844; x_wconf 86' lang='lat' dir='ltr'>omnes</span> <span class='ocrx_word' id='word_1_69' title='bbox 1351 805 1478 844; x_wconf 72' lang='lat' dir='ltr'>sentsus</span> <span class='ocrx_word' id='word_1_70' title='bbox 1496 806 1576 844; x_wconf 81' lang='lat' dir='ltr'>veri</span> <span class='ocrx_word' id='word_1_71' title='bbox 1594 806 1750 844; x_wconf 71' lang='lat' dir='ltr'>nuntios</span> <span class='ocrx_word' id='word_1_72' title='bbox 1762 807 1868 844; x_wconf 51' lang='lat' dir='ltr'>flixit</span> <span class='ocrx_word' id='word_1_73' title='bbox 1879 806 1972 844; x_wconf 79' lang='lat' dir='ltr'>effe.</span> 
     </span>
     <span class='ocr_line' id='line_1_9' title="bbox 588 870 1973 924; baseline -0.003 -12"><span class='ocrx_word' id='word_1_74' title='bbox 588 873 705 913; x_wconf 84' lang='lat' dir='ltr'>Nihil</span> <span class='ocrx_word' id='word_1_75' title='bbox 725 873 880 918; x_wconf 81' lang='lat' dir='ltr'>horum,</span> <span class='ocrx_word' id='word_1_76' title='bbox 911 872 982 910; x_wconf 87' lang='lat' dir='ltr'>nifi</span> <span class='ocrx_word' id='word_1_77' title='bbox 1006 871 1156 910; x_wconf 82' lang='lat' dir='ltr'>callide.</span> <span class='ocrx_word' id='word_1_78' title='bbox 1206 871 1433 909; x_wconf 79' lang='lat' dir='ltr'>Graviorem</span> <span class='ocrx_word' id='word_1_79' title='bbox 1447 871 1558 909; x_wconf 80' lang='lat' dir='ltr'>enim</span> <span class='ocrx_word' id='word_1_80' title='bbox 1578 870 1729 924; x_wconf 77' lang='lat' dir='ltr'>plagam</span> <span class='ocrx_word' id='word_1_81' title='bbox 1747 871 1973 924; x_wconf 69' lang='lat' dir='ltr'>accipiebat,</span> 
     </span>
     <span class='ocr_line' id='line_1_10' title="bbox 590 935 1973 991; baseline -0.002 -14"><span class='ocrx_word' id='word_1_82' title='bbox 590 948 635 977; x_wconf 85' lang='lat' dir='ltr'>ut</span> <span class='ocrx_word' id='word_1_83' title='bbox 661 939 844 977; x_wconf 86' lang='lat' dir='ltr'>leviorem</span> <span class='ocrx_word' id='word_1_84' title='bbox 874 937 1084 991; x_wconf 78' lang='lat' dir='ltr'>repelleret.</span> <span class='ocrx_word' id='word_1_85' title='bbox 1124 935 1234 976; x_wconf 78' lang='lat' dir='ltr'>Idem</span> <span class='ocrx_word' id='word_1_86' title='bbox 1259 935 1359 975; x_wconf 75' lang='lat' dir='ltr'>faci-t</span> <span class='ocrx_word' id='word_1_87' title='bbox 1388 937 1435 975; x_wconf 64' lang='lat' dir='ltr'>:in</span> <span class='ocrx_word' id='word_1_88' title='bbox 1466 945 1603 974; x_wconf 70' lang='lat' dir='ltr'>vnatura</span> <span class='ocrx_word' id='word_1_89' title='bbox 1635 936 1822 974; x_wconf 82' lang='lat' dir='ltr'>Deorum.</span> <span class='ocrx_word' id='word_1_90' title='bbox 1859 936 1973 974; x_wconf 73' lang='lat' dir='ltr'>&#39;Dum</span> 
     </span>
     <span class='ocr_line' id='line_1_11' title="bbox 590 1000 1973 1057; baseline -0.002 -14"><span class='ocrx_word' id='word_1_91' title='bbox 590 1004 879 1044; x_wconf 74' lang='lat' dir='ltr'>individuorum</span> <span class='ocrx_word' id='word_1_92' title='bbox 900 1011 1114 1057; x_wconf 71' lang='lat' dir='ltr'>corporum</span> <span class='ocrx_word' id='word_1_93' title='bbox 1123 1003 1412 1042; x_wconf 63' lang='lat' dir='ltr'>concretionem</span> <span class='ocrx_word' id='word_1_94' title='bbox 1435 1001 1551 1055; x_wconf 78' lang='lat' dir='ltr'>fugit,</span> <span class='ocrx_word' id='word_1_95' title='bbox 1576 1015 1629 1041; x_wconf 81' lang='lat' dir='ltr'>ne</span> <span class='ocrx_word' id='word_1_96' title='bbox 1642 1002 1822 1040; x_wconf 55' lang='lat' dir='ltr'>‘interitus</span> <span class='ocrx_word' id='word_1_97' title='bbox 1839 1010 1878 1040; x_wconf 88' lang='lat' dir='ltr'>et</span> <span class='ocrx_word' id='word_1_98' title='bbox 1896 1000 1973 1040; x_wconf 72' lang='lat' dir='ltr'>dis-</span> 
     </span>
     <span class='ocr_line' id='line_1_12' title="bbox 590 1065 1973 1123; baseline -0.002 -15"><span class='ocrx_word' id='word_1_99' title='bbox 590 1071 722 1123; x_wconf 87' lang='lat' dir='ltr'>fipatio</span> <span class='ocrx_word' id='word_1_100' title='bbox 747 1069 1018 1122; x_wconf 68' lang='lat' dir='ltr'>consequatur,</span> <span class='ocrx_word' id='word_1_101' title='bbox 1062 1077 1173 1123; x_wconf 80' lang='lat' dir='ltr'>negat</span> <span class='ocrx_word' id='word_1_102' title='bbox 1200 1069 1276 1107; x_wconf 56' lang='lat' dir='ltr'>‘esse</span> <span class='ocrx_word' id='word_1_103' title='bbox 1294 1079 1439 1121; x_wconf 72' lang='lat' dir='ltr'>¹corpus</span> <span class='ocrx_word' id='word_1_104' title='bbox 1471 1065 1665 1112; x_wconf 67' lang='lat' dir='ltr'>meorum,</span> <span class='ocrx_word' id='word_1_105' title='bbox 1690 1067 1757 1106; x_wconf 72' lang='lat' dir='ltr'>sed</span> <span class='ocrx_word' id='word_1_106' title='bbox 1781 1076 1973 1120; x_wconf 74' lang='lat' dir='ltr'>&#39;tanquam</span> 
     </span>
     <span class='ocr_line' id='line_1_13' title="bbox 590 1134 1671 1189; baseline -0.003 -14"><span class='ocrx_word' id='word_1_107' title='bbox 590 1148 728 1189; x_wconf 84' lang='lat' dir='ltr'>corpus</span> <span class='ocrx_word' id='word_1_108' title='bbox 748 1155 760 1182; x_wconf 66' lang='grc' dir='ltr'><strong><em>ς</em></strong></span> <span class='ocrx_word' id='word_1_109' title='bbox 791 1149 862 1174; x_wconf 87' lang='lat' dir='ltr'>nec</span> <span class='ocrx_word' id='word_1_110' title='bbox 876 1135 1116 1188; x_wconf 85' lang='lat' dir='ltr'>sanguinem,</span> <span class='ocrx_word' id='word_1_111' title='bbox 1142 1134 1671 1187; x_wconf 53' lang='lat' dir='ltr'>asedsanquamsangninem.</span> 
     </span>
    </p>

    <p class='ocr_par' dir='ltr' id='par_1_3' title="bbox 589 1197 1983 2691">
     <span class='ocr_line' id='line_1_14' title="bbox 647 1197 1975 1251; baseline -0.002 -12"><span class='ocrx_word' id='word_1_112' title='bbox 647 1201 798 1240; x_wconf 89' lang='lat' dir='ltr'>XXVI.</span> <span class='ocrx_word' id='word_1_113' title='bbox 830 1200 1012 1238; x_wconf 77' lang='lat' dir='ltr'>Mirabile</span> <span class='ocrx_word' id='word_1_114' title='bbox 1035 1199 1205 1243; x_wconf 79' lang='lat' dir='ltr'>videtur,</span> <span class='ocrx_word' id='word_1_115' title='bbox 1250 1199 1358 1250; x_wconf 87' lang='lat' dir='ltr'>quod</span> <span class='ocrx_word' id='word_1_116' title='bbox 1389 1207 1467 1237; x_wconf 83' lang='lat' dir='ltr'>non</span> <span class='ocrx_word' id='word_1_117' title='bbox 1504 1199 1624 1237; x_wconf 78' lang='lat' dir='ltr'>rideat</span> <span class='ocrx_word' id='word_1_118' title='bbox 1652 1197 1852 1251; x_wconf 74' lang='lat' dir='ltr'>haruspex,</span> <span class='ocrx_word' id='word_1_119' title='bbox 1875 1209 1975 1236; x_wconf 73' lang='lat' dir='ltr'>&lt;cum</span> 
     </span>
     <span class='ocr_line' id='line_1_15' title="bbox 591 1262 1974 1317; baseline -0.002 -14"><span class='ocrx_word' id='word_1_120' title='bbox 591 1265 830 1317; x_wconf 87' lang='lat' dir='ltr'>haruspicem</span> <span class='ocrx_word' id='word_1_121' title='bbox 850 1263 1000 1301; x_wconf 88' lang='lat' dir='ltr'>viderit.</span> <span class='ocrx_word' id='word_1_122' title='bbox 1041 1264 1132 1301; x_wconf 93' lang='lat' dir='ltr'>Hoc</span> <span class='ocrx_word' id='word_1_123' title='bbox 1152 1262 1381 1307; x_wconf 87' lang='lat' dir='ltr'>mirabilius,</span> <span class='ocrx_word' id='word_1_124' title='bbox 1410 1263 1515 1314; x_wconf 91' lang='lat' dir='ltr'>quod</span> <span class='ocrx_word' id='word_1_125' title='bbox 1534 1275 1609 1302; x_wconf 76' lang='lat' dir='ltr'>&#39;vos</span> <span class='ocrx_word' id='word_1_126' title='bbox 1632 1263 1739 1301; x_wconf 78' lang='lat' dir='ltr'>:inter</span> <span class='ocrx_word' id='word_1_127' title='bbox 1756 1274 1829 1301; x_wconf 72' lang='lat' dir='ltr'>&#39;vos</span> <span class='ocrx_word' id='word_1_128' title='bbox 1856 1262 1974 1301; x_wconf 75' lang='lat' dir='ltr'>risum</span> 
     </span>
     <span class='ocr_line' id='line_1_16' title="bbox 590 1326 1975 1381; baseline -0.002 -14"><span class='ocrx_word' id='word_1_129' title='bbox 590 1339 719 1367; x_wconf 83' lang='lat' dir='ltr'>tenere</span> <span class='ocrx_word' id='word_1_130' title='bbox 740 1327 898 1381; x_wconf 86' lang='lat' dir='ltr'>poffitis.</span> <span class='ocrx_word' id='word_1_131' title='bbox 911 1328 1002 1366; x_wconf 88' lang='lat' dir='ltr'>·N0n</span> <span class='ocrx_word' id='word_1_132' title='bbox 1016 1326 1060 1379; x_wconf 68' lang='lat' dir='ltr'>cst</span> <span class='ocrx_word' id='word_1_133' title='bbox 1076 1335 1215 1379; x_wconf 78' lang='lat' dir='ltr'>corpus,</span> <span class='ocrx_word' id='word_1_134' title='bbox 1231 1326 1302 1379; x_wconf 77' lang='lat' dir='ltr'>fid</span> <span class='ocrx_word' id='word_1_135' title='bbox 1315 1327 1562 1380; x_wconf 69' lang='lat' dir='ltr'>quast-mtpus.</span> <span class='ocrx_word' id='word_1_136' title='bbox 1590 1327 1975 1379; x_wconf 75' lang='lat' dir='ltr'>Hoc-intelligerem,</span> 
     </span>
     <span class='ocr_line' id='line_1_17' title="bbox 591 1391 1976 1448; baseline -0.002 -15"><span class='ocrx_word' id='word_1_137' title='bbox 591 1393 825 1448; x_wconf 74' lang='lat' dir='ltr'>qualeess‘et,</span> <span class='ocrx_word' id='word_1_138' title='bbox 846 1392 872 1431; x_wconf 90' lang='lat' dir='ltr'><strong>fi</strong></span> <span class='ocrx_word' id='word_1_139' title='bbox 891 1391 931 1431; x_wconf 91' lang='lat' dir='ltr'>id</span> <span class='ocrx_word' id='word_1_140' title='bbox 950 1393 991 1431; x_wconf 91' lang='lat' dir='ltr'>in</span> <span class='ocrx_word' id='word_1_141' title='bbox 1004 1393 1106 1431; x_wconf 62' lang='lat' dir='ltr'>»ceris</span> <span class='ocrx_word' id='word_1_142' title='bbox 1125 1392 1345 1446; x_wconf 76' lang='lat' dir='ltr'>fingeretur,</span> <span class='ocrx_word' id='word_1_143' title='bbox 1359 1392 1774 1445; x_wconf 61' lang='lat' dir='ltr'>autfietilibusfiguris</span> <span class='ocrx_word' id='word_1_144' title='bbox 1791 1410 1803 1437; x_wconf 68' lang='grc' dir='ltr'><strong><em>ς</em></strong></span> <span class='ocrx_word' id='word_1_145' title='bbox 1833 1393 1874 1430; x_wconf 87' lang='lat' dir='ltr'>in</span> <span class='ocrx_word' id='word_1_146' title='bbox 1890 1393 1976 1431; x_wconf 79' lang='lat' dir='ltr'>Deo</span> 
     </span>
     <span class='ocr_line' id='line_1_18' title="bbox 589 1456 1976 1513; baseline -0.002 -15"><span class='ocrx_word' id='word_1_147' title='bbox 589 1460 688 1513; x_wconf 88' lang='lat' dir='ltr'>quid</span> <span class='ocrx_word' id='word_1_148' title='bbox 713 1459 758 1500; x_wconf 86' lang='lat' dir='ltr'>fit</span> <span class='ocrx_word' id='word_1_149' title='bbox 784 1459 1061 1512; x_wconf 84' lang='lat' dir='ltr'>quafi·corpus,</span> <span class='ocrx_word' id='word_1_150' title='bbox 1080 1457 1267 1510; x_wconf 83' lang='lat' dir='ltr'>aut·quafi</span> <span class='ocrx_word' id='word_1_151' title='bbox 1280 1457 1452 1511; x_wconf 77' lang='lat' dir='ltr'>sanguis,</span> <span class='ocrx_word' id='word_1_152' title='bbox 1480 1456 1693 1511; x_wconf 78' lang='lat' dir='ltr'>intelligere</span> <span class='ocrx_word' id='word_1_153' title='bbox 1715 1469 1793 1496; x_wconf 87' lang='lat' dir='ltr'>non</span> <span class='ocrx_word' id='word_1_154' title='bbox 1813 1456 1976 1510; x_wconf 79' lang='lat' dir='ltr'>pofl‘um.</span> 
     </span>
     <span class='ocr_line' id='line_1_19' title="bbox 592 1522 1978 1577; baseline -0.002 -13"><span class='ocrx_word' id='word_1_155' title='bbox 592 1526 656 1564; x_wconf 94' lang='lat' dir='ltr'>Ne</span> <span class='ocrx_word' id='word_1_156' title='bbox 690 1525 926 1577; x_wconf 83' lang='lat' dir='ltr'>tuquidem,</span> <span class='ocrx_word' id='word_1_157' title='bbox 953 1523 1083 1563; x_wconf 74' lang='lat' dir='ltr'>Vellei</span> <span class='ocrx_word' id='word_1_158' title='bbox 1101 1543 1115 1570; x_wconf 69' lang='grc' dir='ltr'><strong><em>ς</em></strong></span> <span class='ocrx_word' id='word_1_159' title='bbox 1146 1523 1311 1563; x_wconf 88' lang='lat' dir='ltr'>sednon</span> <span class='ocrx_word' id='word_1_160' title='bbox 1338 1524 1402 1563; x_wconf 66' lang='grc' dir='ltr'>ινὶε</span> <span class='ocrx_word' id='word_1_161' title='bbox 1419 1523 1552 1563; x_wconf 79' lang='lat' dir='ltr'>fateri.</span> <span class='ocrx_word' id='word_1_162' title='bbox 1596 1523 1674 1562; x_wconf 67' lang='lat' dir='ltr'>=Ista</span> <span class='ocrx_word' id='word_1_163' title='bbox 1697 1524 1810 1562; x_wconf 75' lang='lat' dir='ltr'>enim</span> <span class='ocrx_word' id='word_1_164' title='bbox 1828 1537 1849 1561; x_wconf 91' lang='lat' dir='ltr'>a</span> <span class='ocrx_word' id='word_1_165' title='bbox 1867 1522 1978 1561; x_wconf 84' lang='lat' dir='ltr'>vobis</span> 
     </span>
     <span class='ocr_line' id='line_1_20' title="bbox 593 1587 1977 1643; baseline -0.001 -14"><span class='ocrx_word' id='word_1_166' title='bbox 593 1591 695 1643; x_wconf 79' lang='lat' dir='ltr'>quast</span> <span class='ocrx_word' id='word_1_167' title='bbox 729 1589 866 1628; x_wconf 66' lang='lat' dir='ltr'>dietata</span> <span class='ocrx_word' id='word_1_168' title='bbox 896 1590 1136 1634; x_wconf 63' lang='lat' dir='ltr'>redduntur,</span> <span class='ocrx_word' id='word_1_169' title='bbox 1184 1601 1270 1642; x_wconf 74' lang='lat' dir='ltr'>qua:</span> <span class='ocrx_word' id='word_1_170' title='bbox 1292 1588 1490 1642; x_wconf 66' lang='lat' dir='ltr'>[Epicurus</span> <span class='ocrx_word' id='word_1_171' title='bbox 1520 1589 1681 1628; x_wconf 87' lang='lat' dir='ltr'>oscitans</span> <span class='ocrx_word' id='word_1_172' title='bbox 1711 1587 1977 1628; x_wconf 74' lang='lat' dir='ltr'>hallucinatus</span> 
     </span>
     <span class='ocr_line' id='line_1_21' title="bbox 593 1654 1978 1708; baseline -0.001 -13"><span class='ocrx_word' id='word_1_173' title='bbox 593 1657 659 1702; x_wconf 85' lang='lat' dir='ltr'>est,</span> <span class='ocrx_word' id='word_1_174' title='bbox 688 1669 782 1695; x_wconf 91' lang='lat' dir='ltr'>cum</span> <span class='ocrx_word' id='word_1_175' title='bbox 810 1655 969 1708; x_wconf 84' lang='lat' dir='ltr'>quidem</span> <span class='ocrx_word' id='word_1_176' title='bbox 999 1655 1236 1708; x_wconf 83' lang='lat' dir='ltr'>gloriaretur,</span> <span class='ocrx_word' id='word_1_177' title='bbox 1272 1664 1315 1693; x_wconf 84' lang='lat' dir='ltr'>ut</span> <span class='ocrx_word' id='word_1_178' title='bbox 1334 1655 1508 1693; x_wconf 84' lang='lat' dir='ltr'>videmus</span> <span class='ocrx_word' id='word_1_179' title='bbox 1529 1655 1753 1708; x_wconf 78' lang='lat' dir='ltr'>inscriptis,</span> <span class='ocrx_word' id='word_1_180' title='bbox 1782 1655 1818 1693; x_wconf 91' lang='lat' dir='ltr'>se</span> <span class='ocrx_word' id='word_1_181' title='bbox 1838 1654 1978 1708; x_wconf 83' lang='lat' dir='ltr'>magis·</span> 
     </span>
     <span class='ocr_line' id='line_1_22' title="bbox 593 1722 1981 1778; baseline -0.001 -14"><span class='ocrx_word' id='word_1_182' title='bbox 593 1736 698 1764; x_wconf 89' lang='lat' dir='ltr'>trum</span> <span class='ocrx_word' id='word_1_183' title='bbox 731 1725 899 1763; x_wconf 84' lang='lat' dir='ltr'>habuisse</span> <span class='ocrx_word' id='word_1_184' title='bbox 934 1724 1101 1762; x_wconf 84' lang='lat' dir='ltr'>nullum.</span> <span class='ocrx_word' id='word_1_185' title='bbox 1144 1722 1265 1775; x_wconf 83' lang='lat' dir='ltr'>Qod</span> <span class='ocrx_word' id='word_1_186' title='bbox 1283 1733 1335 1762; x_wconf 51' lang='lat' dir='ltr'>*et</span> <span class='ocrx_word' id='word_1_187' title='bbox 1364 1738 1441 1762; x_wconf 85' lang='lat' dir='ltr'>non</span> <span class='ocrx_word' id='word_1_188' title='bbox 1467 1724 1687 1778; x_wconf 84' lang='lat' dir='ltr'>praedicanti</span> <span class='ocrx_word' id='word_1_189' title='bbox 1709 1734 1849 1763; x_wconf 69' lang='lat' dir='ltr'>‘tamen</span> <span class='ocrx_word' id='word_1_190' title='bbox 1868 1724 1981 1762; x_wconf 84' lang='lat' dir='ltr'>facile</span> 
     </span>
     <span class='ocr_line' id='line_1_23' title="bbox 593 1787 1979 1843; baseline -0.002 -14"><span class='ocrx_word' id='word_1_191' title='bbox 593 1791 750 1843; x_wconf 90' lang='lat' dir='ltr'>quidem</span> <span class='ocrx_word' id='word_1_192' title='bbox 788 1789 1010 1833; x_wconf 87' lang='lat' dir='ltr'>crederem;</span> <span class='ocrx_word' id='word_1_193' title='bbox 1060 1787 1156 1826; x_wconf 83' lang='lat' dir='ltr'>ficut</span> <span class='ocrx_word' id='word_1_194' title='bbox 1187 1788 1280 1826; x_wconf 89' lang='lat' dir='ltr'>mali</span> <span class='ocrx_word' id='word_1_195' title='bbox 1311 1788 1462 1826; x_wconf 81' lang='lat' dir='ltr'>aedificii</span> <span class='ocrx_word' id='word_1_196' title='bbox 1499 1789 1659 1828; x_wconf 90' lang='lat' dir='ltr'>domino</span> <span class='ocrx_word' id='word_1_197' title='bbox 1691 1790 1894 1842; x_wconf 83' lang='lat' dir='ltr'>glorianti,</span> <span class='ocrx_word' id='word_1_198' title='bbox 1943 1789 1979 1826; x_wconf 90' lang='lat' dir='ltr'>se</span> 
     </span>
     <span class='ocr_line' id='line_1_24' title="bbox 591 1851 1979 1899; baseline -0.001 -5"><span class='ocrx_word' id='word_1_199' title='bbox 591 1855 844 1894; x_wconf 68' lang='lat' dir='ltr'>architectum</span> <span class='ocrx_word' id='word_1_200' title='bbox 865 1867 941 1892; x_wconf 91' lang='lat' dir='ltr'>non</span> <span class='ocrx_word' id='word_1_201' title='bbox 961 1851 1145 1891; x_wconf 67' lang='lat' dir='ltr'>habuisse.</span> <span class='ocrx_word' id='word_1_202' title='bbox 1209 1852 1324 1892; x_wconf 89' lang='lat' dir='ltr'>Nihil</span> <span class='ocrx_word' id='word_1_203' title='bbox 1344 1854 1449 1891; x_wconf 89' lang='lat' dir='ltr'>enim</span> <span class='ocrx_word' id='word_1_204' title='bbox 1469 1853 1548 1892; x_wconf 90' lang='lat' dir='ltr'>olet</span> <span class='ocrx_word' id='word_1_205' title='bbox 1567 1867 1614 1892; x_wconf 87' lang='lat' dir='ltr'>ex</span> <span class='ocrx_word' id='word_1_206' title='bbox 1631 1854 1852 1899; x_wconf 77' lang='lat' dir='ltr'>Academia,</span> <span class='ocrx_word' id='word_1_207' title='bbox 1881 1853 1979 1892; x_wconf 89' lang='lat' dir='ltr'>nihil</span> 
     </span>
     <span class='ocr_line' id='line_1_25' title="bbox 594 1917 1982 1973; baseline -0.002 -13"><span class='ocrx_word' id='word_1_208' title='bbox 594 1935 640 1960; x_wconf 86' lang='lat' dir='ltr'>ex</span> <span class='ocrx_word' id='word_1_209' title='bbox 661 1923 804 1972; x_wconf 80' lang='lat' dir='ltr'>Lyceo,</span> <span class='ocrx_word' id='word_1_210' title='bbox 825 1919 923 1957; x_wconf 88' lang='lat' dir='ltr'>nihil</span> <span class='ocrx_word' id='word_1_211' title='bbox 945 1931 1032 1957; x_wconf 79' lang='lat' dir='ltr'>nee</span> <span class='ocrx_word' id='word_1_212' title='bbox 1053 1917 1263 1972; x_wconf 84' lang='lat' dir='ltr'>puerilibus</span> <span class='ocrx_word' id='word_1_213' title='bbox 1285 1919 1442 1972; x_wconf 83' lang='lat' dir='ltr'>quidem</span> <span class='ocrx_word' id='word_1_214' title='bbox 1462 1919 1688 1973; x_wconf 87' lang='lat' dir='ltr'>disciplinis.</span> <span class='ocrx_word' id='word_1_215' title='bbox 1725 1920 1982 1958; x_wconf 85' lang='lat' dir='ltr'>Xenocratem</span> 
     </span>
     <span class='ocr_line' id='line_1_26' title="bbox 595 1984 1981 2037; baseline -0.001 -13"><span class='ocrx_word' id='word_1_216' title='bbox 595 1987 724 2025; x_wconf 81' lang='lat' dir='ltr'>audire</span> <span class='ocrx_word' id='word_1_217' title='bbox 763 1985 917 2037; x_wconf 88' lang='lat' dir='ltr'>potuit;</span> <span class='ocrx_word' id='word_1_218' title='bbox 958 1995 1077 2036; x_wconf 87' lang='lat' dir='ltr'>quem</span> <span class='ocrx_word' id='word_1_219' title='bbox 1112 1984 1274 2023; x_wconf 87' lang='lat' dir='ltr'>virum?</span> <span class='ocrx_word' id='word_1_220' title='bbox 1321 1985 1392 2023; x_wconf 85' lang='lat' dir='ltr'>Dii</span> <span class='ocrx_word' id='word_1_221' title='bbox 1431 1984 1692 2024; x_wconf 88' lang='lat' dir='ltr'>immortales!</span> <span class='ocrx_word' id='word_1_222' title='bbox 1728 1994 1765 2023; x_wconf 91' lang='lat' dir='ltr'>et</span> <span class='ocrx_word' id='word_1_223' title='bbox 1799 1984 1884 2023; x_wconf 88' lang='lat' dir='ltr'>sunt</span> <span class='ocrx_word' id='word_1_224' title='bbox 1913 1985 1981 2037; x_wconf 88' lang='lat' dir='ltr'>qui</span> 
     </span>
     <span class='ocr_line' id='line_1_27' title="bbox 597 2049 1981 2104; baseline -0.001 -15"><span class='ocrx_word' id='word_1_225' title='bbox 597 2056 734 2104; x_wconf 85' lang='lat' dir='ltr'>putent</span> <span class='ocrx_word' id='word_1_226' title='bbox 753 2049 931 2087; x_wconf 73' lang='lat' dir='ltr'>audivisse</span> <span class='ocrx_word' id='word_1_227' title='bbox 951 2067 963 2094; x_wconf 79' lang='lat'>3</span> <span class='ocrx_word' id='word_1_228' title='bbox 1004 2049 1080 2102; x_wconf 88' lang='lat' dir='ltr'>ipsc</span> <span class='ocrx_word' id='word_1_229' title='bbox 1101 2063 1177 2088; x_wconf 92' lang='lat' dir='ltr'>non</span> <span class='ocrx_word' id='word_1_230' title='bbox 1197 2049 1294 2088; x_wconf 88' lang='lat' dir='ltr'>vult.</span> <span class='ocrx_word' id='word_1_231' title='bbox 1338 2050 1464 2088; x_wconf 87' lang='lat' dir='ltr'>Credo</span> <span class='ocrx_word' id='word_1_232' title='bbox 1482 2050 1568 2102; x_wconf 89' lang='lat' dir='ltr'>plus</span> <span class='ocrx_word' id='word_1_233' title='bbox 1597 2049 1757 2087; x_wconf 83' lang='lat' dir='ltr'>nemini.</span> <span class='ocrx_word' id='word_1_234' title='bbox 1792 2049 1981 2102; x_wconf 82' lang='lat' dir='ltr'>Pamphi-</span> 
     </span>
     <span class='ocr_line' id='line_1_28' title="bbox 594 2114 1982 2168; baseline -0.001 -14"><span class='ocrx_word' id='word_1_235' title='bbox 594 2116 678 2154; x_wconf 88' lang='lat' dir='ltr'>lum</span> <span class='ocrx_word' id='word_1_236' title='bbox 703 2115 909 2168; x_wconf 88' lang='lat' dir='ltr'>quendam,</span> <span class='ocrx_word' id='word_1_237' title='bbox 941 2114 1109 2153; x_wconf 88' lang='lat' dir='ltr'>Platonis</span> <span class='ocrx_word' id='word_1_238' title='bbox 1135 2114 1362 2159; x_wconf 85' lang='lat' dir='ltr'>auditorem,</span> <span class='ocrx_word' id='word_1_239' title='bbox 1390 2115 1444 2153; x_wconf 87' lang='lat' dir='ltr'>ait</span> <span class='ocrx_word' id='word_1_240' title='bbox 1463 2128 1483 2152; x_wconf 87' lang='lat' dir='ltr'>a</span> <span class='ocrx_word' id='word_1_241' title='bbox 1503 2115 1538 2152; x_wconf 89' lang='lat' dir='ltr'>se</span> <span class='ocrx_word' id='word_1_242' title='bbox 1558 2114 1659 2152; x_wconf 80' lang='lat' dir='ltr'>Sami</span> <span class='ocrx_word' id='word_1_243' title='bbox 1687 2114 1876 2152; x_wconf 79' lang='lat' dir='ltr'>auditum.</span> <span class='ocrx_word' id='word_1_244' title='bbox 1922 2114 1982 2153; x_wconf 88' lang='lat' dir='ltr'>lbi</span> 
     </span>
     <span class='ocr_line' id='line_1_29' title="bbox 594 2179 1980 2234; baseline -0.002 -14"><span class='ocrx_word' id='word_1_245' title='bbox 594 2182 700 2220; x_wconf 89' lang='lat' dir='ltr'>enim</span> <span class='ocrx_word' id='word_1_246' title='bbox 731 2181 943 2219; x_wconf 82' lang='lat' dir='ltr'>adolescens</span> <span class='ocrx_word' id='word_1_247' title='bbox 969 2180 1164 2219; x_wconf 79' lang='lat' dir='ltr'>habitabat</span> <span class='ocrx_word' id='word_1_248' title='bbox 1183 2193 1275 2218; x_wconf 90' lang='lat' dir='ltr'>cum</span> <span class='ocrx_word' id='word_1_249' title='bbox 1304 2189 1408 2234; x_wconf 90' lang='lat' dir='ltr'>patre</span> <span class='ocrx_word' id='word_1_250' title='bbox 1435 2189 1472 2218; x_wconf 89' lang='lat' dir='ltr'>et</span> <span class='ocrx_word' id='word_1_251' title='bbox 1491 2179 1684 2224; x_wconf 86' lang='lat' dir='ltr'>fratribus,</span> <span class='ocrx_word' id='word_1_252' title='bbox 1713 2179 1816 2232; x_wconf 87' lang='lat' dir='ltr'>quod</span> <span class='ocrx_word' id='word_1_253' title='bbox 1842 2181 1881 2217; x_wconf 90' lang='lat' dir='ltr'>in</span> <span class='ocrx_word' id='word_1_254' title='bbox 1897 2193 1980 2217; x_wconf 83' lang='lat' dir='ltr'>eam</span> 
     </span>
     <span class='ocr_line' id='line_1_30' title="bbox 597 2246 1982 2300; baseline -0.001 -16"><span class='ocrx_word' id='word_1_255' title='bbox 597 2255 702 2300; x_wconf 86' lang='lat' dir='ltr'>pater</span> <span class='ocrx_word' id='word_1_256' title='bbox 732 2248 814 2299; x_wconf 87' lang='lat' dir='ltr'>ejus</span> <span class='ocrx_word' id='word_1_257' title='bbox 835 2247 1001 2285; x_wconf 90' lang='lat' dir='ltr'>Neocles</span> <span class='ocrx_word' id='word_1_258' title='bbox 1022 2246 1190 2299; x_wconf 81' lang='lat' dir='ltr'>agripeta</span> <span class='ocrx_word' id='word_1_259' title='bbox 1207 2256 1382 2285; x_wconf 86' lang='lat' dir='ltr'>venerat:</span> <span class='ocrx_word' id='word_1_260' title='bbox 1412 2246 1486 2291; x_wconf 82' lang='lat' dir='ltr'>sed,</span> <span class='ocrx_word' id='word_1_261' title='bbox 1521 2259 1611 2284; x_wconf 88' lang='lat' dir='ltr'>cum</span> <span class='ocrx_word' id='word_1_262' title='bbox 1631 2246 1776 2298; x_wconf 87' lang='lat' dir='ltr'>agellus</span> <span class='ocrx_word' id='word_1_263' title='bbox 1796 2258 1885 2284; x_wconf 89' lang='lat' dir='ltr'>eum</span> <span class='ocrx_word' id='word_1_264' title='bbox 1906 2259 1982 2284; x_wconf 89' lang='lat' dir='ltr'>non</span> 
     </span>
     <span class='ocr_line' id='line_1_31' title="bbox 597 2310 1982 2365; baseline -0.001 -15"><span class='ocrx_word' id='word_1_265' title='bbox 597 2312 681 2350; x_wconf 84' lang='lat' dir='ltr'>satis</span> <span class='ocrx_word' id='word_1_266' title='bbox 702 2313 827 2356; x_wconf 85' lang='lat' dir='ltr'>aleret.</span> <span class='ocrx_word' id='word_1_267' title='bbox 859 2322 901 2349; x_wconf 85' lang='lat' dir='ltr'>ut</span> <span class='ocrx_word' id='word_1_268' title='bbox 934 2313 1086 2364; x_wconf 88' lang='lat' dir='ltr'>opinor,</span> <span class='ocrx_word' id='word_1_269' title='bbox 1108 2312 1368 2365; x_wconf 86' lang='lat' dir='ltr'>ludimagister</span> <span class='ocrx_word' id='word_1_270' title='bbox 1386 2310 1476 2350; x_wconf 88' lang='lat' dir='ltr'>fuit.</span> <span class='ocrx_word' id='word_1_271' title='bbox 1519 2311 1589 2350; x_wconf 91' lang='lat' dir='ltr'>Sed</span> <span class='ocrx_word' id='word_1_272' title='bbox 1610 2310 1713 2349; x_wconf 87' lang='lat' dir='ltr'>hunc</span> <span class='ocrx_word' id='word_1_273' title='bbox 1739 2311 1982 2349; x_wconf 83' lang='lat' dir='ltr'>Platonicum</span> 
     </span>
     <span class='ocr_line' id='line_1_32' title="bbox 598 2377 1983 2429; baseline -0.001 -14"><span class='ocrx_word' id='word_1_274' title='bbox 598 2377 760 2416; x_wconf 86' lang='lat' dir='ltr'>mirifice</span> <span class='ocrx_word' id='word_1_275' title='bbox 797 2378 1011 2415; x_wconf 88' lang='lat' dir='ltr'>contemnit</span> <span class='ocrx_word' id='word_1_276' title='bbox 1051 2377 1269 2429; x_wconf 86' lang='lat' dir='ltr'>Epicurus:</span> <span class='ocrx_word' id='word_1_277' title='bbox 1317 2379 1369 2416; x_wconf 90' lang='lat' dir='ltr'>ita</span> <span class='ocrx_word' id='word_1_278' title='bbox 1405 2378 1559 2421; x_wconf 81' lang='lat' dir='ltr'>metuit,</span> <span class='ocrx_word' id='word_1_279' title='bbox 1602 2390 1647 2415; x_wconf 91' lang='lat' dir='ltr'>ne</span> <span class='ocrx_word' id='word_1_280' title='bbox 1681 2377 1775 2429; x_wconf 88' lang='lat' dir='ltr'>quid</span> <span class='ocrx_word' id='word_1_281' title='bbox 1813 2389 1983 2428; x_wconf 82' lang='lat' dir='ltr'>unquam</span> 
     </span>
     <span class='ocr_line' id='line_1_33' title="bbox 596 2441 1983 2494; baseline -0.001 -14"><span class='ocrx_word' id='word_1_282' title='bbox 596 2441 766 2480; x_wconf 87' lang='lat' dir='ltr'>didicisse</span> <span class='ocrx_word' id='word_1_283' title='bbox 791 2442 975 2480; x_wconf 84' lang='lat' dir='ltr'>videatur.</span> <span class='ocrx_word' id='word_1_284' title='bbox 1033 2443 1076 2480; x_wconf 87' lang='lat' dir='ltr'>ln</span> <span class='ocrx_word' id='word_1_285' title='bbox 1109 2442 1351 2494; x_wconf 72' lang='lat' dir='ltr'>Nausiphane</span> <span class='ocrx_word' id='word_1_286' title='bbox 1380 2443 1626 2481; x_wconf 87' lang='lat' dir='ltr'>Democriteo</span> <span class='ocrx_word' id='word_1_287' title='bbox 1656 2451 1830 2486; x_wconf 83' lang='lat' dir='ltr'>tenetur;</span> <span class='ocrx_word' id='word_1_288' title='bbox 1866 2455 1983 2493; x_wconf 86' lang='lat' dir='ltr'>quem</span> 
     </span>
     <span class='ocr_line' id='line_1_34' title="bbox 598 2507 1982 2560; baseline -0.001 -15"><span class='ocrx_word' id='word_1_289' title='bbox 598 2522 688 2546; x_wconf 86' lang='lat' dir='ltr'>cum</span> <span class='ocrx_word' id='word_1_290' title='bbox 719 2521 739 2544; x_wconf 85' lang='lat' dir='ltr'>a</span> <span class='ocrx_word' id='word_1_291' title='bbox 771 2508 805 2545; x_wconf 89' lang='lat' dir='ltr'>se</span> <span class='ocrx_word' id='word_1_292' title='bbox 838 2521 912 2545; x_wconf 91' lang='lat' dir='ltr'>non</span> <span class='ocrx_word' id='word_1_293' title='bbox 952 2516 1060 2560; x_wconf 80' lang='lat' dir='ltr'>neget</span> <span class='ocrx_word' id='word_1_294' title='bbox 1092 2507 1282 2551; x_wconf 65' lang='lat' dir='ltr'>aiiditum,</span> <span class='ocrx_word' id='word_1_295' title='bbox 1318 2517 1427 2545; x_wconf 78' lang='lat' dir='ltr'>vexat</span> <span class='ocrx_word' id='word_1_296' title='bbox 1468 2516 1592 2545; x_wconf 84' lang='lat' dir='ltr'>tamen</span> <span class='ocrx_word' id='word_1_297' title='bbox 1627 2507 1808 2545; x_wconf 89' lang='lat' dir='ltr'>omnibus</span> <span class='ocrx_word' id='word_1_298' title='bbox 1843 2516 1982 2545; x_wconf 88' lang='lat' dir='ltr'>contu-</span> 
     </span>
     <span class='ocr_line' id='line_1_35' title="bbox 600 2570 1981 2625; baseline -0.002 -15"><span class='ocrx_word' id='word_1_299' title='bbox 600 2573 736 2610; x_wconf 79' lang='lat' dir='ltr'>meliis.</span> <span class='ocrx_word' id='word_1_300' title='bbox 790 2573 909 2624; x_wconf 78' lang='lat' dir='ltr'>Atqui</span> <span class='ocrx_word' id='word_1_301' title='bbox 944 2573 967 2610; x_wconf 82' lang='lat' dir='ltr'>fi</span> <span class='ocrx_word' id='word_1_302' title='bbox 995 2572 1075 2611; x_wconf 72' lang='lat' dir='ltr'>hsce</span> <span class='ocrx_word' id='word_1_303' title='bbox 1104 2570 1348 2611; x_wconf 82' lang='lat' dir='ltr'>Democritea</span> <span class='ocrx_word' id='word_1_304' title='bbox 1373 2586 1449 2611; x_wconf 88' lang='lat' dir='ltr'>non</span> <span class='ocrx_word' id='word_1_305' title='bbox 1480 2573 1647 2617; x_wconf 64' lang='lat' dir='ltr'>audiiset,</span> <span class='ocrx_word' id='word_1_306' title='bbox 1673 2573 1768 2625; x_wconf 87' lang='lat' dir='ltr'>quid</span> <span class='ocrx_word' id='word_1_307' title='bbox 1788 2571 1981 2610; x_wconf 73' lang='lat' dir='ltr'>audierat?</span> 
     </span>
     <span class='ocr_line' id='line_1_36' title="bbox 598 2635 1983 2691; baseline -0.001 -17"><span class='ocrx_word' id='word_1_308' title='bbox 598 2638 704 2689; x_wconf 82' lang='lat' dir='ltr'>Qid</span> <span class='ocrx_word' id='word_1_309' title='bbox 739 2639 786 2675; x_wconf 80' lang='lat' dir='ltr'>csl</span> <span class='ocrx_word' id='word_1_310' title='bbox 824 2640 860 2675; x_wconf 85' lang='lat' dir='ltr'>in</span> <span class='ocrx_word' id='word_1_311' title='bbox 899 2638 1059 2691; x_wconf 74' lang='lat' dir='ltr'>physicis</span> <span class='ocrx_word' id='word_1_312' title='bbox 1103 2639 1260 2691; x_wconf 74' lang='lat' dir='ltr'>Epicuri</span> <span class='ocrx_word' id='word_1_313' title='bbox 1300 2652 1374 2677; x_wconf 86' lang='lat' dir='ltr'>non</span> <span class='ocrx_word' id='word_1_314' title='bbox 1413 2653 1431 2675; x_wconf 82' lang='lat' dir='ltr'>a</span> <span class='ocrx_word' id='word_1_315' title='bbox 1472 2639 1726 2677; x_wconf 79' lang='lat' dir='ltr'>Democrito?</span> <span class='ocrx_word' id='word_1_316' title='bbox 1776 2637 1881 2677; x_wconf 88' lang='lat' dir='ltr'>Nam</span> <span class='ocrx_word' id='word_1_317' title='bbox 1919 2635 1983 2674; x_wconf 77' lang='lat' dir='ltr'>cni</span> 
     </span>
    </p>
   </div>
  </div>
 </body>
</html>
