2330 2983
733 260 1329 301 LUCULLUS.
1679 271 1726 311 59

332 376 408 415 ego
427 360 525 400 nihil
544 359 730 412 ejusmodi
749 359 820 397 effe
839 359 1013 404 arbitror,
1046 360 1110 397 cui
1130 359 1156 396 fi
1176 357 1331 396 affensus
1352 356 1436 401 fim,
1464 369 1540 394 non
1560 355 1729 393 assentiar

337 428 429 480 saepe
447 426 567 469 fals0;
608 426 794 477 quoniam
824 439 908 463 vera
940 438 960 462 a
989 424 1087 462 falfis
1117 424 1225 462 nullo
1255 422 1473 461 discrimine
1500 422 1726 475 separantur,

340 492 545 545 praesertim
565 504 658 529 cum
674 491 820 542 judicia
835 490 901 528 ista
920 489 1126 528 dialefficae
1146 489 1251 527 nulla
1271 489 1356 526 fint.

391 558 514 595 Venio
533 556 638 594 enim
661 557 747 607 jam
777 556 823 593 ad
844 556 994 593 tertiam
1015 564 1161 608 partem
1181 552 1446 607 philosophiae.
1485 552 1604 590 Aliud
1619 552 1726 604 judi-

335 624 441 661 cium
463 624 676 674 Protagcrae
695 621 762 666 est,
793 622 861 673 qui
880 630 990 674 putet
1018 621 1058 658 id
1083 621 1225 672 cuique
1244 633 1379 657 verum
1400 617 1484 662 effe,
1520 619 1623 670 quod
1643 618 1726 655 cui-

335 703 410 741 que
431 689 600 727 videatur
618 703 626 726 :
649 687 753 725 aliud
774 687 1088 739 Cyrenaicorum,
1110 687 1191 738 qui,
1210 694 1343 738 praeter
1355 683 1611 737 permotiones
1634 683 1728 721 inti-

335 768 430 800 mas,
454 754 552 792 nihil
573 762 708 807 putant
727 753 797 791 effe
811 753 974 805 judicii:
1006 753 1109 790 aliud
1125 751 1298 805 Epicuri,
1321 751 1390 802 qui
1409 763 1523 788 omne
1534 749 1728 801 judicium

337 821 376 858 in
403 821 581 864 senfibus,
612 828 650 857 et
670 820 710 857 in
730 832 858 857 rerum
875 818 1036 863 notitiis,
1057 827 1095 856 et
1114 818 1155 855 in
1174 817 1370 870 voluptate
1385 815 1595 854 constituit.
1620 814 1729 852 Plato

335 896 465 925 autem
485 899 600 925 omne
614 885 809 938 judicium
822 885 1003 929 veritatis,
1021 884 1295 936 veritatemque
1315 882 1450 935 ipsam,
1467 880 1670 919 abductam
1683 880 1729 918 ab

336 952 583 1005 opinionibus
603 959 640 988 et
655 964 675 987 a
689 950 869 994 senfibus,
890 949 1134 1002 cogitationis
1154 948 1268 1001 ipfius
1283 957 1321 985 et
1337 947 1479 985 mentis
1499 946 1570 984 effe
1589 946 1727 983 voluit.

336 1016 545 1068 Numquid
559 1014 699 1053 horum
723 1015 858 1067 probat
874 1014 997 1052 noster
1011 1011 1231 1052 Antiochus
1247 1013 1260 1049 ?
1282 1011 1347 1049 ille
1366 1025 1454 1049 vero
1474 1023 1521 1048 ne
1538 1011 1729 1062 majorum

335 1082 493 1134 quidem
514 1081 683 1119 suorum.
715 1080 796 1118 Ubi
817 1080 922 1118 enim
942 1089 1006 1117 aut
1026 1080 1283 1117 Xenocratem
1302 1077 1485 1129 sequitur,
1513 1076 1622 1128 cujus
1640 1075 1729 1113 libri

336 1147 423 1186 sunt
442 1147 487 1185 de
506 1147 650 1184 ratione
668 1146 851 1198 loquendi
878 1145 994 1183 multi
1029 1153 1068 1182 et
1096 1143 1267 1182 multum
1299 1142 1476 1196 probatI?
1511 1150 1577 1179 aut
1603 1140 1730 1194 ipsum

335 1213 594 1257 Aristotelem,
609 1226 686 1264 quo
700 1212 872 1264 profecto
888 1210 988 1250 nihil
1007 1210 1059 1248 est
1071 1211 1232 1254 acutius,
1247 1207 1346 1247 nihil
1362 1207 1519 1261 politius
1537 1207 1551 1244 ?
1567 1220 1588 1245 a
1601 1205 1727 1258 Chry-

335 1281 441 1333 fippo
459 1279 597 1333 pedem
617 1292 832 1331 nunquam.

391 1347 560 1385 XLVII.
584 1346 666 1397 Qi
685 1359 774 1397 ergo
795 1344 1018 1383 Academici
1038 1343 1299 1396 appellamur?
1331 1355 1377 1379 an
1398 1341 1594 1379 abutimur
1612 1339 1731 1392 gloria

338 1412 507 1451 nominis
525 1411 538 1447 ?
567 1419 632 1448 aut
651 1424 720 1448 cur
739 1411 916 1462 cogimur
946 1423 1007 1447 eos
1028 1409 1147 1461 sequi,
1179 1409 1248 1460 qui
1267 1408 1367 1445 inter
1386 1406 1421 1444 se
1447 1405 1621 1444 diffident
1640 1406 1653 1442 ?
1686 1406 1730 1443 In

339 1478 413 1517 hoc
432 1477 527 1530 ipso,
548 1476 653 1529 quod
676 1477 716 1514 in
736 1476 934 1514 elementis
955 1475 1143 1512 dialectici
1163 1475 1316 1517 docent,
1334 1486 1412 1524 quo
1431 1472 1548 1510 modo
1560 1471 1731 1523 judicare

339 1551 524 1598 oporteat,
552 1556 685 1581 verum
705 1541 893 1580 falsumne
913 1541 970 1586 fit,
1003 1541 1029 1579 fi
1050 1540 1145 1593 quid
1166 1541 1217 1578 ita
1237 1552 1456 1577 connexum
1475 1537 1540 1582 est,
1568 1546 1611 1575 ut
1639 1536 1729 1581 hoc,

339 1611 383 1650 Si
404 1610 474 1648 dies
502 1609 558 1662 cst,
583 1609 676 1647 lucet
691 1627 703 1653 3
735 1617 877 1660 quanta
907 1607 1105 1646 contentio
1135 1606 1218 1644 est?
1250 1606 1376 1643 Aliter
1405 1604 1592 1649 Diodoto,
1623 1604 1732 1642 aliter

339 1674 508 1719 Philoni,
531 1673 752 1726 Chrysippo
765 1674 872 1711 aliter
891 1673 1029 1726 placet.
1062 1672 1202 1724 Qid?
1235 1685 1327 1709 cum
1354 1669 1556 1714 Cleanthe,
1578 1669 1732 1708 doctore

337 1741 416 1786 suo,
435 1754 552 1793 quam
571 1740 704 1778 multis
721 1740 832 1778 rebus
848 1738 1084 1792 Chryfippus
1098 1737 1274 1776 diffidet?
1293 1736 1424 1789 Qid?
1446 1737 1523 1774 duo
1543 1735 1600 1773 vel
1621 1736 1731 1788 prin-

337 1807 439 1860 cipes
460 1806 759 1851 dialecticorum,
791 1807 992 1858 Antipater
1023 1813 1060 1842 et
1080 1803 1354 1848 Archidemus,
1376 1801 1636 1855 opiniofiffimi
1657 1800 1730 1840 ho-

338 1873 475 1918 mines,
497 1886 623 1910 nonne
641 1872 777 1910 multis
797 1872 836 1909 in
858 1871 970 1909 rebus
990 1869 1240 1908 dissentiunt?
1736 1862 1739 1866 ¹

393 1939 502 1991 Qid
522 1952 585 1976 me
604 1939 736 1990 igitur,
769 1937 948 1981 Luculle,
981 1937 1020 1974 in
1041 1935 1224 1974 invidiam
1245 1943 1283 1972 et
1303 1943 1486 1986 tanquam
1512 1933 1551 1970 in
1572 1930 1737 1970 concio-¹

338 2019 428 2044 nem
447 2006 586 2043 vocas?
607 2014 645 2042 et
665 2004 838 2056 quidem,
860 2013 903 2041 ut
922 2003 1083 2041 seditiofi
1111 2002 1257 2040 tribuni
1276 2000 1410 2045 solent,
1432 1999 1584 2037 occludi
1606 2000 1730 2037 taber-

339 2085 402 2109 nas
417 2071 559 2124 jubes?
599 2072 690 2122 Qo
707 2071 811 2108 enim
831 2070 971 2122 spectat
986 2068 1097 2113 illud,
1129 2082 1221 2106 cum
1242 2066 1402 2104 artificia
1421 2066 1505 2104 tolli
1527 2066 1692 2118 quereris
1713 2078 1732 2102 a

339 2137 463 2182 nobis,
487 2137 553 2175 nisi
575 2145 616 2174 ut
635 2136 792 2189 opifices
813 2136 1056 2173 concitentur
1074 2134 1086 2170 ?
1109 2135 1190 2186 qui,
1205 2133 1231 2171 fi
1251 2132 1422 2184 undique
1437 2144 1568 2169 omnes
1589 2144 1731 2169 conve-

339 2203 476 2247 nerint,
508 2201 619 2239 facile
639 2211 771 2239 contra
790 2215 854 2239 vos
875 2200 1152 2238 incitabuntur.
1212 2199 1453 2250 Expromam
1474 2197 1646 2249 primum
1669 2196 1732 2233 illa

338 2267 534 2312 invidiosa,
567 2267 673 2319 quod
705 2280 768 2304 eos
802 2279 950 2311 omnes,
994 2267 1062 2318 qui
1096 2265 1135 2302 in
1165 2265 1349 2302 concione
1379 2263 1544 2306 stabunt,
1586 2261 1730 2305 exules,

338 2333 473 2378 servos,
504 2333 650 2371 insanos
670 2332 740 2370 effe
760 2333 892 2371 dicatis
912 2347 920 2370 :
953 2331 1088 2370 deinde
1109 2331 1154 2368 ad
1176 2331 1241 2368 illa
1260 2330 1424 2374 veniam,
1452 2342 1536 2380 quae
1551 2328 1632 2379 jam
1655 2340 1730 2364 non

339 2399 384 2437 ad
405 2400 712 2444 multitudinem,
731 2399 791 2437 sed
811 2399 855 2437 ad
876 2398 1136 2451 vosmetipsOS,
1154 2397 1221 2449 qui
1241 2397 1388 2440 adestis,
1410 2395 1613 2447 pertinent.
1646 2393 1730 2431 Ne-

338 2474 403 2517 gat
422 2465 528 2502 enim
548 2478 613 2503 vos
635 2466 757 2510 Zeno,
780 2475 890 2518 negat
911 2463 1144 2509 Antiochus,
1166 2464 1257 2501 scire
1275 2462 1500 2515 quidquam.
1549 2460 1730 2509 Qomo-

339 2531 415 2570 do?
447 2532 595 2583 inquies
615 2546 624 2570 ε
666 2545 734 2570 nos
763 2533 868 2571 enim
896 2531 1151 2575 defendimus,
1186 2530 1301 2568 etiam
1334 2527 1573 2579 infipientem
1609 2525 1732 2563 multa

338 2596 673 2650 comprehendere.

1391 2660 1431 2697 H
1454 2671 1477 2696 2
