2330 2983
654 306 931 347 LIBER
985 306 1408 347 TERTIUS.
1652 321 1727 361 329

336 412 429 442 toto>
454 416 612 457 corpore
637 404 820 449 curando,
850 404 1024 442 minimae
1053 405 1170 443 etiam
1199 406 1312 457 parti,
1343 406 1369 444 fi
1399 405 1613 451 condoluit,
1644 420 1727 444 me-

336 470 476 508 dentur
491 487 504 514 3
535 470 585 508 fic
617 469 872 522 philosophia,
902 483 993 507 cum
1021 470 1232 508 universam
1258 471 1524 522 aegritudinem
1552 472 1726 510 sustulit:

337 544 481 579 tamen,
511 533 537 571 s1
571 535 658 587 quis
679 548 781 573 error
813 534 967 572 aliunde
986 534 1129 579 extitit,
1160 534 1186 572 fi
1217 544 1414 587 paupertas
1446 538 1670 582 momordit,
1703 539 1728 576 fi

337 599 552 651 ignominia
587 599 769 653 pupugit,
800 599 826 637 fi
855 600 952 651 quid
987 599 1228 638 tenebrarum
1265 599 1421 638 obfudit
1450 601 1626 646 exilium,
1666 613 1730 641 aut

336 678 485 710 eorum,
526 678 611 717 quae
644 665 762 703 modo
796 665 893 709 dixi,
936 664 963 703 fi
1001 665 1095 718 quid
1136 664 1280 710 extitit,
1325 665 1559 718 fingularum
1601 680 1729 706 rerum

337 730 423 768 sunt
442 732 603 784 propriae
631 731 908 770 consolationes
924 748 936 775 ς
967 731 1014 769 de
1045 731 1187 784 quibus
1216 731 1344 770 audies
1376 739 1418 769 tu
1438 731 1611 784 quidem,
1638 746 1731 771 cum

337 796 465 834 voles:
489 796 548 834 sed
568 796 614 834 ad
632 796 798 834 eundem
818 795 968 835 fontem
988 797 1254 835 revertendum
1271 796 1337 842 est,
1358 797 1623 850 aegritudinem
1643 811 1730 836 orn-

339 874 429 899 nem
449 862 583 914 procul
617 861 735 900 abess‘e
765 875 785 899 a
804 862 983 914 sapiente,
1004 863 1109 914 quod
1128 863 1250 901 inanis
1270 862 1328 907 fit,
1356 863 1461 915 quod
1491 862 1625 901 frustra
1651 863 1730 901 sus-

338 927 515 980 cipiatur,
546 927 651 980 quod
671 941 748 966 non
768 927 901 965 natura
920 928 1124 973 exoriatur,
1161 927 1223 966 sed
1247 927 1412 980 judicio,
1444 928 1506 967 sed
1536 929 1730 981 opinione,

339 992 401 1030 sed
421 993 585 1044 quadam
617 992 842 1030 invitatione
868 993 913 1029 ad
933 992 1157 1038 dolendum,
1189 1006 1281 1032 cum
1301 994 1341 1032 id
1370 994 1648 1033 decreverimus
1680 995 1732 1032 ita

339 1056 422 1094 fieri
441 1066 627 1110 oportere.
846 1098 849 1100 .

394 1122 487 1160 Hoc
527 1122 706 1166 detraeto,
740 1122 845 1174 quod
879 1130 1006 1160 totum
1037 1122 1089 1160 est
1124 1122 1402 1167 voluntarium,
1446 1123 1631 1175 aegritudo
1663 1124 1734 1162 erit

340 1186 484 1226 sublata
503 1187 568 1226 illa
594 1201 787 1233 moerens3
819 1187 965 1226 morsus
985 1196 1113 1226 tamen
1140 1197 1178 1226 et
1203 1189 1540 1227 contractiunculae
1559 1190 1734 1242 quaedam

338 1253 460 1292 animi
492 1253 770 1306 relinquentur.
813 1254 927 1292 Hanc
958 1254 1087 1292 dicant
1106 1253 1189 1291 sane
1209 1253 1435 1298 naturalem,
1467 1254 1562 1292 dum
1578 1256 1734 1307 :egritu-

340 1318 441 1357 dinis
462 1332 604 1357 nomen
624 1319 730 1364 absit,
751 1332 876 1371 grave,
899 1329 1056 1364 tetrum,
1077 1318 1297 1363 funestum;
1320 1320 1423 1371 quod
1445 1333 1536 1357 cum
1557 1320 1736 1373 sapientia

340 1383 425 1429 effe,
446 1393 573 1437 atque,
595 1394 638 1422 ut
656 1385 709 1422 ita
727 1385 869 1429 dicam,
890 1384 1060 1423 habitare
1079 1385 1188 1422 nullo
1208 1385 1324 1423 modo
1344 1385 1468 1438 poflit.
1506 1387 1628 1438 Atqui
1649 1386 1734 1424 stir-

341 1463 406 1503 pes
439 1450 527 1488 sunt
557 1451 794 1504 aegritudinis
828 1465 946 1504 quam
979 1452 1125 1496 multae,
1160 1465 1279 1504 quam
1313 1450 1474 1489 amarae!
1517 1465 1615 1503 quae,
1654 1452 1737 1504 ipso

342 1526 480 1555 trunco
499 1518 638 1563 evers0‚
673 1531 806 1556 omnes
838 1517 1021 1555 elidendae
1040 1517 1141 1562 sunt,
1169 1526 1220 1562 et,
1255 1517 1281 1555 fi
1309 1516 1451 1555 neceffe
1471 1516 1555 1560 erit,
1578 1517 1736 1569 singulis

340 1582 674 1635 disputationibus.
698 1582 870 1635 Superest
888 1582 992 1620 enim
1013 1582 1124 1620 nobis
1144 1581 1234 1627 hoc,
1250 1582 1489 1620 cuicuimodi
1510 1581 1575 1626 est,
1593 1583 1734 1621 otium.

342 1647 415 1685 Sed
434 1647 529 1685 ratio
562 1661 638 1686 una
670 1648 850 1686 omnium
879 1648 931 1686 est
960 1647 1248 1701 aegritudinum,
1279 1648 1389 1700 plura
1416 1646 1587 1685 nomina.
1629 1647 1737 1686 Nam

340 1712 508 1752 invidere
537 1713 774 1767 aegritudinis
800 1714 866 1759 est,
893 1723 932 1754 et
962 1714 1148 1759 aemulari,
1179 1723 1217 1751 et
1245 1714 1468 1757 obtrectare,
1495 1722 1533 1750 et
1552 1713 1736 1759 misereri,

340 1778 442 1831 angi,
459 1779 603 1832 lugere,
625 1793 799 1824 moerere,
817 1793 984 1818 aerumna
995 1779 1110 1824 affici,
1130 1779 1344 1824 lamentari,
1365 1778 1574 1823 sollicitari,
1595 1778 1736 1823 dolere,

341 1844 382 1882 in
402 1845 573 1883 molestia
591 1846 675 1890 effe,
705 1845 889 1890 affluitari,
911 1845 1114 1898 desperare.

398 1911 496 1948 Haec
514 1911 647 1948 omnia
665 1910 853 1949 definiunt
873 1912 990 1950 Stoici
1002 1929 1014 1957 ς
1047 1924 1166 1964 eaque
1183 1910 1310 1956 verba,
1341 1923 1425 1962 quae
1444 1910 1539 1955 dixi,
1569 1910 1737 1963 fingula-

342 1989 430 2014 rum
451 1989 579 2015 rerum
599 1978 684 2014 sunt
699 1995 711 2022 ς
743 1991 835 2022 non,
870 1987 914 2016 ut
942 1977 1132 2022 videntur,
1163 1976 1309 2015 easdem
1338 1989 1394 2014 res
1414 1975 1642 2028 significant,
1676 1975 1739 2014 sed

342 2042 489 2094 aliquid
508 2041 693 2080 differunt
708 2060 720 2088 ς
752 2043 857 2095 quod
876 2043 951 2082 alio
970 2044 1056 2082 loco
1074 2042 1223 2083 fortaffe
1253 2042 1514 2080 tra&abimus.
1557 2042 1632 2080 Hae
1652 2041 1740 2081 sunt

343 2108 418 2146 illae
439 2107 544 2146 fibrae
564 2107 754 2161 stirpium,
783 2123 875 2162 quas
897 2110 1009 2148 initio
1029 2110 1124 2154 dixi,
1156 2108 1432 2162 persequendae,
1455 2117 1493 2147 et
1512 2122 1647 2147 omnes
1665 2107 1740 2146 eli-

343 2174 488 2219 dendae,
510 2187 556 2211 ne
572 2174 650 2212 ulla
670 2189 840 2228 unquam
860 2176 972 2228 poffit
991 2176 1160 2214 existere.
1183 2175 1375 2227 Magnum
1396 2187 1494 2227 opus
1509 2185 1547 2212 et
1567 2173 1738 2213 difficile.

345 2239 445 2292 Qis
465 2240 605 2292 negat?
636 2240 743 2291 Qid
775 2250 903 2279 autem
930 2241 1167 2294 praeclarum,
1204 2253 1280 2278 non
1312 2240 1415 2278 idem
1446 2240 1637 2278 arduum?
1668 2238 1740 2277 Sed

346 2314 473 2342 tamen
493 2305 533 2342 id
553 2305 588 2343 se
618 2305 837 2344 effecturam
862 2306 1103 2360 philosophia
1124 2306 1350 2360 profitetur:
1383 2320 1452 2345 nos
1483 2306 1599 2344 modo
1629 2317 1738 2342 cura-

346 2372 492 2408 tionem
512 2372 593 2424 ejus
615 2372 854 2425 recipiamus.
893 2374 1041 2412 Verum
1061 2373 1219 2426 quidem
1240 2372 1321 2411 haec
1341 2372 1535 2410 hactenus.
1579 2372 1737 2415 Caetera,

346 2437 649 2491 quotiescunque
668 2439 818 2486 voletis,
839 2450 877 2480 et
897 2439 970 2480 hoc
992 2440 1092 2486 loco,
1113 2449 1152 2479 et
1171 2440 1268 2484 aliis,
1290 2449 1414 2493 parata
1433 2438 1542 2476 vobis
1557 2446 1682 2475 erunt.

447 2702 593 2742 Tem.
625 2704 678 2743 11.
1364 2704 1444 2742 Tt
