2330 2983
758 256 1359 297 LUCULLUS.
1706 262 1752 299 61

361 356 599 409 reliquorum
619 353 840 399 mendaciis,
872 364 909 392 et
930 354 976 392 de
996 354 1139 401 sortite,
1159 364 1224 394 aut
1243 354 1527 408 pseudomen0;
1559 369 1652 408 quas
1672 358 1758 410 pla-

360 435 425 474 gas
446 421 514 473 ipfi
535 429 667 459 contra
686 420 722 457 se
742 420 859 458 Stoici
881 428 1099 458 texuerunt.

415 488 525 524 Tum
546 485 750 530 Lucullus,
786 485 881 523 Non
907 485 1079 530 moleste,
1110 485 1252 538 inquit,
1281 485 1376 530 fero,
1408 499 1475 524 nos
1505 486 1586 525 haec
1615 498 1757 526 contu-

359 550 463 589 liffe:
496 551 628 604 saepius
649 551 754 589 enirn
775 550 1064 602 congredientes
1086 564 1169 596 nos,
1204 560 1242 589 et
1261 551 1429 589 maxime
1459 552 1499 589 in
1526 553 1756 591 Tusculanis

358 616 508 661 nostris,
539 616 564 654 fi
592 629 667 668 qua
686 615 931 660 videbuntur,
963 616 1218 667 requiremus.
1269 617 1446 668 Optime,
1479 616 1662 668 inquam:
1695 617 1757 656 sed

359 682 454 733 quid
475 681 636 719 Catulus
657 681 771 719 sentit
789 681 802 718 ?
834 680 930 732 quid
950 681 1177 719 Hortenfius
1196 682 1209 718 ?
1251 682 1362 719 Tum
1397 682 1573 727 Catulus,
1604 683 1755 735 Egone,

357 747 517 799 inquit?
548 747 594 784 ad
625 747 740 799 patris
761 746 934 784 revolvor
953 745 1194 791 sententiam,
1222 761 1340 799 quam
1371 747 1530 799 quidem
1561 748 1627 785 ille
1659 750 1756 786 Car-

357 812 540 850 neadeam
560 812 631 850 effe
650 809 822 856 dicebat',
845 821 887 849 ut
908 812 1053 865 percipi
1084 811 1183 850 nihil
1210 822 1345 865 putem
1364 813 1492 865 poffe;
1525 813 1756 853 assensurum

357 887 485 916 autem
506 892 583 916 non
604 887 796 931 percepto,
828 878 868 915 id
887 878 952 923 est,
983 879 1233 930 opinaturum
1259 879 1482 931 sapientem,
1508 880 1725 919 existimem
1744 896 1752 919 :

357 943 505 989 sedita,
538 953 582 981 ut
601 943 793 995 intelligat
822 943 857 980 se
877 943 1039 995 opinari,
1070 944 1237 996 sciatque
1268 943 1367 982 nihil
1399 944 1482 989 effe,
1511 946 1615 996 quod
1641 959 1752 984 corn-

355 1009 539 1062 prehendi
558 1019 596 1046 et
618 1009 764 1061 percipi
783 1008 908 1060 poffit.
955 1010 1025 1047 Per
1039 1004 1155 1053 ἑποχῆν
1174 1010 1282 1047 illam
1301 1011 1481 1048 omnium
1498 1024 1625 1049 rerum
1641 1025 1751 1050 com-

354 1075 534 1127 probans,
554 1074 612 1111 illi
631 1074 740 1111 alteri
759 1073 952 1111 sententiae
973 1073 1072 1111 nihil
1091 1073 1174 1119 effe,
1206 1075 1310 1126 quod
1326 1075 1472 1128 percipi
1492 1075 1617 1128 poffit‚
1636 1076 1751 1115 vehe-

355 1149 505 1178 menter
523 1138 712 1177 affentior.

410 1206 563 1250 Habeo,
594 1205 772 1257 inquam,
791 1203 1019 1243 sententiam
1040 1214 1162 1250 tuam,
1194 1219 1264 1244 nec
1293 1219 1377 1244 eam
1397 1206 1607 1244 admodum
1628 1208 1752 1260 asper-

355 1286 437 1310 nor.
484 1272 555 1310 Sed
577 1271 649 1309 tibi
669 1270 765 1323 quid
783 1271 938 1309 tandem
967 1271 1129 1323 videtur,
1152 1273 1362 1310 Hortensi?
1394 1274 1504 1311 Tum
1525 1273 1590 1310 ille
1611 1274 1750 1320 ridens,

355 1337 608 1376 Tollendum.
650 1337 785 1374 Teneo
805 1345 856 1380 te,
877 1337 1061 1389 inquam:
1093 1351 1182 1374 nam
1203 1337 1269 1375 ista
1289 1337 1508 1376 Academiae
1528 1338 1581 1375 est
1599 1341 1752 1391 propria

356 1403 549 1442 sententia.
582 1403 641 1440 Ita
659 1402 830 1440 sermone
845 1402 1035 1448 confecto,
1059 1403 1221 1442 Catulus
1241 1403 1443 1442 remanfit:
1477 1417 1544 1442 nos
1565 1404 1610 1442 ad
1640 1406 1750 1443 navi-

354 1469 458 1508 culas
478 1468 617 1508 nostras
637 1467 918 1507 descendimus.
934 1503 939 1507 .
