2330 2983
511 257 828 295 LIBER
905 255 1475 294 SECUNDUS.
1624 269 1693 307 ¹05

301 353 414 398 tueri,
436 353 476 391 id
496 353 725 392 defendere?
757 354 865 406 Qid
884 354 988 391 enim
1009 353 1151 391 necess‘e
1169 352 1233 397 est,
1252 362 1433 404 tanquam
1455 352 1694 390 meretricem

303 419 342 456 in
375 427 633 457 matronarum
664 428 826 462 centum,
856 418 904 456 fic
922 418 1158 471 voluptatem
1194 419 1232 455 in
1262 419 1450 455 virtutum
1484 418 1695 456 concilium

301 483 514 521 adducere?
547 484 784 522 Invidiosum
806 497 946 522 nomen
967 484 1032 527 est,
1063 493 1099 520 et
1122 482 1289 521 infamiae
1310 483 1536 534 subjedtum.

354 549 489 601 Itaque
522 548 598 587 hoc
628 548 846 601 frequenter
865 549 943 586 dici
963 549 1056 586 solet
1075 561 1094 586 a
1114 548 1237 592 vobis,
1265 561 1343 586 non
1369 548 1580 600 intelligere
1610 561 1692 591 nos,

299 627 416 666 quam
436 614 537 653 dicat
558 615 749 667 Epicurus
769 615 1019 667 voluptatem.
1053 614 1172 667 Qod
1191 613 1351 665 quidem
1370 612 1469 651 mihi
1490 614 1515 650 si
1543 614 1695 664 quando

298 679 446 718 dietum
465 680 530 725 est,
550 680 619 731 (est
638 689 767 718 autem
787 680 935 718 dictum
955 693 1032 718 non
1051 693 1187 733 parum
1206 678 1318 732 saepe)
1339 679 1404 717 etsi
1424 678 1508 716 satis
1528 678 1695 715 clemens

300 745 383 784 sum
404 747 443 784 in
464 746 703 799 disputando,
736 756 863 784 tamen
884 747 1079 784 interdum
1100 746 1198 784 soleo
1228 744 1417 783 subirasci.
1463 745 1598 797 Egone
1618 756 1693 781 non

299 811 490 863 intelligo,
521 811 616 863 quid
637 811 680 848 fit
701 805 782 853 ἡδονὴ
802 813 949 856 Grave,
982 812 1120 850 Latine
1149 810 1355 863 voluptas?
1387 818 1512 848 utram
1541 808 1694 847 tandem

299 876 473 929 linguam
493 877 648 915 nescio?
677 877 825 922 deinde,
853 878 922 930 qut
952 877 1010 923 fit,
1045 886 1088 916 ut
1116 890 1187 930 ego
1213 876 1390 920 nesciam,
1423 875 1539 913 sciant
1559 878 1701 913 omnes‘

299 943 522 995 quicunque
544 943 725 995 Epicurei
745 942 816 980 effe
836 942 1067 980 voluerunt?
1094 942 1214 994 Qod
1234 941 1342 979 vestri
1362 941 1521 993 quidem
1541 940 1600 978 vel
1620 954 1692 992 op-

299 1008 395 1045 time
414 1007 620 1060 disputant,
642 1006 742 1045 nihil
761 1021 856 1060 opus
877 1007 960 1052 esse,
982 1020 1085 1051 eum,
1108 1007 1177 1059 qui
1197 1004 1447 1059 philosophus
1463 1005 1614 1043 futurus
1635 1005 1691 1047 sit,

299 1072 390 1111 sci-re
411 1072 549 1111 literas.
580 1074 729 1125 Itaque,
751 1082 794 1111 ut
814 1074 974 1125 majores
995 1073 1111 1111 nostri
1131 1072 1176 1110 ab
1197 1079 1318 1110 aratro
1338 1071 1578 1109 abduxerunt
1595 1071 1692 1109 Cin-

298 1139 497 1177 cinnatum
517 1138 646 1184 illum,
681 1147 724 1176 ut
745 1139 919 1177 Dictator
937 1138 1025 1176 effet
1041 1157 1053 1183 ;
1089 1138 1138 1176 fic
1157 1150 1224 1175 vos
1251 1137 1297 1175 de
1317 1136 1480 1190 Pelasgis
1511 1137 1692 1175 omnibus

297 1204 482 1257 colligitis
515 1204 636 1243 bonos
670 1203 755 1242 illos
789 1204 949 1256 quidem
979 1205 1093 1249 viros,
1129 1203 1191 1241 sed
1210 1212 1311 1241 certe
1341 1216 1419 1241 non
1444 1202 1692 1255 pereruditos.

299 1270 405 1322 Ergo
424 1270 482 1307 illi
502 1269 740 1322 intelligunt,
760 1269 856 1322 quid
875 1270 1067 1323 Epicurus
1087 1269 1203 1313 dicat,
1225 1282 1295 1321 ego
1315 1282 1392 1306 non
1412 1268 1589 1319 intelligo
1606 1268 1619 1303 ?

355 1338 413 1375 Ut
432 1336 523 1375 scias
544 1350 608 1374 me
625 1336 853 1388 intelligere,
884 1333 1056 1389 primum
1088 1335 1191 1373 idem
1221 1333 1293 1372 effe
1324 1334 1562 1386 voluptatem
1592 1333 1692 1377 dico,

300 1402 406 1454 quod
424 1401 490 1439 ille
509 1396 617 1442 ἦδὶνῆν.
648 1402 702 1438 Et
720 1400 879 1453 quidem
900 1401 994 1453 saepe
1014 1400 1220 1453 quaerimus
1240 1399 1403 1437 verbum
1423 1399 1608 1436 Latinum
1629 1412 1694 1451 par

300 1468 452 1511 Graeco,
483 1475 521 1504 et
536 1466 640 1518 quod
659 1466 764 1504 idem
794 1466 938 1510 valeat;
969 1464 1034 1503 hic
1064 1464 1163 1502 nihil
1183 1463 1273 1508 fuit,
1301 1463 1405 1516 quod
1424 1476 1692 1515 quaereremus.

300 1532 472 1571 Nullum
491 1531 653 1569 inveniri
671 1530 806 1583 potest,
830 1530 939 1583 quod
958 1530 1080 1582 magis
1101 1529 1204 1567 idem
1224 1528 1389 1566 declaret
1408 1528 1559 1572 Latine,
1590 1528 1695 1580 quod

301 1599 449 1642 Graece,
471 1610 588 1649 quam
619 1596 783 1634 declarat
811 1596 999 1648 voluptas.
1058 1595 1167 1633 Huic
1187 1594 1302 1632 verbo
1321 1606 1468 1638 omnes,
1504 1593 1574 1645 qui
1604 1593 1693 1631 ubi-

299 1676 375 1716 que
394 1662 494 1707 sunt‚
515 1661 584 1715 qui
603 1661 740 1699 Latine
760 1660 897 1706 sciunt,
919 1661 1010 1699 duas
1031 1674 1087 1699 res
1107 1660 1333 1713 subjiciunt,
1354 1659 1526 1697 laetitiam
1547 1659 1588 1696 in
1608 1658 1693 1696 ani-

298 1742 379 1774 mo,
406 1728 713 1767 commotionem
733 1727 884 1766 suavem
898 1726 1152 1780 jucunditatis
1179 1726 1218 1763 in
1237 1738 1407 1778 corpore.
1445 1724 1552 1763 Nam
1571 1733 1610 1762 et
1629 1723 1695 1762 ille

299 1795 398 1848 apud
428 1794 634 1839 Trabeam,
665 1793 917 1846 voluptatem,
948 1793 1068 1831 animi
1094 1791 1257 1830 nimiam
1277 1790 1442 1828 laetitiam
1461 1789 1570 1834 dicit,
1602 1803 1694 1827 ean-

298 1861 403 1906 dem,
425 1874 542 1913 quam
563 1859 627 1897 ille
649 1860 891 1904 Caecilianus,
922 1859 989 1911 qui
1009 1857 1164 1897 omnibus
1183 1856 1320 1895 laetitiis
1338 1856 1460 1894 laetum
1479 1855 1588 1908 eff’fi’
1607 1869 1693 1893 nar-

299 1937 368 1965 rat.
429 1926 500 1964 Sed
529 1924 604 1964 hoc
636 1925 799 1970 interest,
831 1924 936 1978 quod
969 1925 1144 1976 voluptas
1175 1923 1317 1960 dicitur
1345 1921 1461 1959 etiam
1492 1922 1531 1958 in
1562 1921 1692 1962 animo

300 1992 433 2031 vitiosa
452 2005 522 2036 res,
554 2001 597 2029 ut
617 1992 734 2030 Stoici
753 2000 904 2044 putant,
937 1991 1004 2043 qui
1024 2004 1108 2028 eam
1139 1989 1188 2026 fic
1208 1987 1398 2026 definiunt
1414 2005 1425 2031 ς
1460 1986 1694 2025 sublationem

297 2059 412 2097 animi
413 2059 493 2111 stne
512 2058 662 2102 ratione,
679 2057 856 2111 opinantis
861 2057 911 2111 fl>
923 2071 1049 2110 magno
1068 2056 1152 2095 bono
1156 2055 1250 2108 frui
1259 2071 1272 2093 .·
1294 2067 1370 2092 non
1387 2054 1527 2091 dicitur
1548 2053 1691 2097 laetitia‚

298 2138 368 2163 nec
387 2124 586 2178 gaudium,
607 2125 648 2162 in
668 2137 839 2177 corpore.

354 2192 399 2229 In
419 2205 464 2229 eo
483 2200 611 2229 autern
631 2190 819 2242 voluptas,
849 2189 1029 2228 omnium
1050 2187 1187 2226 Latine
1207 2185 1453 2239 loquentium
1473 2197 1591 2228 more,
1620 2197 1691 2235 po-

300 2257 418 2301 nitur,
440 2270 531 2294 cum
550 2256 760 2309 percipitur
779 2269 834 2301 ea,
866 2270 949 2308 quae
970 2254 1118 2292 sensum
1137 2253 1304 2305 aliquem
1325 2259 1488 2295 moveat,
1502 2249 1690 2302 jucundi-

300 2333 370 2361 tas.
403 2324 517 2361 Hanc
535 2335 688 2375 quoque
702 2322 1000 2374 jucunditatem,
1021 2321 1046 2358 si
1067 2321 1137 2365 vis,
1161 2318 1320 2357 transfer
1340 2319 1379 2355 in
1400 2317 1574 2355 animum
1593 2329 1601 2352 ε
1621 2314 1691 2365 ju-

298 2404 392 2428 vare
406 2389 512 2427 enim
527 2389 567 2426 in
584 2398 745 2442 utroque
757 2388 910 2433 dicitur,
928 2401 974 2426 ex
990 2401 1111 2440 eoque
1115 2385 1314 2439 jucundum
1322 2401 1334 2423 .·
1353 2383 1468 2422 modo
1487 2380 1690 2433 intelligas,

299 2455 398 2492 inter
417 2454 545 2498 illum,
567 2455 635 2506 qui
655 2454 770 2500 dicat,

437 2517 560 2558 Tanta
577 2521 709 2559 laetitia
727 2522 956 2575 auc‘t'ussttm,
979 2530 1019 2559 ut
1039 2518 1126 2559 mihi
1143 2533 1210 2558 non
1229 2517 1397 2569 cvnstcmi

299 2597 336 2627 et
352 2600 459 2631 eum,
482 2586 564 2639 qui,

384 2654 422 2692 T
441 2667 464 2692 o
484 2665 534 2692 M.
566 2653 620 2692 ΙΙ.
1353 2647 1390 2684 O
