<?xml version="1.0" encoding="UTF-8"?>
<!DOCTYPE html PUBLIC "-//W3C//DTD XHTML 1.0 Transitional//EN"
    "http://www.w3.org/TR/xhtml1/DTD/xhtml1-transitional.dtd">
<html xmlns="http://www.w3.org/1999/xhtml" xml:lang="en" lang="en">
 <head>
  <title>
</title>
<meta http-equiv="Content-Type" content="text/html;charset=utf-8" />
  <meta name='ocr-system' content='tesseract 3.04.00' />
  <meta name='ocr-capabilities' content='ocr_page ocr_carea ocr_par ocr_line ocrx_word'/>
</head>
<body>
  <div class='ocr_page' id='page_1' title='image "./operacumindicibu02ciceuoft_0225.png"; bbox 0 0 2330 2983; ppageno 0'>
   <div class='ocr_carea' id='block_1_1' title="bbox 653 244 1737 300">
    <p class='ocr_par' dir='ltr' id='par_1_1' title="bbox 653 244 1737 300">
     <span class='ocr_line' id='line_1_1' title="bbox 653 244 1737 300; baseline -0.001 -14"><span class='ocrx_word' id='word_1_1' title='bbox 653 246 928 287; x_wconf 84' lang='lat' dir='ltr'>LIBER</span> <span class='ocrx_word' id='word_1_2' title='bbox 986 244 1417 300; x_wconf 67' lang='lat' dir='ltr'>QUINTUS.</span> <span class='ocrx_word' id='word_1_3' title='bbox 1659 258 1737 299; x_wconf 86' lang='lat'>217</span> 
     </span>
    </p>
   </div>
   <div class='ocr_carea' id='block_1_2' title="bbox 317 347 1745 2510">
    <p class='ocr_par' dir='ltr' id='par_1_2' title="bbox 335 347 1732 457">
     <span class='ocr_line' id='line_1_2' title="bbox 336 347 1732 402; baseline -0.004 -10"><span class='ocrx_word' id='word_1_4' title='bbox 336 350 506 392; x_wconf 85' lang='lat' dir='ltr'>hostium</span> <span class='ocrx_word' id='word_1_5' title='bbox 525 357 591 389; x_wconf 91' lang='lat' dir='ltr'>aut</span> <span class='ocrx_word' id='word_1_6' title='bbox 611 357 874 402; x_wconf 88' lang='lat' dir='ltr'>tyrannorum,</span> <span class='ocrx_word' id='word_1_7' title='bbox 905 350 1022 388; x_wconf 89' lang='lat' dir='ltr'>multi</span> <span class='ocrx_word' id='word_1_8' title='bbox 1042 350 1082 388; x_wconf 87' lang='lat' dir='ltr'>in</span> <span class='ocrx_word' id='word_1_9' title='bbox 1101 349 1283 396; x_wconf 88' lang='lat' dir='ltr'>custodia,</span> <span class='ocrx_word' id='word_1_10' title='bbox 1314 348 1431 388; x_wconf 89' lang='lat' dir='ltr'>multi</span> <span class='ocrx_word' id='word_1_11' title='bbox 1450 347 1490 387; x_wconf 90' lang='lat' dir='ltr'>in</span> <span class='ocrx_word' id='word_1_12' title='bbox 1510 347 1641 394; x_wconf 85' lang='lat' dir='ltr'>exilio,</span> <span class='ocrx_word' id='word_1_13' title='bbox 1662 349 1732 388; x_wconf 87' lang='lat' dir='ltr'>do-</span> 
     </span>
     <span class='ocr_line' id='line_1_3' title="bbox 335 415 1197 457; baseline -0.005 0"><span class='ocrx_word' id='word_1_14' title='bbox 335 418 460 457; x_wconf 90' lang='lat' dir='ltr'>lorem</span> <span class='ocrx_word' id='word_1_15' title='bbox 479 416 591 455; x_wconf 90' lang='lat' dir='ltr'>suum</span> <span class='ocrx_word' id='word_1_16' title='bbox 611 415 791 454; x_wconf 56' lang='lat' dir='ltr'>doctrinae</span> <span class='ocrx_word' id='word_1_17' title='bbox 810 415 942 454; x_wconf 91' lang='lat' dir='ltr'>studiis</span> <span class='ocrx_word' id='word_1_18' title='bbox 963 416 1197 454; x_wconf 87' lang='lat' dir='ltr'>levaverunt.</span> 
     </span>
    </p>

    <p class='ocr_par' dir='ltr' id='par_1_3' title="bbox 317 480 1740 1457">
     <span class='ocr_line' id='line_1_4' title="bbox 397 480 1734 535; baseline -0.001 -14"><span class='ocrx_word' id='word_1_19' title='bbox 397 483 579 535; x_wconf 86' lang='lat' dir='ltr'>Princeps</span> <span class='ocrx_word' id='word_1_20' title='bbox 599 480 715 533; x_wconf 89' lang='lat' dir='ltr'>hujus</span> <span class='ocrx_word' id='word_1_21' title='bbox 735 481 900 520; x_wconf 91' lang='lat' dir='ltr'>civitatis</span> <span class='ocrx_word' id='word_1_22' title='bbox 919 480 1122 520; x_wconf 87' lang='lat' dir='ltr'><strong>Phalereus</strong></span> <span class='ocrx_word' id='word_1_23' title='bbox 1144 481 1382 526; x_wconf 85' lang='lat' dir='ltr'>Demetrius,</span> <span class='ocrx_word' id='word_1_24' title='bbox 1399 494 1490 519; x_wconf 90' lang='lat' dir='ltr'>cum</span> <span class='ocrx_word' id='word_1_25' title='bbox 1504 482 1623 533; x_wconf 89' lang='lat' dir='ltr'>patria</span> <span class='ocrx_word' id='word_1_26' title='bbox 1643 481 1734 534; x_wconf 83' lang='lat' dir='ltr'>pul-</span> 
     </span>
     <span class='ocr_line' id='line_1_5' title="bbox 336 545 1732 600; baseline -0.002 -14"><span class='ocrx_word' id='word_1_27' title='bbox 336 547 397 586; x_wconf 90' lang='lat' dir='ltr'>sus</span> <span class='ocrx_word' id='word_1_28' title='bbox 416 547 505 586; x_wconf 80' lang='lat' dir='ltr'>effet</span> <span class='ocrx_word' id='word_1_29' title='bbox 522 547 676 600; x_wconf 89' lang='lat' dir='ltr'>injuria,</span> <span class='ocrx_word' id='word_1_30' title='bbox 707 546 753 584; x_wconf 92' lang='lat' dir='ltr'>ad</span> <span class='ocrx_word' id='word_1_31' title='bbox 773 546 1030 585; x_wconf 87' lang='lat' dir='ltr'>Ptolemaeum</span> <span class='ocrx_word' id='word_1_32' title='bbox 1050 545 1086 584; x_wconf 92' lang='lat' dir='ltr'>se</span> <span class='ocrx_word' id='word_1_33' title='bbox 1105 559 1235 599; x_wconf 87' lang='lat' dir='ltr'>regem</span> <span class='ocrx_word' id='word_1_34' title='bbox 1257 546 1531 585; x_wconf 87' lang='lat' dir='ltr'>Alexandriam</span> <span class='ocrx_word' id='word_1_35' title='bbox 1551 547 1732 584; x_wconf 87' lang='lat' dir='ltr'>contulit.</span> 
     </span>
     <span class='ocr_line' id='line_1_6' title="bbox 337 611 1733 666; baseline -0.001 -14"><span class='ocrx_word' id='word_1_36' title='bbox 337 614 419 666; x_wconf 83' lang='lat' dir='ltr'>Qi</span> <span class='ocrx_word' id='word_1_37' title='bbox 438 627 530 653; x_wconf 91' lang='lat' dir='ltr'>cum</span> <span class='ocrx_word' id='word_1_38' title='bbox 563 613 604 651; x_wconf 89' lang='lat' dir='ltr'>in</span> <span class='ocrx_word' id='word_1_39' title='bbox 624 611 697 651; x_wconf 91' lang='lat' dir='ltr'>hac</span> <span class='ocrx_word' id='word_1_40' title='bbox 731 612 810 666; x_wconf 89' lang='lat' dir='ltr'>ipsa</span> <span class='ocrx_word' id='word_1_41' title='bbox 829 611 1084 666; x_wconf 87' lang='lat' dir='ltr'>philosophia,</span> <span class='ocrx_word' id='word_1_42' title='bbox 1117 613 1164 651; x_wconf 92' lang='lat' dir='ltr'>ad</span> <span class='ocrx_word' id='word_1_43' title='bbox 1196 626 1316 665; x_wconf 90' lang='lat' dir='ltr'>quam</span> <span class='ocrx_word' id='word_1_44' title='bbox 1341 622 1379 651; x_wconf 90' lang='lat' dir='ltr'>te</span> <span class='ocrx_word' id='word_1_45' title='bbox 1411 611 1625 656; x_wconf 84' lang='lat' dir='ltr'>hortamur,</span> <span class='ocrx_word' id='word_1_46' title='bbox 1665 626 1733 650; x_wconf 78' lang='lat' dir='ltr'>ex-</span> 
     </span>
     <span class='ocr_line' id='line_1_7' title="bbox 335 676 1736 732; baseline -0.003 -14"><span class='ocrx_word' id='word_1_47' title='bbox 335 679 505 724; x_wconf 89' lang='lat' dir='ltr'>celleret,</span> <span class='ocrx_word' id='word_1_48' title='bbox 540 676 874 731; x_wconf 85' lang='lat' dir='ltr'>Theophrastique</span> <span class='ocrx_word' id='word_1_49' title='bbox 906 677 996 716; x_wconf 81' lang='lat' dir='ltr'>effet</span> <span class='ocrx_word' id='word_1_50' title='bbox 1029 678 1193 723; x_wconf 87' lang='lat' dir='ltr'>auditor,</span> <span class='ocrx_word' id='word_1_51' title='bbox 1229 678 1352 717; x_wconf 83' lang='lat' dir='ltr'>multa</span> <span class='ocrx_word' id='word_1_52' title='bbox 1382 677 1558 732; x_wconf 82' lang='lat' dir='ltr'>praeclara</span> <span class='ocrx_word' id='word_1_53' title='bbox 1591 677 1631 714; x_wconf 90' lang='lat' dir='ltr'>in</span> <span class='ocrx_word' id='word_1_54' title='bbox 1667 676 1736 714; x_wconf 92' lang='lat' dir='ltr'>illo</span> 
     </span>
     <span class='ocr_line' id='line_1_8' title="bbox 336 743 1736 797; baseline -0.002 -14"><span class='ocrx_word' id='word_1_55' title='bbox 336 745 557 784; x_wconf 89' lang='lat' dir='ltr'>calamitoso</span> <span class='ocrx_word' id='word_1_56' title='bbox 585 744 667 783; x_wconf 91' lang='lat' dir='ltr'>otio</span> <span class='ocrx_word' id='word_1_57' title='bbox 701 743 859 797; x_wconf 78' lang='lat' dir='ltr'>scripsit,</span> <span class='ocrx_word' id='word_1_58' title='bbox 894 757 971 782; x_wconf 93' lang='lat' dir='ltr'>non</span> <span class='ocrx_word' id='word_1_59' title='bbox 991 744 1037 782; x_wconf 88' lang='lat' dir='ltr'>ad</span> <span class='ocrx_word' id='word_1_60' title='bbox 1063 745 1174 783; x_wconf 88' lang='lat' dir='ltr'>usum</span> <span class='ocrx_word' id='word_1_61' title='bbox 1195 744 1366 796; x_wconf 89' lang='lat' dir='ltr'>aliquem</span> <span class='ocrx_word' id='word_1_62' title='bbox 1397 743 1524 789; x_wconf 91' lang='lat' dir='ltr'>suum,</span> <span class='ocrx_word' id='word_1_63' title='bbox 1557 756 1635 795; x_wconf 91' lang='lat' dir='ltr'>quo</span> <span class='ocrx_word' id='word_1_64' title='bbox 1658 752 1736 781; x_wconf 85' lang='lat' dir='ltr'>erat</span> 
     </span>
     <span class='ocr_line' id='line_1_9' title="bbox 336 809 1735 862; baseline -0.002 -13"><span class='ocrx_word' id='word_1_65' title='bbox 336 810 517 856; x_wconf 69' lang='lat' dir='ltr'>orbatus,</span> <span class='ocrx_word' id='word_1_66' title='bbox 549 810 611 848; x_wconf 90' lang='lat' dir='ltr'>sed</span> <span class='ocrx_word' id='word_1_67' title='bbox 630 809 751 848; x_wconf 90' lang='lat' dir='ltr'>animi</span> <span class='ocrx_word' id='word_1_68' title='bbox 769 809 897 848; x_wconf 87' lang='lat' dir='ltr'>cultus</span> <span class='ocrx_word' id='word_1_69' title='bbox 928 809 994 847; x_wconf 89' lang='lat' dir='ltr'>ille</span> <span class='ocrx_word' id='word_1_70' title='bbox 1023 819 1102 848; x_wconf 90' lang='lat' dir='ltr'>erat</span> <span class='ocrx_word' id='word_1_71' title='bbox 1120 810 1156 848; x_wconf 91' lang='lat' dir='ltr'>ei</span> <span class='ocrx_word' id='word_1_72' title='bbox 1182 810 1285 862; x_wconf 77' lang='lat' dir='ltr'>quasi</span> <span class='ocrx_word' id='word_1_73' title='bbox 1305 810 1465 862; x_wconf 89' lang='lat' dir='ltr'>quidam</span> <span class='ocrx_word' id='word_1_74' title='bbox 1484 809 1735 847; x_wconf 85' lang='lat' dir='ltr'>humanitatis</span> 
     </span>
     <span class='ocr_line' id='line_1_10' title="bbox 337 875 1735 930; baseline -0.004 -14"><span class='ocrx_word' id='word_1_75' title='bbox 337 877 462 916; x_wconf 92' lang='lat' dir='ltr'>cibus.</span> <span class='ocrx_word' id='word_1_76' title='bbox 495 876 690 930; x_wconf 88' lang='lat' dir='ltr'>Equidem</span> <span class='ocrx_word' id='word_1_77' title='bbox 710 889 731 914; x_wconf 90' lang='lat' dir='ltr'>e</span> <span class='ocrx_word' id='word_1_78' title='bbox 751 877 827 914; x_wconf 91' lang='lat' dir='ltr'>Cn.</span> <span class='ocrx_word' id='word_1_79' title='bbox 849 875 1022 921; x_wconf 89' lang='lat' dir='ltr'>Aufidio,</span> <span class='ocrx_word' id='word_1_80' title='bbox 1050 878 1241 930; x_wconf 84' lang='lat' dir='ltr'>praetorio,</span> <span class='ocrx_word' id='word_1_81' title='bbox 1276 876 1427 915; x_wconf 91' lang='lat' dir='ltr'>erudito</span> <span class='ocrx_word' id='word_1_82' title='bbox 1444 875 1619 919; x_wconf 88' lang='lat' dir='ltr'>homine,</span> <span class='ocrx_word' id='word_1_83' title='bbox 1640 888 1735 914; x_wconf 88' lang='lat' dir='ltr'>ocu-</span> 
     </span>
     <span class='ocr_line' id='line_1_11' title="bbox 338 941 1736 996; baseline -0.001 -15"><span class='ocrx_word' id='word_1_84' title='bbox 338 943 386 982; x_wconf 86' lang='lat' dir='ltr'>lis</span> <span class='ocrx_word' id='word_1_85' title='bbox 415 952 542 996; x_wconf 90' lang='lat' dir='ltr'>capto,</span> <span class='ocrx_word' id='word_1_86' title='bbox 575 942 670 995; x_wconf 89' lang='lat' dir='ltr'>saepe</span> <span class='ocrx_word' id='word_1_87' title='bbox 699 942 916 987; x_wconf 87' lang='lat' dir='ltr'>audiebam,</span> <span class='ocrx_word' id='word_1_88' title='bbox 947 955 1040 980; x_wconf 90' lang='lat' dir='ltr'>cum</span> <span class='ocrx_word' id='word_1_89' title='bbox 1069 942 1106 980; x_wconf 90' lang='lat' dir='ltr'>se</span> <span class='ocrx_word' id='word_1_90' title='bbox 1136 943 1233 981; x_wconf 91' lang='lat' dir='ltr'>lucis</span> <span class='ocrx_word' id='word_1_91' title='bbox 1267 942 1389 994; x_wconf 89' lang='lat' dir='ltr'>magis</span> <span class='ocrx_word' id='word_1_92' title='bbox 1421 955 1539 994; x_wconf 90' lang='lat' dir='ltr'>quam</span> <span class='ocrx_word' id='word_1_93' title='bbox 1559 941 1736 980; x_wconf 84' lang='lat' dir='ltr'>utilitatis</span> 
     </span>
     <span class='ocr_line' id='line_1_12' title="bbox 337 1007 1735 1060; baseline -0.001 -13"><span class='ocrx_word' id='word_1_94' title='bbox 337 1008 520 1047; x_wconf 91' lang='lat' dir='ltr'>defiderio</span> <span class='ocrx_word' id='word_1_95' title='bbox 550 1007 697 1046; x_wconf 88' lang='lat' dir='ltr'>moveri</span> <span class='ocrx_word' id='word_1_96' title='bbox 727 1007 884 1046; x_wconf 88' lang='lat' dir='ltr'>diceret.</span> <span class='ocrx_word' id='word_1_97' title='bbox 931 1008 1122 1046; x_wconf 91' lang='lat' dir='ltr'>Somnum</span> <span class='ocrx_word' id='word_1_98' title='bbox 1140 1008 1306 1060; x_wconf 90' lang='lat' dir='ltr'>denique</span> <span class='ocrx_word' id='word_1_99' title='bbox 1337 1007 1463 1051; x_wconf 89' lang='lat' dir='ltr'>nobis,</span> <span class='ocrx_word' id='word_1_100' title='bbox 1495 1007 1564 1045; x_wconf 85' lang='lat' dir='ltr'>nifi</span> <span class='ocrx_word' id='word_1_101' title='bbox 1584 1007 1735 1059; x_wconf 90' lang='lat' dir='ltr'>requie-</span> 
     </span>
     <span class='ocr_line' id='line_1_13' title="bbox 337 1073 1738 1127; baseline -0.001 -15"><span class='ocrx_word' id='word_1_102' title='bbox 337 1083 419 1112; x_wconf 88' lang='lat' dir='ltr'>tem</span> <span class='ocrx_word' id='word_1_103' title='bbox 439 1073 664 1127; x_wconf 89' lang='lat' dir='ltr'>corporibus</span> <span class='ocrx_word' id='word_1_104' title='bbox 698 1081 736 1111; x_wconf 91' lang='lat' dir='ltr'>et</span> <span class='ocrx_word' id='word_1_105' title='bbox 766 1073 1002 1112; x_wconf 89' lang='lat' dir='ltr'>medicinam</span> <span class='ocrx_word' id='word_1_106' title='bbox 1023 1074 1217 1126; x_wconf 91' lang='lat' dir='ltr'>quandam</span> <span class='ocrx_word' id='word_1_107' title='bbox 1236 1074 1375 1112; x_wconf 88' lang='lat' dir='ltr'>laboris</span> <span class='ocrx_word' id='word_1_108' title='bbox 1406 1073 1568 1118; x_wconf 86' lang='lat' dir='ltr'>afferret,</span> <span class='ocrx_word' id='word_1_109' title='bbox 1605 1082 1738 1111; x_wconf 89' lang='lat' dir='ltr'>contra</span> 
     </span>
     <span class='ocr_line' id='line_1_14' title="bbox 336 1139 1737 1194; baseline -0.001 -16"><span class='ocrx_word' id='word_1_110' title='bbox 336 1149 515 1179; x_wconf 85' lang='lat' dir='ltr'>naturam</span> <span class='ocrx_word' id='word_1_111' title='bbox 533 1149 756 1194; x_wconf 86' lang='lat' dir='ltr'>putaremus</span> <span class='ocrx_word' id='word_1_112' title='bbox 775 1139 932 1184; x_wconf 88' lang='lat' dir='ltr'>datum;</span> <span class='ocrx_word' id='word_1_113' title='bbox 955 1139 1078 1178; x_wconf 88' lang='lat' dir='ltr'>aufert</span> <span class='ocrx_word' id='word_1_114' title='bbox 1097 1141 1202 1178; x_wconf 91' lang='lat' dir='ltr'>enim</span> <span class='ocrx_word' id='word_1_115' title='bbox 1215 1139 1354 1185; x_wconf 89' lang='lat' dir='ltr'>sensus,</span> <span class='ocrx_word' id='word_1_116' title='bbox 1373 1140 1640 1192; x_wconf 62' lang='lat' dir='ltr'>actionemque</span> <span class='ocrx_word' id='word_1_117' title='bbox 1661 1139 1737 1177; x_wconf 89' lang='lat' dir='ltr'>tol-</span> 
     </span>
     <span class='ocr_line' id='line_1_15' title="bbox 317 1205 1740 1259; baseline -0.001 -14"><span class='ocrx_word' id='word_1_118' title='bbox 317 1205 386 1245; x_wconf 80' lang='lat' dir='ltr'>&#39;lit</span> <span class='ocrx_word' id='word_1_119' title='bbox 404 1220 580 1246; x_wconf 89' lang='lat' dir='ltr'>omnem.</span> <span class='ocrx_word' id='word_1_120' title='bbox 624 1207 774 1259; x_wconf 89' lang='lat' dir='ltr'>Itaque,</span> <span class='ocrx_word' id='word_1_121' title='bbox 809 1206 836 1244; x_wconf 88' lang='lat' dir='ltr'>fi</span> <span class='ocrx_word' id='word_1_122' title='bbox 868 1215 933 1244; x_wconf 89' lang='lat' dir='ltr'>aut</span> <span class='ocrx_word' id='word_1_123' title='bbox 951 1207 1166 1259; x_wconf 89' lang='lat' dir='ltr'>requietem</span> <span class='ocrx_word' id='word_1_124' title='bbox 1193 1215 1325 1244; x_wconf 89' lang='lat' dir='ltr'>natura</span> <span class='ocrx_word' id='word_1_125' title='bbox 1344 1220 1422 1245; x_wconf 90' lang='lat' dir='ltr'>non</span> <span class='ocrx_word' id='word_1_126' title='bbox 1442 1215 1638 1258; x_wconf 68' lang='lat' dir='ltr'>quaereret,</span> <span class='ocrx_word' id='word_1_127' title='bbox 1674 1214 1740 1243; x_wconf 88' lang='lat' dir='ltr'>aut</span> 
     </span>
     <span class='ocr_line' id='line_1_16' title="bbox 337 1271 1739 1327; baseline -0.002 -15"><span class='ocrx_word' id='word_1_128' title='bbox 337 1286 424 1312; x_wconf 91' lang='lat' dir='ltr'>eam</span> <span class='ocrx_word' id='word_1_129' title='bbox 444 1273 562 1327; x_wconf 83' lang='lat' dir='ltr'>posset</span> <span class='ocrx_word' id='word_1_130' title='bbox 580 1272 652 1311; x_wconf 86' lang='lat' dir='ltr'>alia</span> <span class='ocrx_word' id='word_1_131' title='bbox 671 1272 837 1325; x_wconf 89' lang='lat' dir='ltr'>quadam</span> <span class='ocrx_word' id='word_1_132' title='bbox 868 1273 1014 1311; x_wconf 89' lang='lat' dir='ltr'>ratione</span> <span class='ocrx_word' id='word_1_133' title='bbox 1033 1272 1228 1325; x_wconf 90' lang='lat' dir='ltr'>consequi,</span> <span class='ocrx_word' id='word_1_134' title='bbox 1260 1271 1373 1310; x_wconf 90' lang='lat' dir='ltr'>facile</span> <span class='ocrx_word' id='word_1_135' title='bbox 1391 1280 1609 1325; x_wconf 91' lang='lat' dir='ltr'>pateremur</span> <span class='ocrx_word' id='word_1_136' title='bbox 1624 1289 1635 1316; x_wconf 72' lang='grc' dir='ltr'><strong><em>ς</em></strong></span> <span class='ocrx_word' id='word_1_137' title='bbox 1670 1271 1739 1324; x_wconf 92' lang='lat' dir='ltr'>qui</span> 
     </span>
     <span class='ocr_line' id='line_1_17' title="bbox 337 1337 1739 1391; baseline -0.001 -14"><span class='ocrx_word' id='word_1_138' title='bbox 337 1339 456 1377; x_wconf 88' lang='lat' dir='ltr'>etiam</span> <span class='ocrx_word' id='word_1_139' title='bbox 476 1351 581 1376; x_wconf 91' lang='lat' dir='ltr'>nunc</span> <span class='ocrx_word' id='word_1_140' title='bbox 601 1338 739 1391; x_wconf 89' lang='lat' dir='ltr'>agendi</span> <span class='ocrx_word' id='word_1_141' title='bbox 757 1337 919 1390; x_wconf 89' lang='lat' dir='ltr'>aliquid,</span> <span class='ocrx_word' id='word_1_142' title='bbox 933 1337 1178 1390; x_wconf 88' lang='lat' dir='ltr'>discendique</span> <span class='ocrx_word' id='word_1_143' title='bbox 1198 1337 1319 1383; x_wconf 87' lang='lat' dir='ltr'>causa,</span> <span class='ocrx_word' id='word_1_144' title='bbox 1336 1350 1456 1391; x_wconf 89' lang='lat' dir='ltr'>prope</span> <span class='ocrx_word' id='word_1_145' title='bbox 1475 1345 1607 1375; x_wconf 90' lang='lat' dir='ltr'>contra</span> <span class='ocrx_word' id='word_1_146' title='bbox 1625 1345 1739 1374; x_wconf 86' lang='lat' dir='ltr'>natu·</span> 
     </span>
     <span class='ocr_line' id='line_1_18' title="bbox 340 1403 1015 1457; baseline -0.003 -13"><span class='ocrx_word' id='word_1_147' title='bbox 340 1418 423 1444; x_wconf 90' lang='lat' dir='ltr'>ram</span> <span class='ocrx_word' id='word_1_148' title='bbox 442 1404 590 1457; x_wconf 88' lang='lat' dir='ltr'>vigilias</span> <span class='ocrx_word' id='word_1_149' title='bbox 611 1403 795 1456; x_wconf 89' lang='lat' dir='ltr'>suscipere</span> <span class='ocrx_word' id='word_1_150' title='bbox 815 1403 1015 1442; x_wconf 88' lang='lat' dir='ltr'>soleamus.</span> 
     </span>
    </p>

    <p class='ocr_par' dir='ltr' id='par_1_4' title="bbox 338 1468 1743 2379">
     <span class='ocr_line' id='line_1_19' title="bbox 394 1468 1741 1523; baseline -0.002 -14"><span class='ocrx_word' id='word_1_151' title='bbox 394 1471 487 1509; x_wconf 92' lang='lat' dir='ltr'>XX.</span> <span class='ocrx_word' id='word_1_152' title='bbox 524 1471 620 1508; x_wconf 90' lang='lat' dir='ltr'>Sunt</span> <span class='ocrx_word' id='word_1_153' title='bbox 639 1478 768 1508; x_wconf 89' lang='lat' dir='ltr'>autem</span> <span class='ocrx_word' id='word_1_154' title='bbox 788 1469 960 1514; x_wconf 90' lang='lat' dir='ltr'>clariora,</span> <span class='ocrx_word' id='word_1_155' title='bbox 981 1469 1040 1507; x_wconf 91' lang='lat' dir='ltr'>vel</span> <span class='ocrx_word' id='word_1_156' title='bbox 1061 1469 1173 1522; x_wconf 90' lang='lat' dir='ltr'>plane</span> <span class='ocrx_word' id='word_1_157' title='bbox 1191 1469 1401 1523; x_wconf 89' lang='lat' dir='ltr'>perspicua,</span> <span class='ocrx_word' id='word_1_158' title='bbox 1434 1481 1504 1507; x_wconf 92' lang='lat' dir='ltr'>nec</span> <span class='ocrx_word' id='word_1_159' title='bbox 1530 1468 1741 1507; x_wconf 89' lang='lat' dir='ltr'>dubitanda</span> 
     </span>
     <span class='ocr_line' id='line_1_20' title="bbox 338 1534 1740 1580; baseline -0.002 -5"><span class='ocrx_word' id='word_1_160' title='bbox 338 1535 483 1575; x_wconf 89' lang='lat' dir='ltr'>indicia</span> <span class='ocrx_word' id='word_1_161' title='bbox 502 1545 657 1580; x_wconf 86' lang='lat' dir='ltr'>naturae,</span> <span class='ocrx_word' id='word_1_162' title='bbox 684 1535 854 1573; x_wconf 85' lang='lat' dir='ltr'>maxime</span> <span class='ocrx_word' id='word_1_163' title='bbox 875 1535 1020 1573; x_wconf 91' lang='lat' dir='ltr'>scilicet</span> <span class='ocrx_word' id='word_1_164' title='bbox 1039 1535 1079 1573; x_wconf 92' lang='lat' dir='ltr'>in</span> <span class='ocrx_word' id='word_1_165' title='bbox 1098 1534 1271 1580; x_wconf 92' lang='lat' dir='ltr'>homine,</span> <span class='ocrx_word' id='word_1_166' title='bbox 1298 1534 1360 1573; x_wconf 91' lang='lat' dir='ltr'>sed</span> <span class='ocrx_word' id='word_1_167' title='bbox 1379 1535 1419 1573; x_wconf 92' lang='lat' dir='ltr'>in</span> <span class='ocrx_word' id='word_1_168' title='bbox 1439 1535 1549 1574; x_wconf 91' lang='lat' dir='ltr'>omni</span> <span class='ocrx_word' id='word_1_169' title='bbox 1568 1534 1740 1579; x_wconf 91' lang='lat' dir='ltr'>animali,</span> 
     </span>
     <span class='ocr_line' id='line_1_21' title="bbox 339 1600 1743 1655; baseline -0.001 -15"><span class='ocrx_word' id='word_1_170' title='bbox 339 1611 384 1641; x_wconf 89' lang='lat' dir='ltr'>ut</span> <span class='ocrx_word' id='word_1_171' title='bbox 402 1610 554 1655; x_wconf 92' lang='lat' dir='ltr'>appetat</span> <span class='ocrx_word' id='word_1_172' title='bbox 572 1601 722 1639; x_wconf 79' lang='lat' dir='ltr'>animus</span> <span class='ocrx_word' id='word_1_173' title='bbox 746 1600 893 1653; x_wconf 90' lang='lat' dir='ltr'>aliquid</span> <span class='ocrx_word' id='word_1_174' title='bbox 926 1614 1035 1654; x_wconf 86' lang='lat' dir='ltr'>agere</span> <span class='ocrx_word' id='word_1_175' title='bbox 1066 1600 1224 1654; x_wconf 86' lang='lat' dir='ltr'>semper,</span> <span class='ocrx_word' id='word_1_176' title='bbox 1260 1614 1384 1653; x_wconf 90' lang='lat' dir='ltr'>neque</span> <span class='ocrx_word' id='word_1_177' title='bbox 1414 1601 1492 1639; x_wconf 93' lang='lat' dir='ltr'>ulla</span> <span class='ocrx_word' id='word_1_178' title='bbox 1522 1600 1743 1639; x_wconf 88' lang='lat' dir='ltr'>conditione</span> 
     </span>
     <span class='ocr_line' id='line_1_22' title="bbox 338 1666 1740 1721; baseline -0.001 -15"><span class='ocrx_word' id='word_1_179' title='bbox 338 1667 514 1721; x_wconf 88' lang='lat' dir='ltr'>quietem</span> <span class='ocrx_word' id='word_1_180' title='bbox 531 1667 803 1720; x_wconf 89' lang='lat' dir='ltr'>sempiternam</span> <span class='ocrx_word' id='word_1_181' title='bbox 822 1667 935 1720; x_wconf 76' lang='lat' dir='ltr'>possit</span> <span class='ocrx_word' id='word_1_182' title='bbox 954 1667 1048 1720; x_wconf 88' lang='lat' dir='ltr'>pati.</span> <span class='ocrx_word' id='word_1_183' title='bbox 1080 1667 1210 1706; x_wconf 89' lang='lat' dir='ltr'>Facile</span> <span class='ocrx_word' id='word_1_184' title='bbox 1229 1666 1282 1705; x_wconf 92' lang='lat' dir='ltr'>est</span> <span class='ocrx_word' id='word_1_185' title='bbox 1299 1666 1383 1706; x_wconf 87' lang='lat' dir='ltr'>haec</span> <span class='ocrx_word' id='word_1_186' title='bbox 1405 1680 1557 1706; x_wconf 88' lang='lat' dir='ltr'>cernere</span> <span class='ocrx_word' id='word_1_187' title='bbox 1587 1667 1628 1704; x_wconf 89' lang='lat' dir='ltr'>in</span> <span class='ocrx_word' id='word_1_188' title='bbox 1658 1666 1740 1719; x_wconf 88' lang='lat' dir='ltr'>pri-</span> 
     </span>
     <span class='ocr_line' id='line_1_23' title="bbox 338 1732 1741 1786; baseline -0.002 -14"><span class='ocrx_word' id='word_1_189' title='bbox 338 1733 414 1772; x_wconf 91' lang='lat' dir='ltr'>mis</span> <span class='ocrx_word' id='word_1_190' title='bbox 434 1746 642 1786; x_wconf 89' lang='lat' dir='ltr'>puerorum</span> <span class='ocrx_word' id='word_1_191' title='bbox 662 1732 838 1771; x_wconf 87' lang='lat' dir='ltr'>aetatulis.</span> <span class='ocrx_word' id='word_1_192' title='bbox 889 1733 1126 1785; x_wconf 85' lang='lat' dir='ltr'>Qanquam</span> <span class='ocrx_word' id='word_1_193' title='bbox 1145 1733 1252 1771; x_wconf 89' lang='lat' dir='ltr'>enim</span> <span class='ocrx_word' id='word_1_194' title='bbox 1271 1745 1415 1777; x_wconf 91' lang='lat' dir='ltr'>vereor,</span> <span class='ocrx_word' id='word_1_195' title='bbox 1449 1745 1496 1770; x_wconf 93' lang='lat' dir='ltr'>ne</span> <span class='ocrx_word' id='word_1_196' title='bbox 1522 1732 1667 1770; x_wconf 83' lang='lat' dir='ltr'>nimius</span> <span class='ocrx_word' id='word_1_197' title='bbox 1698 1732 1741 1770; x_wconf 84' lang='lat' dir='ltr'>in</span> 
     </span>
     <span class='ocr_line' id='line_1_24' title="bbox 338 1796 1741 1852; baseline -0.002 -14"><span class='ocrx_word' id='word_1_198' title='bbox 338 1798 414 1838; x_wconf 92' lang='lat' dir='ltr'>hoc</span> <span class='ocrx_word' id='word_1_199' title='bbox 448 1812 585 1852; x_wconf 89' lang='lat' dir='ltr'>genere</span> <span class='ocrx_word' id='word_1_200' title='bbox 614 1799 767 1843; x_wconf 90' lang='lat' dir='ltr'>videar;</span> <span class='ocrx_word' id='word_1_201' title='bbox 801 1808 928 1837; x_wconf 90' lang='lat' dir='ltr'>tamen</span> <span class='ocrx_word' id='word_1_202' title='bbox 961 1811 1096 1838; x_wconf 90' lang='lat' dir='ltr'>omnes</span> <span class='ocrx_word' id='word_1_203' title='bbox 1129 1808 1271 1837; x_wconf 89' lang='lat' dir='ltr'>veteres</span> <span class='ocrx_word' id='word_1_204' title='bbox 1299 1796 1536 1851; x_wconf 90' lang='lat' dir='ltr'>philosophi,</span> <span class='ocrx_word' id='word_1_205' title='bbox 1568 1798 1741 1836; x_wconf 86' lang='lat' dir='ltr'>maxime</span> 
     </span>
     <span class='ocr_line' id='line_1_25' title="bbox 340 1863 1741 1917; baseline -0.001 -14"><span class='ocrx_word' id='word_1_206' title='bbox 340 1865 470 1910; x_wconf 80' lang='lat' dir='ltr'>nostri,</span> <span class='ocrx_word' id='word_1_207' title='bbox 502 1865 548 1903; x_wconf 91' lang='lat' dir='ltr'>ad</span> <span class='ocrx_word' id='word_1_208' title='bbox 579 1864 812 1902; x_wconf 89' lang='lat' dir='ltr'>incunabula</span> <span class='ocrx_word' id='word_1_209' title='bbox 844 1864 1044 1909; x_wconf 90' lang='lat' dir='ltr'>accedunt,</span> <span class='ocrx_word' id='word_1_210' title='bbox 1079 1864 1183 1917; x_wconf 89' lang='lat' dir='ltr'>quod</span> <span class='ocrx_word' id='word_1_211' title='bbox 1217 1865 1257 1902; x_wconf 91' lang='lat' dir='ltr'>in</span> <span class='ocrx_word' id='word_1_212' title='bbox 1291 1865 1454 1917; x_wconf 90' lang='lat' dir='ltr'>pueritia</span> <span class='ocrx_word' id='word_1_213' title='bbox 1486 1863 1672 1902; x_wconf 90' lang='lat' dir='ltr'>facillime</span> <span class='ocrx_word' id='word_1_214' title='bbox 1704 1863 1741 1901; x_wconf 92' lang='lat' dir='ltr'>se</span> 
     </span>
     <span class='ocr_line' id='line_1_26' title="bbox 340 1929 1740 1984; baseline -0.001 -16"><span class='ocrx_word' id='word_1_215' title='bbox 340 1931 572 1969; x_wconf 87' lang='lat' dir='ltr'>arbitrentur</span> <span class='ocrx_word' id='word_1_216' title='bbox 592 1940 734 1968; x_wconf 83' lang='lat' dir='ltr'>naturae</span> <span class='ocrx_word' id='word_1_217' title='bbox 753 1930 991 1983; x_wconf 85' lang='lat' dir='ltr'>voluptatem</span> <span class='ocrx_word' id='word_1_218' title='bbox 1012 1929 1112 1984; x_wconf 83' lang='lat' dir='ltr'>poffe</span> <span class='ocrx_word' id='word_1_219' title='bbox 1128 1930 1367 1983; x_wconf 90' lang='lat' dir='ltr'>cognoscere.</span> <span class='ocrx_word' id='word_1_220' title='bbox 1398 1929 1588 1967; x_wconf 87' lang='lat' dir='ltr'>Videmus</span> <span class='ocrx_word' id='word_1_221' title='bbox 1609 1929 1740 1982; x_wconf 85' lang='lat' dir='ltr'>igitur,</span> 
     </span>
     <span class='ocr_line' id='line_1_27' title="bbox 340 1994 1742 2049; baseline -0.002 -14"><span class='ocrx_word' id='word_1_222' title='bbox 340 2006 384 2035; x_wconf 89' lang='lat' dir='ltr'>ut</span> <span class='ocrx_word' id='word_1_223' title='bbox 417 1995 685 2049; x_wconf 87' lang='lat' dir='ltr'>conquiescere</span> <span class='ocrx_word' id='word_1_224' title='bbox 718 2009 766 2034; x_wconf 91' lang='lat' dir='ltr'>ne</span> <span class='ocrx_word' id='word_1_225' title='bbox 786 1995 948 2035; x_wconf 88' lang='lat' dir='ltr'>infantes</span> <span class='ocrx_word' id='word_1_226' title='bbox 970 1996 1130 2048; x_wconf 88' lang='lat' dir='ltr'>quidem</span> <span class='ocrx_word' id='word_1_227' title='bbox 1159 1995 1321 2049; x_wconf 88' lang='lat' dir='ltr'>poffint:</span> <span class='ocrx_word' id='word_1_228' title='bbox 1353 2009 1445 2034; x_wconf 91' lang='lat' dir='ltr'>cum</span> <span class='ocrx_word' id='word_1_229' title='bbox 1467 2009 1554 2033; x_wconf 87' lang='lat' dir='ltr'>vero</span> <span class='ocrx_word' id='word_1_230' title='bbox 1580 1994 1742 2048; x_wconf 90' lang='lat' dir='ltr'>paulum</span> 
     </span>
     <span class='ocr_line' id='line_1_28' title="bbox 341 2060 1741 2116; baseline -0.002 -15"><span class='ocrx_word' id='word_1_231' title='bbox 341 2061 597 2116; x_wconf 73' lang='lat' dir='ltr'>processerint,</span> <span class='ocrx_word' id='word_1_232' title='bbox 618 2061 830 2100; x_wconf 71' lang='lat' dir='ltr'>lusionibus</span> <span class='ocrx_word' id='word_1_233' title='bbox 850 2062 909 2100; x_wconf 93' lang='lat' dir='ltr'>vel</span> <span class='ocrx_word' id='word_1_234' title='bbox 927 2062 1120 2101; x_wconf 85' lang='lat' dir='ltr'>laboriofis</span> <span class='ocrx_word' id='word_1_235' title='bbox 1133 2061 1383 2107; x_wconf 63' lang='lat' dir='ltr'>deled&#39;mntur,</span> <span class='ocrx_word' id='word_1_236' title='bbox 1400 2071 1443 2099; x_wconf 91' lang='lat' dir='ltr'>ut</span> <span class='ocrx_word' id='word_1_237' title='bbox 1463 2074 1511 2099; x_wconf 87' lang='lat' dir='ltr'>ne</span> <span class='ocrx_word' id='word_1_238' title='bbox 1523 2060 1741 2099; x_wconf 90' lang='lat' dir='ltr'>verberibus</span> 
     </span>
     <span class='ocr_line' id='line_1_29' title="bbox 341 2126 1741 2181; baseline -0.002 -14"><span class='ocrx_word' id='word_1_239' title='bbox 341 2128 501 2181; x_wconf 89' lang='lat' dir='ltr'>quidem</span> <span class='ocrx_word' id='word_1_240' title='bbox 521 2128 698 2166; x_wconf 87' lang='lat' dir='ltr'>deterreri</span> <span class='ocrx_word' id='word_1_241' title='bbox 732 2128 893 2180; x_wconf 87' lang='lat' dir='ltr'>poffint;</span> <span class='ocrx_word' id='word_1_242' title='bbox 926 2141 1043 2181; x_wconf 90' lang='lat' dir='ltr'>eaque</span> <span class='ocrx_word' id='word_1_243' title='bbox 1062 2128 1252 2181; x_wconf 86' lang='lat' dir='ltr'>cupiditas</span> <span class='ocrx_word' id='word_1_244' title='bbox 1273 2127 1409 2180; x_wconf 88' lang='lat' dir='ltr'>agendi</span> <span class='ocrx_word' id='word_1_245' title='bbox 1429 2127 1575 2180; x_wconf 89' lang='lat' dir='ltr'>aliquid</span> <span class='ocrx_word' id='word_1_246' title='bbox 1596 2126 1741 2165; x_wconf 83' lang='lat' dir='ltr'>adoles-</span> 
     </span>
     <span class='ocr_line' id='line_1_30' title="bbox 341 2193 1741 2246; baseline -0.001 -14"><span class='ocrx_word' id='word_1_247' title='bbox 341 2195 397 2232; x_wconf 91' lang='lat' dir='ltr'>cit</span> <span class='ocrx_word' id='word_1_248' title='bbox 429 2207 505 2232; x_wconf 90' lang='lat' dir='ltr'>una</span> <span class='ocrx_word' id='word_1_249' title='bbox 533 2207 625 2231; x_wconf 90' lang='lat' dir='ltr'>cum</span> <span class='ocrx_word' id='word_1_250' title='bbox 659 2194 846 2232; x_wconf 88' lang='lat' dir='ltr'>aetatibus.</span> <span class='ocrx_word' id='word_1_251' title='bbox 880 2195 1029 2246; x_wconf 90' lang='lat' dir='ltr'>Itaque,</span> <span class='ocrx_word' id='word_1_252' title='bbox 1065 2208 1112 2232; x_wconf 89' lang='lat' dir='ltr'>ne</span> <span class='ocrx_word' id='word_1_253' title='bbox 1132 2194 1158 2232; x_wconf 88' lang='lat' dir='ltr'>fi</span> <span class='ocrx_word' id='word_1_254' title='bbox 1183 2193 1471 2246; x_wconf 82' lang='lat' dir='ltr'>jucundiffimis</span> <span class='ocrx_word' id='word_1_255' title='bbox 1493 2193 1651 2245; x_wconf 86' lang='lat' dir='ltr'>quidem</span> <span class='ocrx_word' id='word_1_256' title='bbox 1672 2205 1741 2230; x_wconf 87' lang='lat' dir='ltr'>nos</span> 
     </span>
     <span class='ocr_line' id='line_1_31' title="bbox 342 2259 1740 2312; baseline -0.001 -14"><span class='ocrx_word' id='word_1_257' title='bbox 342 2259 497 2298; x_wconf 73' lang='lat' dir='ltr'>somniis</span> <span class='ocrx_word' id='word_1_258' title='bbox 532 2259 662 2297; x_wconf 90' lang='lat' dir='ltr'>usuros</span> <span class='ocrx_word' id='word_1_259' title='bbox 696 2269 891 2312; x_wconf 93' lang='lat' dir='ltr'>putemus,</span> <span class='ocrx_word' id='word_1_260' title='bbox 929 2260 1187 2312; x_wconf 89' lang='lat' dir='ltr'>Endymionis</span> <span class='ocrx_word' id='word_1_261' title='bbox 1222 2259 1403 2298; x_wconf 84' lang='lat' dir='ltr'>somnum</span> <span class='ocrx_word' id='word_1_262' title='bbox 1435 2259 1544 2297; x_wconf 90' lang='lat' dir='ltr'>nobis</span> <span class='ocrx_word' id='word_1_263' title='bbox 1576 2259 1740 2296; x_wconf 84' lang='lat' dir='ltr'>velimus</span> 
     </span>
     <span class='ocr_line' id='line_1_32' title="bbox 343 2324 1346 2379; baseline 0.002 -17"><span class='ocrx_word' id='word_1_264' title='bbox 343 2325 422 2363; x_wconf 88' lang='lat' dir='ltr'>dari</span> <span class='ocrx_word' id='word_1_265' title='bbox 439 2343 450 2369; x_wconf 80' lang='lat'>3</span> <span class='ocrx_word' id='word_1_266' title='bbox 483 2324 613 2376; x_wconf 89' lang='lat' dir='ltr'>idque,</span> <span class='ocrx_word' id='word_1_267' title='bbox 636 2324 661 2362; x_wconf 85' lang='lat' dir='ltr'>fi</span> <span class='ocrx_word' id='word_1_268' title='bbox 680 2326 840 2371; x_wconf 85' lang='lat' dir='ltr'>accidat,</span> <span class='ocrx_word' id='word_1_269' title='bbox 863 2327 998 2365; x_wconf 89' lang='lat' dir='ltr'>mortis</span> <span class='ocrx_word' id='word_1_270' title='bbox 1019 2326 1133 2364; x_wconf 87' lang='lat' dir='ltr'>instar</span> <span class='ocrx_word' id='word_1_271' title='bbox 1152 2335 1346 2379; x_wconf 81' lang='lat' dir='ltr'>putemuS.</span> 
     </span>
    </p>

    <p class='ocr_par' dir='ltr' id='par_1_5' title="bbox 345 2391 1745 2510">
     <span class='ocr_line' id='line_1_33' title="bbox 399 2391 1743 2444; baseline 0 -16"><span class='ocrx_word' id='word_1_272' title='bbox 399 2391 509 2442; x_wconf 85' lang='lat' dir='ltr'>Qin</span> <span class='ocrx_word' id='word_1_273' title='bbox 541 2391 657 2429; x_wconf 82' lang='lat' dir='ltr'>etiam</span> <span class='ocrx_word' id='word_1_274' title='bbox 691 2392 936 2432; x_wconf 84' lang='lat' dir='ltr'>inertiffimos</span> <span class='ocrx_word' id='word_1_275' title='bbox 969 2392 1164 2438; x_wconf 87' lang='lat' dir='ltr'>homines,</span> <span class='ocrx_word' id='word_1_276' title='bbox 1194 2393 1320 2431; x_wconf 86' lang='lat' dir='ltr'>nescio</span> <span class='ocrx_word' id='word_1_277' title='bbox 1355 2404 1430 2444; x_wconf 86' lang='lat' dir='ltr'>qua</span> <span class='ocrx_word' id='word_1_278' title='bbox 1463 2391 1642 2444; x_wconf 78' lang='lat' dir='ltr'>singulari</span> <span class='ocrx_word' id='word_1_279' title='bbox 1674 2404 1743 2429; x_wconf 89' lang='lat' dir='ltr'>ne-</span> 
     </span>
     <span class='ocr_line' id='line_1_34' title="bbox 345 2457 1745 2510; baseline 0 -16"><span class='ocrx_word' id='word_1_280' title='bbox 345 2457 467 2510; x_wconf 87' lang='lat' dir='ltr'>quitia</span> <span class='ocrx_word' id='word_1_281' title='bbox 505 2457 698 2509; x_wconf 88' lang='lat' dir='ltr'>praeditos‚</span> <span class='ocrx_word' id='word_1_282' title='bbox 731 2458 906 2497; x_wconf 89' lang='lat' dir='ltr'>videmus</span> <span class='ocrx_word' id='word_1_283' title='bbox 935 2470 1062 2498; x_wconf 88' lang='lat' dir='ltr'>tamen</span> <span class='ocrx_word' id='word_1_284' title='bbox 1093 2469 1131 2497; x_wconf 91' lang='lat' dir='ltr'>et</span> <span class='ocrx_word' id='word_1_285' title='bbox 1164 2460 1294 2497; x_wconf 88' lang='lat' dir='ltr'>animo</span> <span class='ocrx_word' id='word_1_286' title='bbox 1335 2467 1373 2495; x_wconf 92' lang='lat' dir='ltr'>et</span> <span class='ocrx_word' id='word_1_287' title='bbox 1407 2470 1564 2510; x_wconf 87' lang='lat' dir='ltr'>corpore</span> <span class='ocrx_word' id='word_1_288' title='bbox 1598 2457 1745 2495; x_wconf 90' lang='lat' dir='ltr'>moveri</span> 
     </span>
    </p>
   </div>
   <div class='ocr_carea' id='block_1_3' title="bbox 346 2523 1745 2628">
    <p class='ocr_par' dir='ltr' id='par_1_6' title="bbox 346 2523 1745 2628">
     <span class='ocr_line' id='line_1_35' title="bbox 346 2523 1745 2578; baseline 0.001 -17"><span class='ocrx_word' id='word_1_289' title='bbox 346 2523 506 2576; x_wconf 88' lang='lat' dir='ltr'>semper,</span> <span class='ocrx_word' id='word_1_290' title='bbox 536 2532 586 2567; x_wconf 90' lang='lat' dir='ltr'>et,</span> <span class='ocrx_word' id='word_1_291' title='bbox 614 2537 707 2563; x_wconf 86' lang='lat' dir='ltr'>cum</span> <span class='ocrx_word' id='word_1_292' title='bbox 738 2538 776 2563; x_wconf 91' lang='lat' dir='ltr'>re</span> <span class='ocrx_word' id='word_1_293' title='bbox 806 2525 913 2564; x_wconf 86' lang='lat' dir='ltr'>nulla</span> <span class='ocrx_word' id='word_1_294' title='bbox 944 2525 1203 2578; x_wconf 87' lang='lat' dir='ltr'>impediantur</span> <span class='ocrx_word' id='word_1_295' title='bbox 1223 2523 1432 2568; x_wconf 83' lang='lat' dir='ltr'>necessaria,</span> <span class='ocrx_word' id='word_1_296' title='bbox 1463 2533 1528 2562; x_wconf 83' lang='lat' dir='ltr'>aut</span> <span class='ocrx_word' id='word_1_297' title='bbox 1553 2523 1745 2562; x_wconf 83' lang='lat' dir='ltr'>alveolum</span> 
     </span>
     <span class='ocr_line' id='line_1_36' title="bbox 428 2589 1445 2628; baseline -0.001 0"><span class='ocrx_word' id='word_1_298' title='bbox 428 2591 563 2628; x_wconf 63' lang='lat' dir='ltr'>Tou.</span> <span class='ocrx_word' id='word_1_299' title='bbox 596 2589 647 2628; x_wconf 85' lang='grc' dir='ltr'>ΙΙ.</span> <span class='ocrx_word' id='word_1_300' title='bbox 1371 2590 1403 2627; x_wconf 91' lang='grc' dir='ltr'>Ε</span> <span class='ocrx_word' id='word_1_301' title='bbox 1425 2602 1445 2628; x_wconf 88' lang='lat' dir='ltr'>e</span> 
     </span>
    </p>
   </div>
  </div>
 </body>
</html>
