2330 2983
559 241 638 282 314
871 220 1649 264 TUSCULANARUM

556 325 619 377 spe
639 323 869 376 cogitentur.
901 321 1112 373 Numquid
1141 320 1194 358 est
1212 319 1347 357 aliud?
1377 321 1525 358 rectene
1547 319 1777 372 interpretor
1802 319 1952 359 senten·

556 390 650 428 tiam
672 398 778 427 tuam
797 389 810 425 ?

613 455 743 493 Solent
762 453 868 492 enim
897 452 958 491 isti
977 465 1112 505 negate
1142 465 1212 490 nos
1230 452 1459 505 intelligere,
1489 451 1584 504 quid
1615 452 1716 490 dicat
1744 451 1952 504 Epicurus.

556 522 649 560 Hoc
680 520 790 565 dicit,
820 528 859 557 et
887 517 962 557 hoc
992 518 1058 556 ille
1086 518 1289 564 acriculus,
1330 531 1393 556 me
1427 518 1603 557 audiente
1634 517 1814 563 Athenis,
1846 514 1955 554 senex

558 587 683 631 Zeno,
727 585 886 624 istorum
921 584 1170 629 acutiffimus‚
1201 584 1429 623 contendere
1462 593 1500 622 et
1529 597 1667 637 magna
1707 596 1801 622 voce
1831 583 1956 620 dicere

559 652 702 690 solebat
718 670 729 697 ς
761 664 850 689 eum
881 649 950 688 effe
982 650 1153 694 beatum,
1187 650 1256 702 qui
1280 649 1526 702 praesentibus
1556 649 1820 702 voluptatibus
1850 647 1955 686 frue-

557 727 676 762 retur,
707 716 991 768 confideretque
1024 715 1060 753 se
1084 714 1297 753 fruiturum
1330 724 1395 753 aut
1423 715 1464 752 in
1498 715 1621 759 omni,
1651 724 1717 752 aut
1748 715 1790 752 in
1819 725 1958 765 magna

560 793 665 836 parte
684 783 784 825 vitae,
805 781 935 818 dolore
955 793 1032 818 non
1052 779 1354 823 interveniente3
1386 788 1451 816 aut
1474 778 1500 816 fi
1519 779 1780 822 interveniret,
1801 778 1827 816 fi
1850 777 1956 815 sum·

560 862 649 888 mus
668 847 781 891 foret,
801 845 978 884 futurum
999 845 1152 884 brevem
1169 863 1180 889 5
1212 844 1238 882 fi
1264 843 1498 897 productior,
1532 843 1619 896 plus
1639 841 1866 880 habitururn
1890 843 1958 894 ju-

560 913 679 951 cundi
699 924 816 965 quam
834 910 927 948 mali
945 925 953 948 :
986 908 1068 947 haec
1088 909 1324 962 cogitantem
1344 907 1426 946 fore
1447 908 1618 953 beatum,
1642 907 1849 961 praesertim
1869 907 1896 945 fi
1921 917 1959 944 et

560 987 648 1017 ante
668 976 856 1030 perceptis
877 975 987 1014 bonis
1008 983 1212 1014 contentus
1239 973 1340 1020 effet,
1371 987 1442 1013 nec
1463 983 1645 1019 mortem,
1673 986 1744 1011 nec
1765 973 1869 1011 Deos
1889 985 1959 1010 ex-

561 1043 788 1083 timesceret.

618 1109 773 1148 XVIII.
805 1107 938 1146 Habes
969 1106 1138 1145 formam
1174 1105 1336 1158 Epicuri
1364 1105 1451 1144 vitae
1481 1105 1613 1151 beatae,
1645 1104 1768 1143 verbis
1791 1103 1959 1142 Zenonis

560 1173 785 1228 expressam,
808 1171 906 1211 nihil
927 1182 970 1210 ut
990 1171 1101 1225 poffit
1120 1171 1263 1224 negari.
1295 1171 1404 1222 Qid
1423 1184 1513 1224 ergo
1531 1171 1543 1208 ?
1566 1170 1746 1222 Hujusne
1764 1169 1851 1208 vitae
1871 1183 1961 1222 pro-

564 1241 700 1294 positio
719 1248 758 1277 et
777 1238 960 1290 cogitatio
979 1247 1044 1275 aut
1063 1236 1274 1288 Thyestem
1308 1236 1430 1274 levare
1449 1237 1604 1289 poterit,
1631 1245 1696 1274 aut
1716 1236 1884 1280 AEetam,
1915 1235 1963 1273 de

561 1319 644 1358 quo
663 1304 779 1358 paulo
798 1312 884 1341 ante
904 1303 999 1347 dixi,
1021 1311 1086 1340 aut
1106 1301 1378 1345 Telamonem,
1399 1301 1555 1353 pulsum
1575 1302 1710 1354 patria,
1741 1302 1962 1340 exulantem

561 1380 679 1425 atque
697 1369 903 1423 egentem?
935 1369 981 1406 In
1001 1381 1079 1420 quo
1098 1367 1180 1406 haec
1200 1367 1401 1405 admiratio
1421 1366 1536 1405 fiebat
1551 1385 1563 1411 ς

704 1435 855 1475 Hiccine
873 1433 917 1487 cst
937 1430 1076 1473 ‘Telamo
1095 1433 1165 1478 ille,
1189 1431 1284 1471 modo
1304 1446 1402 1485 quem
1417 1432 1536 1484 gloria
1553 1431 1606 1471 ad
1619 1432 1743 1471 caelum
1761 1432 1920 1471 extulit?

703 1503 815 1552 Qem
832 1498 1060 1552 typeHabant
1075 1499 1094 1537 ,ἲ
1123 1498 1222 1550 czy'us
1240 1497 1281 1537 ob
1300 1512 1335 1536 os
1355 1498 1468 1536 Graii
1483 1513 1546 1537 ora
1565 1498 1801 1537 obvertebant
1805 1499 1881 1552 sua
1893 1497 1914 1536 ?

623 1567 742 1619 Qod
762 1566 788 1604 fi
809 1566 886 1610 cui,
921 1573 962 1602 ut
982 1565 1034 1602 ait
1054 1564 1172 1608 idem,
1190 1564 1307 1614 fimul
1317 1564 1456 1602 animus
1474 1578 1552 1602 cum
1571 1579 1612 1602 re
1631 1564 1806 1608 concidit5
1837 1578 1857 1602 a
1877 1577 1964 1616 gra-

568 1635 679 1673 vibus
709 1632 786 1670 illis
806 1630 973 1682 antiquis
995 1628 1234 1684 philosophis
1256 1629 1417 1681 petenda
1437 1629 1627 1668 medicina
1645 1629 1710 1674 est,
1739 1643 1817 1667 non
1837 1629 1884 1667 ab
1904 1628 1965 1668 his

569 1697 807 1751 voluptariis.
840 1698 970 1747 Qam
1002 1695 1107 1733 enim
1126 1694 1186 1733 isti
1220 1692 1412 1733 bonorum
1440 1695 1592 1747 copiam
1613 1695 1780 1733 dicunt?
1813 1696 1889 1733 Fac
1909 1695 1966 1732 sa-

569 1778 616 1804 ne
636 1762 706 1801 effe
727 1762 927 1800 summum
948 1760 1111 1803 bonum,
1146 1772 1223 1797 non
1251 1759 1404 1797 dolere:
1435 1772 1658 1812 quanquam
1693 1760 1732 1798 id
1754 1773 1832 1798 non
1853 1772 1967 1798 voca-

570 1840 631 1869 tur
661 1828 835 1880 voluptas
852 1844 864 1871 3
895 1825 956 1864 sed
987 1838 1064 1864 non
1086 1824 1228 1862 neccss‘e
1261 1824 1313 1862 est
1344 1837 1447 1862 nunc
1478 1826 1620 1862 omnia.
1662 1825 1754 1864 Idne
1783 1825 1850 1870 est,
1886 1839 1966 1877 quo

568 1894 732 1935 traducti
752 1893 902 1930 lustum
935 1891 1106 1930 levemus
1125 1891 1137 1927 ?
1171 1890 1227 1927 Sit
1249 1888 1332 1928 sane
1353 1889 1551 1928 summum
1572 1890 1720 1928 malum
1750 1890 1890 1928 dolere.
1924 1891 1969 1928 In

568 1975 618 2000 eo
638 1960 754 2012 igitur
774 1957 841 2011 qui
862 1970 938 1994 non
958 1955 1024 2000 est,
1057 1955 1082 1994 sl
1103 1955 1206 1993 malo
1225 1964 1360 2000 careat,
1392 1954 1627 1994 continuone
1646 1954 1787 1994 fruitur
1817 1955 1970 1994 summo

573 2027 676 2066 bono
694 2026 706 2062 ?

630 2089 738 2142 Qid
775 2086 1076 2140 tergiversamur,
1112 2086 1296 2139 Epicure,
1329 2099 1398 2124 nec
1428 2084 1594 2124 fatemur
1629 2098 1713 2124 eam
1745 2098 1812 2123 nos
1845 2085 1970 2124 dicere

574 2156 827 2208 voluptatem,
859 2166 974 2204 quam
1008 2161 1048 2189 tu
1080 2151 1197 2195 idem,
1227 2164 1319 2188 cum
1347 2163 1390 2188 os
1426 2148 1667 2203 perfricuisti,
1691 2149 1783 2187 soles
1814 2149 1969 2188 dicere?

577 2226 674 2263 Sunt
694 2220 772 2259 haec
795 2229 858 2258 tua
879 2219 1002 2262 verba,
1037 2217 1186 2256 necne?
1219 2217 1262 2255 In
1294 2231 1339 2255 eo
1372 2217 1530 2269 quidem
1563 2216 1675 2261 libro,
1699 2217 1766 2269 qui
1798 2217 1970 2255 continet

574 2301 733 2327 omnem
755 2285 996 2338 disciplinam
1020 2294 1138 2328 tuam,
1163 2282 1318 2335 (fungar
1337 2283 1440 2321 enim
1460 2283 1541 2334 jam
1565 2282 1777 2336 interpretis
1799 2297 1969 2327 munere,

578 2369 625 2394 ne
645 2353 731 2406 quis
753 2366 813 2390 me
835 2360 942 2403 putet
965 2349 1122 2402 lingere)
1145 2349 1240 2387 dicis
1262 2348 1356 2387 haec.
1400 2350 1478 2387 Ncc
1503 2348 1654 2401 equidem
1675 2349 1779 2387 habco
1808 2348 1901 2402 quod
1914 2349 1972 2386 in-

577 2420 733 2472 telligam
753 2419 876 2457 (1911an
896 2415 992 2459 illud,
1028 2415 1215 2453 &fralmus
1235 2430 1291 2453 cas
1320 2415 1535 2467 voluptates,
1567 2429 1645 2467 quw
1662 2417 1794 2469 sopore·
1813 2414 1972 2468 percipi·

575 2497 693 2526 transm·
706 2504 717 2530 5
749 2483 936 2523 detrahens
964 2495 1033 2527 cas,
1056 2496 1134 2535 quae
1153 2480 1278 2521 malim
1298 2490 1332 2520 ct
1352 2480 1514 2521 cautibus
1527 2498 1539 2526 i
1570 2480 1759 2521 detrahens
1777 2496 1835 2521 cas
1853 2480 1972 2524 ctiam,
