<?xml version="1.0" encoding="UTF-8"?>
<!DOCTYPE html PUBLIC "-//W3C//DTD XHTML 1.0 Transitional//EN"
    "http://www.w3.org/TR/xhtml1/DTD/xhtml1-transitional.dtd">
<html xmlns="http://www.w3.org/1999/xhtml" xml:lang="en" lang="en">
 <head>
  <title>
</title>
<meta http-equiv="Content-Type" content="text/html;charset=utf-8" />
  <meta name='ocr-system' content='tesseract 3.04.00' />
  <meta name='ocr-capabilities' content='ocr_page ocr_carea ocr_par ocr_line ocrx_word'/>
</head>
<body>
  <div class='ocr_page' id='page_1' title='image "./operacumindicibu02ciceuoft_0484.png"; bbox 0 0 2330 2983; ppageno 0'>
   <div class='ocr_carea' id='block_1_1' title="bbox 547 226 1684 285">
    <p class='ocr_par' dir='ltr' id='par_1_1' title="bbox 547 226 1684 285">
     <span class='ocr_line' id='line_1_1' title="bbox 547 226 1684 285; baseline -0.003 -15"><span class='ocrx_word' id='word_1_1' title='bbox 547 232 626 285; x_wconf 87' lang='lat'><strong>476</strong></span> <span class='ocrx_word' id='word_1_2' title='bbox 804 230 898 269; x_wconf 89' lang='lat' dir='ltr'><strong>DE</strong></span> <span class='ocrx_word' id='word_1_3' title='bbox 955 227 1283 267; x_wconf 85' lang='lat' dir='ltr'><strong>NATURA</strong></span> <span class='ocrx_word' id='word_1_4' title='bbox 1341 226 1684 267; x_wconf 91' lang='lat' dir='ltr'>DEORUM</span> 
     </span>
    </p>
   </div>
   <div class='ocr_carea' id='block_1_2' title="bbox 548 323 1972 2552">
    <p class='ocr_par' dir='ltr' id='par_1_2' title="bbox 548 323 1953 891">
     <span class='ocr_line' id='line_1_2' title="bbox 548 323 1944 378; baseline -0.002 -11"><span class='ocrx_word' id='word_1_5' title='bbox 548 329 720 367; x_wconf 85' lang='lat' dir='ltr'><strong>ubertate</strong></span> <span class='ocrx_word' id='word_1_6' title='bbox 742 327 965 365; x_wconf 86' lang='lat' dir='ltr'><strong>saturantur.</strong></span> <span class='ocrx_word' id='word_1_7' title='bbox 988 327 1121 378; x_wconf 89' lang='lat' dir='ltr'>Atque</span> <span class='ocrx_word' id='word_1_8' title='bbox 1141 333 1186 363; x_wconf 90' lang='lat' dir='ltr'><strong>ut</strong></span> <span class='ocrx_word' id='word_1_9' title='bbox 1203 324 1481 377; x_wconf 86' lang='lat' dir='ltr'>intelligamus,</span> <span class='ocrx_word' id='word_1_10' title='bbox 1498 323 1597 363; x_wconf 90' lang='lat' dir='ltr'><strong>nihil</strong></span> <span class='ocrx_word' id='word_1_11' title='bbox 1617 323 1759 363; x_wconf 87' lang='lat' dir='ltr'><strong>horum</strong></span> <span class='ocrx_word' id='word_1_12' title='bbox 1777 323 1848 363; x_wconf 83' lang='lat' dir='ltr'><strong>effe</strong></span> <span class='ocrx_word' id='word_1_13' title='bbox 1863 324 1944 364; x_wconf 89' lang='lat' dir='ltr'><strong>for·-</strong></span> 
     </span>
     <span class='ocr_line' id='line_1_3' title="bbox 548 390 1947 444; baseline -0.004 -11"><span class='ocrx_word' id='word_1_14' title='bbox 548 395 709 438; x_wconf 77' lang='lat' dir='ltr'><strong>mitum,</strong></span> <span class='ocrx_word' id='word_1_15' title='bbox 730 403 767 430; x_wconf 91' lang='lat' dir='ltr'><strong>et</strong></span> <span class='ocrx_word' id='word_1_16' title='bbox 786 391 868 430; x_wconf 87' lang='lat' dir='ltr'><strong>haec</strong></span> <span class='ocrx_word' id='word_1_17' title='bbox 888 391 1020 430; x_wconf 91' lang='lat' dir='ltr'><strong>omnia</strong></span> <span class='ocrx_word' id='word_1_18' title='bbox 1038 390 1109 429; x_wconf 84' lang='lat' dir='ltr'><strong>effe</strong></span> <span class='ocrx_word' id='word_1_19' title='bbox 1127 404 1239 444; x_wconf 91' lang='lat' dir='ltr'><strong>opera</strong></span> <span class='ocrx_word' id='word_1_20' title='bbox 1254 390 1420 444; x_wconf 83' lang='lat' dir='ltr'><strong>providae</strong></span> <span class='ocrx_word' id='word_1_21' title='bbox 1439 390 1658 443; x_wconf 88' lang='lat' dir='ltr'><strong>solertisque</strong></span> <span class='ocrx_word' id='word_1_22' title='bbox 1674 399 1840 435; x_wconf 78' lang='lat' dir='ltr'><strong>naturae5</strong></span> <span class='ocrx_word' id='word_1_23' title='bbox 1862 404 1947 442; x_wconf 88' lang='lat' dir='ltr'><strong>quae</strong></span> 
     </span>
     <span class='ocr_line' id='line_1_4' title="bbox 549 455 1948 512; baseline -0.002 -15"><span class='ocrx_word' id='word_1_24' title='bbox 549 458 787 512; x_wconf 85' lang='lat' dir='ltr'><strong>multiplices</strong></span> <span class='ocrx_word' id='word_1_25' title='bbox 808 456 928 495; x_wconf 89' lang='lat' dir='ltr'><strong>foetus</strong></span> <span class='ocrx_word' id='word_1_26' title='bbox 946 465 1161 510; x_wconf 89' lang='lat' dir='ltr'><strong>procreant,</strong></span> <span class='ocrx_word' id='word_1_27' title='bbox 1194 465 1237 494; x_wconf 92' lang='lat' dir='ltr'><strong>ut</strong></span> <span class='ocrx_word' id='word_1_28' title='bbox 1257 456 1351 501; x_wconf 90' lang='lat' dir='ltr'><strong>sues,</strong></span> <span class='ocrx_word' id='word_1_29' title='bbox 1374 466 1417 495; x_wconf 92' lang='lat' dir='ltr'><strong>ut</strong></span> <span class='ocrx_word' id='word_1_30' title='bbox 1437 470 1562 502; x_wconf 88' lang='lat' dir='ltr'><strong>canes,</strong></span> <span class='ocrx_word' id='word_1_31' title='bbox 1593 455 1654 495; x_wconf 91' lang='lat' dir='ltr'><strong>his</strong></span> <span class='ocrx_word' id='word_1_32' title='bbox 1686 468 1948 495; x_wconf 84' lang='lat' dir='ltr'><strong>mammarum</strong></span> 
     </span>
     <span class='ocr_line' id='line_1_5' title="bbox 550 521 1950 575; baseline -0.002 -12"><span class='ocrx_word' id='word_1_33' title='bbox 550 525 635 563; x_wconf 84' lang='lat' dir='ltr'><strong>data</strong></span> <span class='ocrx_word' id='word_1_34' title='bbox 654 523 707 562; x_wconf 91' lang='lat' dir='ltr'><strong>est</strong></span> <span class='ocrx_word' id='word_1_35' title='bbox 726 523 939 562; x_wconf 89' lang='lat' dir='ltr'><strong>multitudo</strong></span> <span class='ocrx_word' id='word_1_36' title='bbox 955 541 967 568; x_wconf 81' lang='lat'>3</span> <span class='ocrx_word' id='word_1_37' title='bbox 999 536 1091 575; x_wconf 88' lang='lat' dir='ltr'><strong>quas</strong></span> <span class='ocrx_word' id='word_1_38' title='bbox 1122 522 1270 561; x_wconf 89' lang='lat' dir='ltr'><strong>easdem</strong></span> <span class='ocrx_word' id='word_1_39' title='bbox 1289 536 1426 575; x_wconf 88' lang='lat' dir='ltr'><strong>paucas</strong></span> <span class='ocrx_word' id='word_1_40' title='bbox 1457 522 1601 561; x_wconf 88' lang='lat' dir='ltr'><strong>habent</strong></span> <span class='ocrx_word' id='word_1_41' title='bbox 1631 535 1682 560; x_wconf 83' lang='lat' dir='ltr'><strong>eae</strong></span> <span class='ocrx_word' id='word_1_42' title='bbox 1702 521 1841 566; x_wconf 85' lang='lat' dir='ltr'><strong>bestiae,</strong></span> <span class='ocrx_word' id='word_1_43' title='bbox 1862 533 1950 573; x_wconf 83' lang='lat' dir='ltr'><strong>quae</strong></span> 
     </span>
     <span class='ocr_line' id='line_1_6' title="bbox 551 587 1950 643; baseline -0.003 -15"><span class='ocrx_word' id='word_1_44' title='bbox 551 603 671 643; x_wconf 83' lang='lat' dir='ltr'><strong>pauca</strong></span> <span class='ocrx_word' id='word_1_45' title='bbox 690 590 872 643; x_wconf 88' lang='lat' dir='ltr'><strong>gignunt.</strong></span> <span class='ocrx_word' id='word_1_46' title='bbox 905 589 1014 640; x_wconf 84' lang='lat' dir='ltr'><strong>Qid</strong></span> <span class='ocrx_word' id='word_1_47' title='bbox 1034 589 1174 634; x_wconf 85' lang='lat' dir='ltr'><strong>dicam,</strong></span> <span class='ocrx_word' id='word_1_48' title='bbox 1192 598 1356 641; x_wconf 90' lang='lat' dir='ltr'><strong>quantus</strong></span> <span class='ocrx_word' id='word_1_49' title='bbox 1376 602 1483 628; x_wconf 88' lang='lat' dir='ltr'><strong>amor</strong></span> <span class='ocrx_word' id='word_1_50' title='bbox 1503 589 1709 628; x_wconf 89' lang='lat' dir='ltr'><strong>bestiarum</strong></span> <span class='ocrx_word' id='word_1_51' title='bbox 1730 588 1774 627; x_wconf 91' lang='lat' dir='ltr'><strong>s1t</strong></span> <span class='ocrx_word' id='word_1_52' title='bbox 1793 588 1834 626; x_wconf 88' lang='lat' dir='ltr'><strong>in</strong></span> <span class='ocrx_word' id='word_1_53' title='bbox 1853 587 1950 625; x_wconf 92' lang='lat' dir='ltr'><strong>edu-</strong></span> 
     </span>
     <span class='ocr_line' id='line_1_7' title="bbox 551 653 1950 707; baseline -0.003 -13"><span class='ocrx_word' id='word_1_54' title='bbox 551 656 697 700; x_wconf 88' lang='lat' dir='ltr'><strong>candis,</strong></span> <span class='ocrx_word' id='word_1_55' title='bbox 729 655 1057 707; x_wconf 89' lang='lat' dir='ltr'><strong>custodiendisque</strong></span> <span class='ocrx_word' id='word_1_56' title='bbox 1088 655 1149 700; x_wconf 89' lang='lat' dir='ltr'><strong>iis,</strong></span> <span class='ocrx_word' id='word_1_57' title='bbox 1180 668 1264 707; x_wconf 83' lang='lat' dir='ltr'><strong>quae</strong></span> <span class='ocrx_word' id='word_1_58' title='bbox 1295 664 1600 707; x_wconf 83' lang='lat' dir='ltr'><strong>procreaverunt,</strong></span> <span class='ocrx_word' id='word_1_59' title='bbox 1633 653 1752 707; x_wconf 91' lang='lat' dir='ltr'><strong>usque</strong></span> <span class='ocrx_word' id='word_1_60' title='bbox 1782 653 1829 691; x_wconf 90' lang='lat' dir='ltr'><strong>ad</strong></span> <span class='ocrx_word' id='word_1_61' title='bbox 1859 665 1950 691; x_wconf 87' lang='lat' dir='ltr'><strong>eum</strong></span> 
     </span>
     <span class='ocr_line' id='line_1_8' title="bbox 554 719 1951 774; baseline -0.004 -14"><span class='ocrx_word' id='word_1_62' title='bbox 554 722 688 767; x_wconf 86' lang='lat' dir='ltr'><strong>finem,</strong></span> <span class='ocrx_word' id='word_1_63' title='bbox 711 721 806 759; x_wconf 88' lang='lat' dir='ltr'><strong>dum</strong></span> <span class='ocrx_word' id='word_1_64' title='bbox 826 720 966 774; x_wconf 88' lang='lat' dir='ltr'><strong>poffint</strong></span> <span class='ocrx_word' id='word_1_65' title='bbox 985 720 1021 758; x_wconf 92' lang='lat' dir='ltr'><strong>se</strong></span> <span class='ocrx_word' id='word_1_66' title='bbox 1051 719 1130 773; x_wconf 86' lang='lat' dir='ltr'><strong>ipsa</strong></span> <span class='ocrx_word' id='word_1_67' title='bbox 1148 719 1351 758; x_wconf 88' lang='lat' dir='ltr'><strong>defendere</strong></span> <span class='ocrx_word' id='word_1_68' title='bbox 1369 721 1381 757; x_wconf 91' lang='lat'>?</span> <span class='ocrx_word' id='word_1_69' title='bbox 1414 720 1495 758; x_wconf 78' lang='lat' dir='ltr'><strong>Etsi</strong></span> <span class='ocrx_word' id='word_1_70' title='bbox 1520 720 1653 773; x_wconf 85' lang='lat' dir='ltr'><strong>pisces,</strong></span> <span class='ocrx_word' id='word_1_71' title='bbox 1675 729 1719 758; x_wconf 92' lang='lat' dir='ltr'><strong>ut</strong></span> <span class='ocrx_word' id='word_1_72' title='bbox 1739 720 1860 764; x_wconf 86' lang='lat' dir='ltr'><strong>aiunt,</strong></span> <span class='ocrx_word' id='word_1_73' title='bbox 1881 731 1951 757; x_wconf 86' lang='lat' dir='ltr'><strong>ova</strong></span> 
     </span>
     <span class='ocr_line' id='line_1_9' title="bbox 553 783 1953 839; baseline -0.003 -14"><span class='ocrx_word' id='word_1_74' title='bbox 553 800 647 825; x_wconf 92' lang='lat' dir='ltr'><strong>cum</strong></span> <span class='ocrx_word' id='word_1_75' title='bbox 666 794 894 839; x_wconf 89' lang='lat' dir='ltr'><strong>genuerunt,</strong></span> <span class='ocrx_word' id='word_1_76' title='bbox 916 784 1154 837; x_wconf 87' lang='lat' dir='ltr'><strong>relinquunt.</strong></span> <span class='ocrx_word' id='word_1_77' title='bbox 1177 783 1306 822; x_wconf 89' lang='lat' dir='ltr'><strong>Facile</strong></span> <span class='ocrx_word' id='word_1_78' title='bbox 1325 785 1432 823; x_wconf 91' lang='lat' dir='ltr'><strong>enim</strong></span> <span class='ocrx_word' id='word_1_79' title='bbox 1451 784 1518 823; x_wconf 88' lang='lat' dir='ltr'><strong>illa</strong></span> <span class='ocrx_word' id='word_1_80' title='bbox 1537 784 1635 837; x_wconf 63' lang='lat' dir='ltr'><strong>aqua</strong></span> <span class='ocrx_word' id='word_1_81' title='bbox 1650 792 1689 822; x_wconf 90' lang='lat' dir='ltr'><strong>et</strong></span> <span class='ocrx_word' id='word_1_82' title='bbox 1708 783 1953 827; x_wconf 87' lang='lat' dir='ltr'><strong>sustinentur,</strong></span> 
     </span>
     <span class='ocr_line' id='line_1_10' title="bbox 553 851 959 891; baseline -0.005 -1"><span class='ocrx_word' id='word_1_83' title='bbox 553 862 591 890; x_wconf 90' lang='lat' dir='ltr'><strong>et</strong></span> <span class='ocrx_word' id='word_1_84' title='bbox 610 852 754 891; x_wconf 86' lang='lat' dir='ltr'><strong>foetum</strong></span> <span class='ocrx_word' id='word_1_85' title='bbox 774 851 959 889; x_wconf 91' lang='lat' dir='ltr'><strong>fundunt.</strong></span> 
     </span>
    </p>

    <p class='ocr_par' dir='ltr' id='par_1_3' title="bbox 552 915 1962 1494">
     <span class='ocr_line' id='line_1_11' title="bbox 609 915 1959 962; baseline -0.004 -6"><span class='ocrx_word' id='word_1_86' title='bbox 609 919 702 956; x_wconf 91' lang='lat' dir='ltr'>LII.</span> <span class='ocrx_word' id='word_1_87' title='bbox 735 916 963 955; x_wconf 89' lang='lat' dir='ltr'><strong>Testudines</strong></span> <span class='ocrx_word' id='word_1_88' title='bbox 994 924 1138 962; x_wconf 89' lang='lat' dir='ltr'><strong>autem,</strong></span> <span class='ocrx_word' id='word_1_89' title='bbox 1169 926 1208 956; x_wconf 91' lang='lat' dir='ltr'><strong>et</strong></span> <span class='ocrx_word' id='word_1_90' title='bbox 1237 916 1450 956; x_wconf 89' lang='lat' dir='ltr'><strong>crocodilos</strong></span> <span class='ocrx_word' id='word_1_91' title='bbox 1481 917 1632 962; x_wconf 91' lang='lat' dir='ltr'><strong>dicunt,</strong></span> <span class='ocrx_word' id='word_1_92' title='bbox 1665 929 1758 955; x_wconf 88' lang='lat' dir='ltr'><strong>cum</strong></span> <span class='ocrx_word' id='word_1_93' title='bbox 1789 915 1830 954; x_wconf 94' lang='lat' dir='ltr'><strong>in</strong></span> <span class='ocrx_word' id='word_1_94' title='bbox 1862 923 1959 952; x_wconf 86' lang='lat' dir='ltr'><strong>terra</strong></span> 
     </span>
     <span class='ocr_line' id='line_1_12' title="bbox 556 979 1956 1036; baseline -0.003 -16"><span class='ocrx_word' id='word_1_95' title='bbox 556 991 709 1036; x_wconf 90' lang='lat' dir='ltr'><strong>partum</strong></span> <span class='ocrx_word' id='word_1_96' title='bbox 729 981 933 1027; x_wconf 90' lang='lat' dir='ltr'><strong>ediderint,</strong></span> <span class='ocrx_word' id='word_1_97' title='bbox 955 982 1115 1021; x_wconf 89' lang='lat' dir='ltr'><strong>obruere</strong></span> <span class='ocrx_word' id='word_1_98' title='bbox 1134 996 1218 1029; x_wconf 87' lang='lat' dir='ltr'><strong>ova,</strong></span> <span class='ocrx_word' id='word_1_99' title='bbox 1253 982 1390 1021; x_wconf 89' lang='lat' dir='ltr'><strong>deinde</strong></span> <span class='ocrx_word' id='word_1_100' title='bbox 1410 981 1598 1021; x_wconf 88' lang='lat' dir='ltr'><strong>discedere</strong></span> <span class='ocrx_word' id='word_1_101' title='bbox 1615 997 1624 1021; x_wconf 90' lang='lat'>:</span> <span class='ocrx_word' id='word_1_102' title='bbox 1656 982 1709 1020; x_wconf 89' lang='lat' dir='ltr'><strong>ita</strong></span> <span class='ocrx_word' id='word_1_103' title='bbox 1727 990 1766 1020; x_wconf 90' lang='lat' dir='ltr'><strong>et</strong></span> <span class='ocrx_word' id='word_1_104' title='bbox 1792 979 1956 1019; x_wconf 86' lang='lat' dir='ltr'><strong>nascun-</strong></span> 
     </span>
     <span class='ocr_line' id='line_1_13' title="bbox 552 1047 1958 1102; baseline -0.002 -15"><span class='ocrx_word' id='word_1_105' title='bbox 552 1058 630 1094; x_wconf 87' lang='lat' dir='ltr'><strong>tur,</strong></span> <span class='ocrx_word' id='word_1_106' title='bbox 657 1057 695 1087; x_wconf 90' lang='lat' dir='ltr'><strong>et</strong></span> <span class='ocrx_word' id='word_1_107' title='bbox 714 1048 925 1087; x_wconf 86' lang='lat' dir='ltr'><strong>educantur</strong></span> <span class='ocrx_word' id='word_1_108' title='bbox 945 1048 1022 1102; x_wconf 85' lang='lat' dir='ltr'><strong>ipsa</strong></span> <span class='ocrx_word' id='word_1_109' title='bbox 1042 1062 1108 1101; x_wconf 92' lang='lat' dir='ltr'><strong>per</strong></span> <span class='ocrx_word' id='word_1_110' title='bbox 1126 1048 1214 1088; x_wconf 90' lang='lat' dir='ltr'><strong>sese.</strong></span> <span class='ocrx_word' id='word_1_111' title='bbox 1245 1049 1335 1100; x_wconf 88' lang='lat' dir='ltr'><strong>Jam</strong></span> <span class='ocrx_word' id='word_1_112' title='bbox 1354 1049 1520 1102; x_wconf 69' lang='lat' dir='ltr'><strong>gallinae,</strong></span> <span class='ocrx_word' id='word_1_113' title='bbox 1542 1048 1701 1102; x_wconf 88' lang='lat' dir='ltr'><strong>avesque</strong></span> <span class='ocrx_word' id='word_1_114' title='bbox 1721 1047 1891 1100; x_wconf 83' lang='lat' dir='ltr'><strong>reliquae,</strong></span> <span class='ocrx_word' id='word_1_115' title='bbox 1918 1053 1958 1084; x_wconf 86' lang='lat' dir='ltr'><strong>et</strong></span> 
     </span>
     <span class='ocr_line' id='line_1_14' title="bbox 556 1111 1959 1167; baseline -0.003 -15"><span class='ocrx_word' id='word_1_116' title='bbox 556 1115 736 1167; x_wconf 89' lang='lat' dir='ltr'><strong>quietum</strong></span> <span class='ocrx_word' id='word_1_117' title='bbox 756 1114 957 1167; x_wconf 89' lang='lat' dir='ltr'><strong>requirunt</strong></span> <span class='ocrx_word' id='word_1_118' title='bbox 977 1115 1023 1152; x_wconf 89' lang='lat' dir='ltr'><strong>ad</strong></span> <span class='ocrx_word' id='word_1_119' title='bbox 1040 1115 1269 1167; x_wconf 88' lang='lat' dir='ltr'><strong>pariendum</strong></span> <span class='ocrx_word' id='word_1_120' title='bbox 1284 1115 1434 1160; x_wconf 89' lang='lat' dir='ltr'><strong>locum,</strong></span> <span class='ocrx_word' id='word_1_121' title='bbox 1454 1124 1492 1153; x_wconf 88' lang='lat' dir='ltr'><strong>et</strong></span> <span class='ocrx_word' id='word_1_122' title='bbox 1511 1115 1655 1154; x_wconf 87' lang='lat' dir='ltr'><strong>cubilia</strong></span> <span class='ocrx_word' id='word_1_123' title='bbox 1670 1114 1753 1159; x_wconf 87' lang='lat' dir='ltr'><strong>fibi,</strong></span> <span class='ocrx_word' id='word_1_124' title='bbox 1772 1111 1959 1164; x_wconf 89' lang='lat' dir='ltr'><strong>nidosque</strong></span> 
     </span>
     <span class='ocr_line' id='line_1_15' title="bbox 557 1179 1959 1233; baseline -0.003 -15"><span class='ocrx_word' id='word_1_125' title='bbox 557 1179 797 1224; x_wconf 88' lang='lat' dir='ltr'><strong>construunt,</strong></span> <span class='ocrx_word' id='word_1_126' title='bbox 811 1179 950 1231; x_wconf 92' lang='lat' dir='ltr'><strong>eosque</strong></span> <span class='ocrx_word' id='word_1_127' title='bbox 969 1193 1088 1232; x_wconf 90' lang='lat' dir='ltr'><strong>quam</strong></span> <span class='ocrx_word' id='word_1_128' title='bbox 1104 1179 1257 1233; x_wconf 79' lang='lat' dir='ltr'><strong>pofl‘unt</strong></span> <span class='ocrx_word' id='word_1_129' title='bbox 1272 1180 1493 1218; x_wconf 87' lang='lat' dir='ltr'><strong>molliffime</strong></span> <span class='ocrx_word' id='word_1_130' title='bbox 1508 1180 1763 1225; x_wconf 89' lang='lat' dir='ltr'><strong>substernunt,</strong></span> <span class='ocrx_word' id='word_1_131' title='bbox 1781 1188 1824 1216; x_wconf 93' lang='lat' dir='ltr'><strong>ut</strong></span> <span class='ocrx_word' id='word_1_132' title='bbox 1839 1190 1959 1230; x_wconf 88' lang='lat' dir='ltr'><strong>quam</strong></span> 
     </span>
     <span class='ocr_line' id='line_1_16' title="bbox 557 1243 1961 1299; baseline -0.003 -15"><span class='ocrx_word' id='word_1_133' title='bbox 557 1244 745 1284; x_wconf 89' lang='lat' dir='ltr'><strong>facillime</strong></span> <span class='ocrx_word' id='word_1_134' title='bbox 764 1259 834 1284; x_wconf 90' lang='lat' dir='ltr'><strong>ova</strong></span> <span class='ocrx_word' id='word_1_135' title='bbox 854 1245 1060 1284; x_wconf 87' lang='lat' dir='ltr'><strong>serventur.</strong></span> <span class='ocrx_word' id='word_1_136' title='bbox 1103 1247 1166 1284; x_wconf 87' lang='lat' dir='ltr'><strong>Ex</strong></span> <span class='ocrx_word' id='word_1_137' title='bbox 1186 1246 1328 1298; x_wconf 90' lang='lat' dir='ltr'><strong>quibus</strong></span> <span class='ocrx_word' id='word_1_138' title='bbox 1355 1247 1484 1299; x_wconf 88' lang='lat' dir='ltr'><strong>pullos</strong></span> <span class='ocrx_word' id='word_1_139' title='bbox 1515 1261 1608 1285; x_wconf 90' lang='lat' dir='ltr'><strong>cum</strong></span> <span class='ocrx_word' id='word_1_140' title='bbox 1633 1246 1876 1289; x_wconf 85' lang='lat' dir='ltr'><strong>excluserint,</strong></span> <span class='ocrx_word' id='word_1_141' title='bbox 1907 1243 1961 1281; x_wconf 88' lang='lat' dir='ltr'><strong>ita</strong></span> 
     </span>
     <span class='ocr_line' id='line_1_17' title="bbox 558 1308 1961 1364; baseline -0.002 -16"><span class='ocrx_word' id='word_1_142' title='bbox 558 1318 730 1355; x_wconf 90' lang='lat' dir='ltr'><strong>tuentur,</strong></span> <span class='ocrx_word' id='word_1_143' title='bbox 753 1318 796 1347; x_wconf 92' lang='lat' dir='ltr'><strong>ut</strong></span> <span class='ocrx_word' id='word_1_144' title='bbox 815 1318 852 1347; x_wconf 92' lang='lat' dir='ltr'><strong>et</strong></span> <span class='ocrx_word' id='word_1_145' title='bbox 868 1309 1005 1362; x_wconf 90' lang='lat' dir='ltr'><strong>pennis</strong></span> <span class='ocrx_word' id='word_1_146' title='bbox 1025 1310 1193 1355; x_wconf 87' lang='lat' dir='ltr'><strong>foveant,</strong></span> <span class='ocrx_word' id='word_1_147' title='bbox 1216 1323 1263 1348; x_wconf 89' lang='lat' dir='ltr'><strong>ne</strong></span> <span class='ocrx_word' id='word_1_148' title='bbox 1283 1309 1426 1364; x_wconf 88' lang='lat' dir='ltr'><strong>frigore</strong></span> <span class='ocrx_word' id='word_1_149' title='bbox 1446 1311 1630 1349; x_wconf 66' lang='lat' dir='ltr'><strong>laedantur</strong></span> <span class='ocrx_word' id='word_1_150' title='bbox 1642 1330 1654 1356; x_wconf 83' lang='lat'>3</span> <span class='ocrx_word' id='word_1_151' title='bbox 1677 1321 1729 1355; x_wconf 91' lang='lat' dir='ltr'><strong>et,</strong></span> <span class='ocrx_word' id='word_1_152' title='bbox 1744 1310 1770 1348; x_wconf 87' lang='lat' dir='ltr'>fi</span> <span class='ocrx_word' id='word_1_153' title='bbox 1789 1309 1842 1347; x_wconf 93' lang='lat' dir='ltr'><strong>est</strong></span> <span class='ocrx_word' id='word_1_154' title='bbox 1857 1308 1961 1346; x_wconf 86' lang='lat' dir='ltr'><strong>calor</strong></span> 
     </span>
     <span class='ocr_line' id='line_1_18' title="bbox 559 1375 1962 1429; baseline -0.002 -16"><span class='ocrx_word' id='word_1_155' title='bbox 559 1388 580 1413; x_wconf 90' lang='lat' dir='ltr'><strong>a</strong></span> <span class='ocrx_word' id='word_1_156' title='bbox 599 1375 689 1420; x_wconf 89' lang='lat' dir='ltr'><strong>sole,</strong></span> <span class='ocrx_word' id='word_1_157' title='bbox 711 1375 746 1413; x_wconf 93' lang='lat' dir='ltr'><strong>se</strong></span> <span class='ocrx_word' id='word_1_158' title='bbox 765 1383 975 1428; x_wconf 88' lang='lat' dir='ltr'><strong>opponant.</strong></span> <span class='ocrx_word' id='word_1_159' title='bbox 1009 1377 1114 1413; x_wconf 92' lang='lat' dir='ltr'><strong>Cum</strong></span> <span class='ocrx_word' id='word_1_160' title='bbox 1135 1385 1264 1414; x_wconf 89' lang='lat' dir='ltr'><strong>autem</strong></span> <span class='ocrx_word' id='word_1_161' title='bbox 1283 1376 1382 1428; x_wconf 91' lang='lat' dir='ltr'><strong>pulli</strong></span> <span class='ocrx_word' id='word_1_162' title='bbox 1402 1377 1581 1429; x_wconf 90' lang='lat' dir='ltr'><strong>pennulis</strong></span> <span class='ocrx_word' id='word_1_163' title='bbox 1602 1377 1660 1414; x_wconf 91' lang='lat' dir='ltr'><strong>uti</strong></span> <span class='ocrx_word' id='word_1_164' title='bbox 1675 1375 1843 1429; x_wconf 85' lang='lat' dir='ltr'><strong>possunt,</strong></span> <span class='ocrx_word' id='word_1_165' title='bbox 1873 1383 1962 1412; x_wconf 88' lang='lat' dir='ltr'><strong>tum</strong></span> 
     </span>
     <span class='ocr_line' id='line_1_19' title="bbox 559 1441 1887 1494; baseline -0.002 -15"><span class='ocrx_word' id='word_1_166' title='bbox 559 1441 708 1480; x_wconf 90' lang='lat' dir='ltr'><strong>volatus</strong></span> <span class='ocrx_word' id='word_1_167' title='bbox 728 1453 863 1480; x_wconf 92' lang='lat' dir='ltr'><strong>eorum</strong></span> <span class='ocrx_word' id='word_1_168' title='bbox 883 1449 1023 1479; x_wconf 89' lang='lat' dir='ltr'><strong>matres</strong></span> <span class='ocrx_word' id='word_1_169' title='bbox 1042 1441 1326 1494; x_wconf 87' lang='lat' dir='ltr'><strong>prosequuntur</strong></span> <span class='ocrx_word' id='word_1_170' title='bbox 1340 1460 1352 1487; x_wconf 73' lang='lat'>5</span> <span class='ocrx_word' id='word_1_171' title='bbox 1385 1442 1532 1494; x_wconf 67' lang='lat' dir='ltr'><strong>reliqua</strong></span> <span class='ocrx_word' id='word_1_172' title='bbox 1550 1442 1642 1480; x_wconf 66' lang='lat' dir='ltr'><strong>cura</strong></span> <span class='ocrx_word' id='word_1_173' title='bbox 1661 1441 1887 1480; x_wconf 87' lang='lat' dir='ltr'><strong>liberantur.</strong></span> 
     </span>
    </p>

    <p class='ocr_par' dir='ltr' id='par_1_4' title="bbox 561 1507 1972 2415">
     <span class='ocr_line' id='line_1_20' title="bbox 619 1507 1962 1554; baseline -0.001 -9"><span class='ocrx_word' id='word_1_174' title='bbox 619 1507 785 1545; x_wconf 88' lang='lat' dir='ltr'><strong>Accedit</strong></span> <span class='ocrx_word' id='word_1_175' title='bbox 805 1507 922 1545; x_wconf 89' lang='lat' dir='ltr'><strong>etiam</strong></span> <span class='ocrx_word' id='word_1_176' title='bbox 942 1507 989 1545; x_wconf 92' lang='lat' dir='ltr'><strong>ad</strong></span> <span class='ocrx_word' id='word_1_177' title='bbox 1009 1507 1290 1546; x_wconf 90' lang='lat' dir='ltr'><strong>nonnullorum</strong></span> <span class='ocrx_word' id='word_1_178' title='bbox 1309 1508 1581 1554; x_wconf 87' lang='lat' dir='ltr'><strong>animantium,</strong></span> <span class='ocrx_word' id='word_1_179' title='bbox 1609 1516 1647 1546; x_wconf 92' lang='lat' dir='ltr'><strong>et</strong></span> <span class='ocrx_word' id='word_1_180' title='bbox 1666 1520 1798 1546; x_wconf 88' lang='lat' dir='ltr'><strong>earum</strong></span> <span class='ocrx_word' id='word_1_181' title='bbox 1818 1517 1962 1550; x_wconf 88' lang='lat' dir='ltr'><strong>rerum,</strong></span> 
     </span>
     <span class='ocr_line' id='line_1_21' title="bbox 561 1571 1962 1625; baseline 0 -15"><span class='ocrx_word' id='word_1_182' title='bbox 561 1586 655 1625; x_wconf 88' lang='lat' dir='ltr'><strong>quas</strong></span> <span class='ocrx_word' id='word_1_183' title='bbox 677 1582 773 1610; x_wconf 88' lang='lat' dir='ltr'><strong>terra</strong></span> <span class='ocrx_word' id='word_1_184' title='bbox 792 1573 933 1625; x_wconf 88' lang='lat' dir='ltr'><strong>gignit,</strong></span> <span class='ocrx_word' id='word_1_185' title='bbox 948 1573 1276 1612; x_wconf 87' lang='lat' dir='ltr'><strong>conservationem</strong></span> <span class='ocrx_word' id='word_1_186' title='bbox 1291 1584 1329 1613; x_wconf 90' lang='lat' dir='ltr'><strong>et</strong></span> <span class='ocrx_word' id='word_1_187' title='bbox 1344 1574 1518 1619; x_wconf 91' lang='lat' dir='ltr'><strong>salutem,</strong></span> <span class='ocrx_word' id='word_1_188' title='bbox 1533 1573 1743 1613; x_wconf 90' lang='lat' dir='ltr'><strong>hominum</strong></span> <span class='ocrx_word' id='word_1_189' title='bbox 1763 1573 1881 1611; x_wconf 87' lang='lat' dir='ltr'><strong>etiam</strong></span> <span class='ocrx_word' id='word_1_190' title='bbox 1901 1571 1962 1610; x_wconf 90' lang='lat' dir='ltr'><strong>so-</strong></span> 
     </span>
     <span class='ocr_line' id='line_1_22' title="bbox 563 1638 1964 1694; baseline -0.001 -18"><span class='ocrx_word' id='word_1_191' title='bbox 563 1639 684 1683; x_wconf 86' lang='lat' dir='ltr'><strong>lertia,</strong></span> <span class='ocrx_word' id='word_1_192' title='bbox 705 1647 743 1676; x_wconf 89' lang='lat' dir='ltr'><strong>et</strong></span> <span class='ocrx_word' id='word_1_193' title='bbox 763 1638 976 1690; x_wconf 89' lang='lat' dir='ltr'><strong>diligentia.</strong></span> <span class='ocrx_word' id='word_1_194' title='bbox 1008 1639 1115 1693; x_wconf 83' lang='lat' dir='ltr'><strong>Nam</strong></span> <span class='ocrx_word' id='word_1_195' title='bbox 1131 1639 1269 1694; x_wconf 21' lang='lat' dir='ltr'><strong>*multae</strong></span> <span class='ocrx_word' id='word_1_196' title='bbox 1289 1647 1326 1676; x_wconf 92' lang='lat' dir='ltr'><strong>et</strong></span> <span class='ocrx_word' id='word_1_197' title='bbox 1346 1639 1526 1691; x_wconf 89' lang='lat' dir='ltr'><strong>pecudes,</strong></span> <span class='ocrx_word' id='word_1_198' title='bbox 1548 1648 1585 1677; x_wconf 91' lang='lat' dir='ltr'><strong>et</strong></span> <span class='ocrx_word' id='word_1_199' title='bbox 1606 1640 1736 1692; x_wconf 89' lang='lat' dir='ltr'><strong>stirpes</strong></span> <span class='ocrx_word' id='word_1_200' title='bbox 1756 1638 1856 1683; x_wconf 86' lang='lat' dir='ltr'><strong>sunt,</strong></span> <span class='ocrx_word' id='word_1_201' title='bbox 1878 1650 1964 1690; x_wconf 82' lang='lat' dir='ltr'><strong>quae</strong></span> 
     </span>
     <span class='ocr_line' id='line_1_23' title="bbox 562 1702 1963 1758; baseline -0.001 -16"><span class='ocrx_word' id='word_1_202' title='bbox 562 1704 638 1742; x_wconf 87' lang='lat' dir='ltr'><strong>fine</strong></span> <span class='ocrx_word' id='word_1_203' title='bbox 656 1703 924 1756; x_wconf 86' lang='lat' dir='ltr'><strong>procuratione</strong></span> <span class='ocrx_word' id='word_1_204' title='bbox 943 1702 1152 1741; x_wconf 91' lang='lat' dir='ltr'><strong>hominum</strong></span> <span class='ocrx_word' id='word_1_205' title='bbox 1173 1703 1279 1742; x_wconf 84' lang='lat' dir='ltr'><strong>salvae</strong></span> <span class='ocrx_word' id='word_1_206' title='bbox 1299 1704 1369 1742; x_wconf 83' lang='lat' dir='ltr'><strong>esse</strong></span> <span class='ocrx_word' id='word_1_207' title='bbox 1389 1718 1466 1743; x_wconf 94' lang='lat' dir='ltr'><strong>non</strong></span> <span class='ocrx_word' id='word_1_208' title='bbox 1482 1705 1646 1758; x_wconf 82' lang='lat' dir='ltr'><strong>poffunt.</strong></span> <span class='ocrx_word' id='word_1_209' title='bbox 1674 1705 1830 1757; x_wconf 83' lang='lat' dir='ltr'><strong>Magnae</strong></span> <span class='ocrx_word' id='word_1_210' title='bbox 1844 1703 1963 1741; x_wconf 89' lang='lat' dir='ltr'><strong>etiam</strong></span> 
     </span>
     <span class='ocr_line' id='line_1_24' title="bbox 562 1767 1965 1822; baseline -0.001 -15"><span class='ocrx_word' id='word_1_211' title='bbox 562 1769 868 1822; x_wconf 86' lang='lat' dir='ltr'><strong>opportunitates</strong></span> <span class='ocrx_word' id='word_1_212' title='bbox 887 1768 934 1806; x_wconf 89' lang='lat' dir='ltr'><strong>ad</strong></span> <span class='ocrx_word' id='word_1_213' title='bbox 954 1769 1108 1806; x_wconf 90' lang='lat' dir='ltr'><strong>cultum</strong></span> <span class='ocrx_word' id='word_1_214' title='bbox 1123 1767 1333 1808; x_wconf 85' lang='lat' dir='ltr'><strong>hominum</strong></span> <span class='ocrx_word' id='word_1_215' title='bbox 1353 1779 1466 1822; x_wconf 89' lang='lat' dir='ltr'><strong>atque</strong></span> <span class='ocrx_word' id='word_1_216' title='bbox 1482 1771 1771 1815; x_wconf 84' lang='lat' dir='ltr'><strong>abundantiam,</strong></span> <span class='ocrx_word' id='word_1_217' title='bbox 1788 1769 1868 1808; x_wconf 74' lang='lat' dir='ltr'><strong>alia:</strong></span> <span class='ocrx_word' id='word_1_218' title='bbox 1881 1768 1965 1806; x_wconf 88' lang='lat' dir='ltr'><strong>aliis</strong></span> 
     </span>
     <span class='ocr_line' id='line_1_25' title="bbox 563 1834 1966 1890; baseline 0 -18"><span class='ocrx_word' id='word_1_219' title='bbox 563 1836 604 1873; x_wconf 89' lang='lat' dir='ltr'><strong>in</strong></span> <span class='ocrx_word' id='word_1_220' title='bbox 625 1834 720 1873; x_wconf 90' lang='lat' dir='ltr'><strong>locis</strong></span> <span class='ocrx_word' id='word_1_221' title='bbox 742 1835 995 1888; x_wconf 92' lang='lat' dir='ltr'><strong>reperiuntur.</strong></span> <span class='ocrx_word' id='word_1_222' title='bbox 1019 1836 1237 1888; x_wconf 86' lang='lat' dir='ltr'><strong>AEgyptum</strong></span> <span class='ocrx_word' id='word_1_223' title='bbox 1258 1836 1376 1875; x_wconf 91' lang='lat' dir='ltr'><strong>Nilus</strong></span> <span class='ocrx_word' id='word_1_224' title='bbox 1397 1837 1542 1890; x_wconf 85' lang='lat' dir='ltr'><strong>irrigat,</strong></span> <span class='ocrx_word' id='word_1_225' title='bbox 1563 1847 1615 1882; x_wconf 87' lang='lat' dir='ltr'><strong>et,</strong></span> <span class='ocrx_word' id='word_1_226' title='bbox 1637 1851 1729 1876; x_wconf 87' lang='lat' dir='ltr'><strong>cum</strong></span> <span class='ocrx_word' id='word_1_227' title='bbox 1750 1846 1830 1874; x_wconf 79' lang='lat' dir='ltr'><strong>tota</strong></span> <span class='ocrx_word' id='word_1_228' title='bbox 1845 1835 1966 1874; x_wconf 82' lang='lat' dir='ltr'><strong>aestate</strong></span> 
     </span>
     <span class='ocr_line' id='line_1_26' title="bbox 565 1900 1966 1955; baseline -0.001 -16"><span class='ocrx_word' id='word_1_229' title='bbox 565 1901 745 1939; x_wconf 85' lang='lat' dir='ltr'><strong>obrutam</strong></span> <span class='ocrx_word' id='word_1_230' title='bbox 774 1900 1048 1954; x_wconf 88' lang='lat' dir='ltr'><strong>oppletamque</strong></span> <span class='ocrx_word' id='word_1_231' title='bbox 1069 1902 1207 1947; x_wconf 91' lang='lat' dir='ltr'><strong>tenuit,</strong></span> <span class='ocrx_word' id='word_1_232' title='bbox 1235 1911 1321 1940; x_wconf 91' lang='lat' dir='ltr'><strong>tum</strong></span> <span class='ocrx_word' id='word_1_233' title='bbox 1342 1903 1497 1948; x_wconf 89' lang='lat' dir='ltr'><strong>recedit,</strong></span> <span class='ocrx_word' id='word_1_234' title='bbox 1531 1902 1778 1955; x_wconf 87' lang='lat' dir='ltr'><strong>mollitosque</strong></span> <span class='ocrx_word' id='word_1_235' title='bbox 1804 1911 1842 1939; x_wconf 80' lang='lat' dir='ltr'><strong>et</strong></span> <span class='ocrx_word' id='word_1_236' title='bbox 1862 1901 1966 1940; x_wconf 89' lang='lat' dir='ltr'><strong>obli-</strong></span> 
     </span>
     <span class='ocr_line' id='line_1_27' title="bbox 567 1965 1966 2021; baseline -0.001 -16"><span class='ocrx_word' id='word_1_237' title='bbox 567 1976 692 2005; x_wconf 87' lang='lat' dir='ltr'><strong>matos</strong></span> <span class='ocrx_word' id='word_1_238' title='bbox 710 1979 820 2018; x_wconf 87' lang='lat' dir='ltr'><strong>agros</strong></span> <span class='ocrx_word' id='word_1_239' title='bbox 841 1966 886 2003; x_wconf 90' lang='lat' dir='ltr'><strong>ad</strong></span> <span class='ocrx_word' id='word_1_240' title='bbox 907 1965 1109 2004; x_wconf 87' lang='lat' dir='ltr'><strong>serendum</strong></span> <span class='ocrx_word' id='word_1_241' title='bbox 1136 1968 1334 2020; x_wconf 85' lang='lat' dir='ltr'><strong>relinquit.</strong></span> <span class='ocrx_word' id='word_1_242' title='bbox 1371 1968 1697 2021; x_wconf 87' lang='lat' dir='ltr'><strong>Mesopotamiam</strong></span> <span class='ocrx_word' id='word_1_243' title='bbox 1717 1967 1886 2006; x_wconf 87' lang='lat' dir='ltr'><strong>fertilem</strong></span> <span class='ocrx_word' id='word_1_244' title='bbox 1906 1965 1966 2004; x_wconf 86' lang='lat' dir='ltr'><strong>ef-</strong></span> 
     </span>
     <span class='ocr_line' id='line_1_28' title="bbox 569 2030 1965 2086; baseline -0.001 -15"><span class='ocrx_word' id='word_1_245' title='bbox 569 2032 651 2071; x_wconf 85' lang='lat' dir='ltr'><strong>ficit</strong></span> <span class='ocrx_word' id='word_1_246' title='bbox 682 2030 925 2084; x_wconf 68' lang='lat' dir='ltr'><strong>Euphrates,</strong></span> <span class='ocrx_word' id='word_1_247' title='bbox 957 2032 997 2070; x_wconf 92' lang='lat' dir='ltr'><strong>in</strong></span> <span class='ocrx_word' id='word_1_248' title='bbox 1018 2046 1135 2084; x_wconf 89' lang='lat' dir='ltr'><strong>quam</strong></span> <span class='ocrx_word' id='word_1_249' title='bbox 1167 2034 1374 2085; x_wconf 85' lang='lat' dir='ltr'><strong>quotannis</strong></span> <span class='ocrx_word' id='word_1_250' title='bbox 1405 2035 1508 2086; x_wconf 76' lang='lat' dir='ltr'><strong>quasi</strong></span> <span class='ocrx_word' id='word_1_251' title='bbox 1530 2047 1646 2072; x_wconf 84' lang='lat' dir='ltr'><strong>novos</strong></span> <span class='ocrx_word' id='word_1_252' title='bbox 1673 2047 1780 2086; x_wconf 86' lang='lat' dir='ltr'><strong>agros</strong></span> <span class='ocrx_word' id='word_1_253' title='bbox 1801 2032 1965 2071; x_wconf 87' lang='lat' dir='ltr'><strong>invehit.</strong></span> 
     </span>
     <span class='ocr_line' id='line_1_29' title="bbox 568 2097 1967 2151; baseline -0.001 -14"><span class='ocrx_word' id='word_1_254' title='bbox 568 2097 687 2137; x_wconf 89' lang='lat' dir='ltr'><strong>Indus</strong></span> <span class='ocrx_word' id='word_1_255' title='bbox 707 2110 808 2142; x_wconf 89' lang='lat' dir='ltr'><strong>vero,</strong></span> <span class='ocrx_word' id='word_1_256' title='bbox 841 2097 909 2149; x_wconf 89' lang='lat' dir='ltr'><strong>qui</strong></span> <span class='ocrx_word' id='word_1_257' title='bbox 939 2097 992 2135; x_wconf 87' lang='lat' dir='ltr'><strong>est</strong></span> <span class='ocrx_word' id='word_1_258' title='bbox 1010 2098 1190 2136; x_wconf 88' lang='lat' dir='ltr'><strong>omnium</strong></span> <span class='ocrx_word' id='word_1_259' title='bbox 1212 2098 1422 2137; x_wconf 85' lang='lat' dir='ltr'><strong>fluminum</strong></span> <span class='ocrx_word' id='word_1_260' title='bbox 1444 2099 1653 2145; x_wconf 87' lang='lat' dir='ltr'><strong>maximus,</strong></span> <span class='ocrx_word' id='word_1_261' title='bbox 1686 2113 1763 2138; x_wconf 92' lang='lat' dir='ltr'><strong>non</strong></span> <span class='ocrx_word' id='word_1_262' title='bbox 1789 2112 1885 2151; x_wconf 86' lang='lat' dir='ltr'><strong>aqua</strong></span> <span class='ocrx_word' id='word_1_263' title='bbox 1906 2097 1967 2136; x_wconf 90' lang='lat' dir='ltr'><strong>so-</strong></span> 
     </span>
     <span class='ocr_line' id='line_1_30' title="bbox 570 2162 1972 2219; baseline 0.002 -18"><span class='ocrx_word' id='word_1_264' title='bbox 570 2164 655 2202; x_wconf 88' lang='lat' dir='ltr'><strong>lum</strong></span> <span class='ocrx_word' id='word_1_265' title='bbox 675 2177 784 2217; x_wconf 87' lang='lat' dir='ltr'><strong>agros</strong></span> <span class='ocrx_word' id='word_1_266' title='bbox 804 2162 972 2202; x_wconf 77' lang='lat' dir='ltr'><strong>laetificat</strong></span> <span class='ocrx_word' id='word_1_267' title='bbox 991 2173 1028 2202; x_wconf 91' lang='lat' dir='ltr'><strong>et</strong></span> <span class='ocrx_word' id='word_1_268' title='bbox 1049 2164 1216 2218; x_wconf 87' lang='lat' dir='ltr'><strong>mitigat,</strong></span> <span class='ocrx_word' id='word_1_269' title='bbox 1249 2164 1310 2204; x_wconf 90' lang='lat' dir='ltr'><strong>sed</strong></span> <span class='ocrx_word' id='word_1_270' title='bbox 1339 2179 1402 2204; x_wconf 90' lang='lat' dir='ltr'><strong>eos</strong></span> <span class='ocrx_word' id='word_1_271' title='bbox 1433 2166 1550 2204; x_wconf 88' lang='lat' dir='ltr'><strong>etiam</strong></span> <span class='ocrx_word' id='word_1_272' title='bbox 1570 2166 1757 2205; x_wconf 89' lang='lat' dir='ltr'><strong>conserit:</strong></span> <span class='ocrx_word' id='word_1_273' title='bbox 1790 2178 1972 2219; x_wconf 85' lang='lat' dir='ltr'><strong>magnam</strong></span> 
     </span>
     <span class='ocr_line' id='line_1_31' title="bbox 571 2229 1967 2285; baseline 0.001 -17"><span class='ocrx_word' id='word_1_274' title='bbox 571 2230 677 2268; x_wconf 90' lang='lat' dir='ltr'><strong>enim</strong></span> <span class='ocrx_word' id='word_1_275' title='bbox 695 2230 777 2268; x_wconf 90' lang='lat' dir='ltr'><strong>vim</strong></span> <span class='ocrx_word' id='word_1_276' title='bbox 797 2229 988 2268; x_wconf 89' lang='lat' dir='ltr'><strong>seminum</strong></span> <span class='ocrx_word' id='word_1_277' title='bbox 1020 2231 1148 2269; x_wconf 85' lang='lat' dir='ltr'><strong>secum</strong></span> <span class='ocrx_word' id='word_1_278' title='bbox 1168 2230 1356 2270; x_wconf 89' lang='lat' dir='ltr'><strong>frumenti</strong></span> <span class='ocrx_word' id='word_1_279' title='bbox 1377 2232 1564 2271; x_wconf 76' lang='lat' dir='ltr'><strong>similium</strong></span> <span class='ocrx_word' id='word_1_280' title='bbox 1594 2233 1737 2271; x_wconf 90' lang='lat' dir='ltr'><strong>dicitur</strong></span> <span class='ocrx_word' id='word_1_281' title='bbox 1756 2232 1967 2285; x_wconf 86' lang='lat' dir='ltr'><strong>deportare.</strong></span> 
     </span>
     <span class='ocr_line' id='line_1_32' title="bbox 572 2296 1968 2352; baseline 0.002 -19"><span class='ocrx_word' id='word_1_282' title='bbox 572 2296 780 2348; x_wconf 89' lang='lat' dir='ltr'><strong>Multaque</strong></span> <span class='ocrx_word' id='word_1_283' title='bbox 801 2296 873 2333; x_wconf 88' lang='lat' dir='ltr'><strong>alia</strong></span> <span class='ocrx_word' id='word_1_284' title='bbox 905 2296 943 2334; x_wconf 91' lang='lat' dir='ltr'><strong>in</strong></span> <span class='ocrx_word' id='word_1_285' title='bbox 965 2296 1046 2334; x_wconf 87' lang='lat' dir='ltr'><strong>aliis</strong></span> <span class='ocrx_word' id='word_1_286' title='bbox 1078 2297 1171 2335; x_wconf 91' lang='lat' dir='ltr'><strong>locis</strong></span> <span class='ocrx_word' id='word_1_287' title='bbox 1203 2298 1561 2337; x_wconf 88' lang='lat' dir='ltr'><strong>commemorabilia</strong></span> <span class='ocrx_word' id='word_1_288' title='bbox 1591 2298 1759 2352; x_wconf 88' lang='lat' dir='ltr'><strong>proferre</strong></span> <span class='ocrx_word' id='word_1_289' title='bbox 1790 2296 1938 2351; x_wconf 70' lang='lat' dir='ltr'><strong>possum</strong></span> <span class='ocrx_word' id='word_1_290' title='bbox 1957 2311 1968 2337; x_wconf 88' lang='lat'>:</span> 
     </span>
     <span class='ocr_line' id='line_1_33' title="bbox 573 2360 1555 2415; baseline 0.003 -15"><span class='ocrx_word' id='word_1_291' title='bbox 573 2361 717 2400; x_wconf 87' lang='lat' dir='ltr'><strong>multos</strong></span> <span class='ocrx_word' id='word_1_292' title='bbox 737 2360 882 2400; x_wconf 84' lang='lat' dir='ltr'><strong>fertiles</strong></span> <span class='ocrx_word' id='word_1_293' title='bbox 903 2375 1025 2415; x_wconf 87' lang='lat' dir='ltr'><strong>agros,</strong></span> <span class='ocrx_word' id='word_1_294' title='bbox 1047 2363 1139 2401; x_wconf 88' lang='lat' dir='ltr'><strong>alios</strong></span> <span class='ocrx_word' id='word_1_295' title='bbox 1160 2364 1322 2403; x_wconf 88' lang='lat' dir='ltr'><strong>aliorum</strong></span> <span class='ocrx_word' id='word_1_296' title='bbox 1342 2363 1555 2404; x_wconf 66' lang='lat' dir='ltr'><strong>fructuum.</strong></span> 
     </span>
    </p>

    <p class='ocr_par' dir='ltr' id='par_1_5' title="bbox 576 2427 1971 2552">
     <span class='ocr_line' id='line_1_34' title="bbox 629 2427 1971 2484; baseline 0.003 -20"><span class='ocrx_word' id='word_1_297' title='bbox 629 2427 740 2465; x_wconf 90' lang='lat' dir='ltr'>LIII.</span> <span class='ocrx_word' id='word_1_298' title='bbox 774 2427 845 2465; x_wconf 89' lang='lat' dir='ltr'><strong>Sed</strong></span> <span class='ocrx_word' id='word_1_299' title='bbox 876 2427 941 2466; x_wconf 90' lang='lat' dir='ltr'><strong>illa</strong></span> <span class='ocrx_word' id='word_1_300' title='bbox 961 2438 1102 2481; x_wconf 84' lang='lat' dir='ltr'><strong>quanta</strong></span> <span class='ocrx_word' id='word_1_301' title='bbox 1129 2429 1343 2482; x_wconf 82' lang='lat' dir='ltr'><strong>benignitas</strong></span> <span class='ocrx_word' id='word_1_302' title='bbox 1365 2440 1520 2475; x_wconf 71' lang='lat' dir='ltr'><strong>naturoe,</strong></span> <span class='ocrx_word' id='word_1_303' title='bbox 1548 2432 1651 2484; x_wconf 91' lang='lat' dir='ltr'><strong>quod</strong></span> <span class='ocrx_word' id='word_1_304' title='bbox 1674 2442 1751 2470; x_wconf 83' lang='lat' dir='ltr'><strong>tam</strong></span> <span class='ocrx_word' id='word_1_305' title='bbox 1774 2431 1898 2470; x_wconf 83' lang='lat' dir='ltr'><strong>multa</strong></span> <span class='ocrx_word' id='word_1_306' title='bbox 1925 2430 1971 2469; x_wconf 89' lang='lat' dir='ltr'><strong>ad</strong></span> 
     </span>
     <span class='ocr_line' id='line_1_35' title="bbox 576 2490 1971 2552; baseline 0.005 -22"><span class='ocrx_word' id='word_1_307' title='bbox 576 2490 821 2540; x_wconf 78' lang='lat' dir='ltr'><strong>vescendum,</strong></span> <span class='ocrx_word' id='word_1_308' title='bbox 854 2503 932 2533; x_wconf 84' lang='lat' dir='ltr'><strong>tam</strong></span> <span class='ocrx_word' id='word_1_309' title='bbox 964 2495 1076 2542; x_wconf 76' lang='lat' dir='ltr'><strong>varia,</strong></span> <span class='ocrx_word' id='word_1_310' title='bbox 1108 2504 1264 2550; x_wconf 74' lang='lat' dir='ltr'><strong>tamque</strong></span> <span class='ocrx_word' id='word_1_311' title='bbox 1289 2497 1462 2550; x_wconf 81' lang='lat' dir='ltr'><strong>jucunda</strong></span> <span class='ocrx_word' id='word_1_312' title='bbox 1484 2498 1609 2551; x_wconf 79' lang='lat' dir='ltr'><strong>gignit</strong></span> <span class='ocrx_word' id='word_1_313' title='bbox 1628 2498 1635 2536; x_wconf 90' lang='lat'>!</span> <span class='ocrx_word' id='word_1_314' title='bbox 1668 2512 1791 2552; x_wconf 84' lang='lat' dir='ltr'><strong>neque</strong></span> <span class='ocrx_word' id='word_1_315' title='bbox 1822 2511 1863 2536; x_wconf 84' lang='lat' dir='ltr'><strong>ea</strong></span> <span class='ocrx_word' id='word_1_316' title='bbox 1893 2510 1971 2535; x_wconf 82' lang='lat' dir='ltr'><strong>uno</strong></span> 
     </span>
    </p>
   </div>
  </div>
 </body>
</html>
