2330 2983
550 252 627 291 294
856 231 1627 274 TUSCULANARUM

546 338 679 376 leviter
696 333 879 388 gementi,
912 332 969 371 illi
989 332 1057 384 ipsi
1083 332 1152 383 qui
1170 330 1298 368 ferunt
1316 330 1501 376 saucium,
1528 329 1693 382 personae
1710 329 1931 382 gravitatem

546 403 750 444 intuentes,
772 411 849 437 non
871 397 1095 435 dubitarunt
1113 396 1237 434 dicere
1249 413 1261 440 ς

682 461 740 503 ‘Tu
758 477 902 516 quoque,
925 461 1062 514 Ulyffl’s,
1083 474 1285 514 quanquam
1298 460 1472 513 graviter
1490 460 1663 499 cernimus
1680 460 1801 504 ibium,

683 528 802 567 Nimis
814 536 904 580 pene
916 526 1031 564 animo
1048 539 1083 564 es
1100 526 1204 569 molli,
1223 525 1284 578 qui
1297 526 1476 578 cotgfitetus
1494 525 1531 563 in
1548 526 1659 563 armis
1676 538 1795 563 aevum
1812 538 1930 577 agere.

547 594 736 646 Intelligit
755 601 867 645 poeta
884 591 1065 644 prudens,
1097 590 1242 629 ferendi
1262 589 1403 628 doloris
1423 588 1735 629 Consuetudinem
1764 588 1835 627 effe
1854 602 1930 628 non

548 658 872 699 contemnendam
892 657 1124 710 magistram,

601 728 732 778 Atque
751 724 816 761 ille
836 737 913 762 non
934 722 1185 760 immoderate
1205 733 1345 773 magno
1364 721 1404 758 in
1425 721 1568 765 dolore,

681 789 859 833 Retinete‚
889 796 1015 832 tenete,
1045 786 1244 839 opprimite,

684 854 790 893 Ulcus
808 851 951 890 nudate.
982 853 1068 889 Heu
1086 851 1247 903 mf'serum
1265 862 1317 887 me
1333 851 1349 887 !
1378 849 1572 888 excrucior.

548 917 690 971 Incipit
709 917 810 955 labi:
843 915 979 954 deinde
998 915 1105 953 illico
1124 914 1273 958 definit,

683 983 844 1035 Operite,
873 980 1055 1034 abscedite,
1072 980 1225 1032 jamjam
1243 979 1388 1018 mittite.

683 1050 782 1087 Nam
799 1048 1002 1085 attreb‘t'atu
1021 1055 1056 1084 et
1075 1044 1346 1099 quaſjicsaevum
1360 1043 1582 1096 amplfficatis
1597 1042 1754 1081 dolorem.

547 1113 725 1157 Videsne,
746 1121 790 1150 ut
809 1111 1049 1150 obmutuerit
1068 1124 1146 1149 non
1165 1110 1310 1148 sedatus
1331 1109 1514 1161 corporis,
1546 1108 1607 1146 sed
1631 1108 1830 1161 castigatus
1850 1108 1932 1146 ani·

546 1180 603 1219 mi
634 1178 770 1216 dolor?
819 1177 952 1228 Itaque
971 1176 1011 1213 in
1044 1175 1226 1217 extremis
1258 1173 1411 1227 Niptris
1437 1173 1529 1212 alios
1560 1186 1713 1226 quoque
1742 1173 1931 1227 objurgat,

545 1244 662 1296 idque
681 1242 862 1285 moriens,

682 1305 1061 1359 Conquerijbrtunam
1079 1303 1278 1357 adverfim,
1296 1317 1363 1342 non
1378 1302 1572 1342 lamentari
1586 1301 1693 1340 decet.

682 1371 732 1411 Id
746 1372 825 1410 viri
840 1371 884 1423 est
902 1370 1046 1423 qfficium
1059 1388 1071 1414 ;
1088 1370 1202 1423 fletus
1219 1368 1383 1408 muliebri
1399 1369 1534 1421 ingenio
1550 1367 1705 1406 additus.

545 1438 676 1488 Hujus
696 1436 815 1474 animi
835 1448 918 1487 pars
945 1435 1010 1473 illa
1030 1433 1186 1473 mollior
1204 1433 1342 1472 rationi
1360 1432 1410 1472 fic
1429 1433 1568 1486 paruit,
1600 1442 1644 1471 ut
1663 1432 1787 1471 severo
1805 1431 1932 1486 impe-

545 1502 658 1541 ratori
679 1502 790 1539 miles
811 1501 972 1553 pudens.

601 1567 736 1606 XXII.
769 1567 813 1604 In
847 1579 926 1618 quo
943 1565 1025 1603 viro
1056 1565 1127 1602 erit
1147 1563 1311 1617 perfecta
1329 1564 1523 1617 sapientia,
1557 1565 1692 1617 (quem
1711 1563 1837 1602 adhuc
1866 1577 1933 1603 nos

545 1633 704 1685 quidem
724 1632 891 1670 vidimus
912 1631 1106 1668 neminem
1123 1648 1134 1674 ς
1162 1630 1223 1667 sed
1242 1629 1561 1682 philosophorum
1583 1629 1788 1674 sententiis,
1810 1630 1933 1681 qualis

545 1697 698 1736 futurus
720 1697 776 1741 fit,
813 1697 837 1734 fi
860 1696 976 1733 modo
1006 1695 1211 1746 aliquando
1230 1694 1358 1739 fuerit,
1388 1696 1611 1747 exponitur)
1643 1695 1673 1732 is
1696 1695 1826 1747 igitur,
1861 1695 1933 1732 sive

545 1777 587 1799 ea
608 1763 715 1806 ratio,
737 1775 821 1813 quae
840 1761 911 1798 erit
932 1761 969 1797 in
991 1773 1036 1797 eo
1056 1759 1220 1811 perfecta
1238 1769 1352 1811 atque
1371 1759 1552 1804 absoluta,
1586 1760 1634 1797 fic
1662 1760 1718 1797 illi
1739 1760 1834 1812 parti
1854 1760 1932 1798 im-

546 1828 691 1879 perabit
713 1825 896 1869 inferiori,
920 1834 961 1862 ut
977 1824 1099 1876 justus
1121 1837 1251 1876 parens
1273 1825 1400 1876 probis
1417 1823 1530 1868 filiis,
1562 1834 1672 1868 nutu,
1693 1824 1797 1875 quod
1817 1825 1933 1870 volet,

546 1891 738 1935 conficiet,
770 1891 878 1928 nullo
895 1890 1035 1932 labore,
1073 1888 1176 1926 nulla
1196 1888 1391 1926 molestia:
1423 1889 1541 1941 eriget
1561 1888 1637 1941 ipse
1658 1888 1705 1933 se,
1727 1888 1932 1934 suscitabit,

544 1957 714 2001 instruet,
746 1955 922 1997 armabit,
952 1963 1008 1998 ut,
1042 1963 1222 2004 tanquam
1253 1952 1366 1997 hosti,
1401 1954 1450 1991 fic
1480 1954 1630 1991 obsistat
1649 1954 1785 1991 dolori.
1836 1955 1934 2006 Qae

547 2023 632 2060 sunt
654 2022 719 2059 ista
738 2021 870 2058 arma?
901 2020 1110 2062 contentio,
1132 2018 1385 2062 confirmatio,
1408 2018 1605 2070 sermoque
1635 2019 1810 2062 intimus,
1841 2033 1933 2058 cum

549 2087 624 2139 ipse
646 2087 787 2129 secum,
810 2087 911 2123 Cave
932 2094 1041 2136 turpe
1062 2083 1290 2135 quidquam,
1312 2083 1551 2135 languidum,
1575 2097 1649 2121 non
1671 2083 1793 2121 virile.

604 2151 862 2189 Obversentur
883 2149 1020 2202 species
1042 2148 1204 2186 honcstae
1224 2149 1365 2186 animo.
1390 2149 1498 2185 Zeno
1518 2158 1749 2200 proponatur
1771 2149 1930 2193 Eleates,

547 2217 613 2268 qui
637 2215 822 2268 perpessus
842 2215 892 2252 est
913 2215 1042 2252 omnia
1064 2214 1189 2267 potius
1210 2227 1326 2265 quam
1346 2213 1515 2252 conscios
1542 2213 1708 2251 delenda:
1726 2215 1932 2264 tyrannidis

546 2282 744 2319 indicaret.
789 2282 848 2319 De
865 2279 1092 2318 Anaxarcho
1114 2279 1352 2317 Democritio
1373 2280 1575 2332 cogitetur,
1597 2279 1678 2331 qui,
1700 2292 1791 2317 cum
1813 2281 1932 2333 Cypri

547 2347 585 2383 in
620 2359 753 2383 manus
776 2346 1041 2383 Nicocreontis
1078 2344 1173 2396 regis
1207 2343 1404 2388 incidisset,
1435 2344 1586 2382 nullum
1618 2357 1736 2396 genus
1758 2345 1932 2397 supplicii

547 2412 766 2463 deprecatus
787 2411 853 2454 cst,
885 2423 1007 2461 neque
1029 2410 1221 2447 recusavit.
1255 2409 1418 2446 Cal-anus
1440 2409 1570 2453 Indus.
1595 2409 1766 2447 indoctus
1787 2423 1828 2448 ac
1847 2410 1932 2448 bar-

548 2477 672 2519 barus,
696 2477 731 2513 in
756 2476 942 2513 radicibus
965 2475 1117 2512 Caucasi
1141 2484 1262 2518 natus,
1296 2474 1357 2511 sua
1377 2474 1568 2512 voluntate
1587 2475 1691 2512 vix-u<
1711 2475 1931 2513 combustus

545 2540 610 2578 est.
645 2541 742 2585 Nos,
765 2541 788 2578 si
811 2554 874 2593 pes
895 2539 1107 2584 condoluit,
1140 2540 1163 2577 si
1181 2541 1285 2584 dem,
1322 2539 1380 2577 sed
1398 2538 1456 2578 sac
1477 2549 1603 2578 totum
1623 2539 1748 2578 dolere
1778 2553 1930 2593 corpus,
