2330 2983
639 251 1529 292 ACAD.LIB.PR1MU8.
1727 258 1775 310 63

381 359 553 388 mentem
574 350 678 387 venit
698 363 718 387 a
749 359 786 387 te
806 350 996 402 requirere
1017 364 1025 387 :
1059 349 1120 387 sed
1140 363 1244 388 nunc
1263 349 1507 403 posteaquam
1528 352 1610 390 sum
1630 352 1775 405 ingres-

381 415 440 453 sus
461 427 517 453 res
543 428 618 459 eas,
640 427 732 466 quas
754 424 883 452 tecum
904 415 1014 452 fimul
1035 415 1168 459 didici,
1190 415 1366 453 mandare
1382 418 1661 462 monumentis,
1683 418 1775 471 phi-

379 479 671 533 losophiamque
702 490 868 518 veterem
900 480 1022 524 illam,
1069 493 1090 517 a
1124 482 1274 518 Socrate
1307 490 1445 527 ortam,
1477 484 1624 521 Latinis
1656 485 1775 524 literis

379 545 586 589 illustrare,
624 559 767 597 quaero,
798 546 892 598 quid
923 546 982 590 fit,
1012 559 1094 590 cur,
1116 559 1208 584 cum
1235 547 1360 584 multa
1379 547 1531 593 scribas,
1559 563 1678 600 genus
1699 551 1775 589 hoc

379 612 659 664 praetermittas,
680 611 888 664 praesertim
906 625 999 649 cum
1021 621 1059 650 et
1079 612 1156 664 ipse
1176 613 1215 650 in
1235 626 1280 650 eo
1295 613 1472 658 excellas,
1494 624 1531 652 et
1547 615 1587 652 id
1607 615 1776 655 studium

378 686 534 730 totaque
553 691 594 714 ea
613 691 669 715 res
689 678 802 729 longe
821 678 964 715 caeteris
985 687 1022 715 et
1043 677 1175 716 studiis
1195 687 1233 716 et
1251 678 1395 717 artibus
1411 680 1620 718 antecedat.

423 744 476 782 II.
500 745 610 781 Tum
630 743 709 788 ille,
728 745 830 782 Rem
850 757 870 781 a
890 757 952 781 me
967 743 1061 796 saepe
1081 744 1328 782 deliberatam
1347 754 1385 782 et
1404 746 1574 784 multum
1595 747 1776 799 agitatam

360 800 552 860 requiris.
604 810 737 861 Itaque
770 823 849 847 non
879 808 1050 847 haefitans
1071 809 1326 862 respondebo:
1358 810 1419 848 sed
1447 824 1489 848 ea
1517 812 1658 857 dicam,
1690 828 1774 865 quae

377 873 476 912 mihi
497 874 642 912 suntin
663 884 875 927 promptu;
907 874 1010 927 quod
1036 875 1102 912 ista
1131 875 1208 928 ipsa
1239 875 1284 912 de
1314 888 1352 912 re
1385 876 1571 922 multum,
1608 887 1650 916 ut
1676 879 1772 925 dixi,

375 949 413 977 et
432 940 500 977 diu
519 940 699 992 cogitavi.
749 940 870 985 Nam,
901 953 993 978 cum
1023 939 1308 993 philosophiam
1338 941 1507 979 viderem
1530 943 1772 995 diligentiffi-

376 1019 439 1043 me
459 1006 605 1043 Graecis
637 1005 756 1043 literis
787 1006 1030 1058 explicatam,
1061 1006 1288 1050 existimavi,
1319 1006 1344 1043 fi
1371 1007 1438 1058 qui
1466 1007 1512 1044 de
1539 1009 1671 1047 nostris
1692 1011 1772 1062 ejus

374 1071 497 1109 studio
517 1080 749 1115 tenerentur,
779 1071 806 1108 fi
839 1070 954 1108 essent
984 1072 1128 1109 Graecis
1156 1071 1337 1109 doctrinis
1357 1072 1511 1117 eruditi,
1544 1075 1678 1112 Graeca
1697 1090 1770 1128 po-

373 1137 449 1175 tius
470 1150 587 1189 quarn
607 1136 730 1174 nostra
749 1136 937 1181 lectur055
967 1136 1020 1174 fin
1041 1150 1062 1173 a
1080 1138 1307 1174 Graecorum
1328 1137 1472 1175 artibus
1492 1148 1530 1175 et
1560 1139 1770 1192 disciplinis

373 1202 631 1247 abhorrerent,
647 1215 698 1239 ne
714 1200 797 1240 haec
818 1202 976 1254 quidem
992 1212 1201 1246 curaturos,
1220 1216 1304 1254 quae
1321 1203 1397 1240 fine
1408 1204 1621 1242 eruditione
1636 1207 1771 1245 Graeca

371 1267 538 1320 intelligi
558 1281 633 1305 non
656 1266 822 1319 poffunt.
871 1268 1006 1318 Itaque
1037 1281 1079 1304 ea
1097 1267 1203 1305 nolui
1225 1267 1397 1313 scribere,
1430 1283 1516 1321 quae
1535 1283 1605 1307 nec
1625 1271 1770 1310 indoffi

372 1333 585 1385 intelligere
605 1331 764 1385 pollent,
786 1345 856 1369 nec
876 1331 980 1369 doffi
999 1332 1122 1384 legere
1139 1342 1329 1370 curarent.

427 1398 546 1435 Vides
578 1406 708 1434 autem
733 1396 865 1434 eadem
884 1397 986 1448 ipse:
1019 1397 1184 1435 didicisti
1203 1399 1308 1434 enim
1329 1411 1406 1435 non
1426 1399 1527 1450 poffe
1557 1413 1624 1437 nos
1644 1402 1767 1439 Ama-

372 1463 467 1501 fanii
487 1472 551 1500 aut
571 1462 720 1500 Rabirii
741 1461 881 1499 similes
912 1461 995 1506 effe,
1026 1462 1108 1513 qui,
1135 1462 1243 1500 nulla
1271 1472 1348 1500 arte
1368 1463 1552 1509 adhibita,
1584 1465 1629 1503 de
1656 1467 1767 1505 rebus

371 1539 458 1567 ante
488 1528 620 1566 oculos
641 1527 769 1579 positis
800 1526 948 1578 vulgari
981 1527 1152 1565 sermone
1182 1527 1374 1580 disputant
1389 1547 1400 1573 3
1433 1528 1532 1567 nihil
1563 1530 1767 1577 definiunt,

371 1593 469 1633 nihil
495 1594 726 1646 partiuntur,
756 1591 856 1630 nihil
887 1602 972 1644 apta
1001 1593 1298 1645 interrogatione
1330 1595 1582 1640 concludunt,
1618 1597 1767 1636 nullam

371 1660 536 1711 denique
555 1668 676 1696 artem
695 1657 766 1696 effe
787 1671 856 1695 nec
876 1658 1044 1703 dicendi,
1073 1672 1144 1696 nec
1164 1658 1363 1697 differendi
1390 1671 1540 1713 putant.
1591 1663 1676 1700 Nos
1697 1677 1767 1700 au-

369 1734 448 1763 tern
467 1725 664 1777 praeceptis
683 1723 971 1761 dialecticorum
992 1733 1030 1761 et
1044 1734 1238 1763 oratorum
1254 1725 1370 1763 etiam
1394 1727 1596 1778 (quoniam
1616 1737 1765 1766 utram-

369 1804 445 1843 que
475 1790 556 1828 vim
590 1790 773 1827 virtutem
807 1788 877 1834 efl‘e
907 1789 1022 1827 nostri
1056 1791 1211 1842 putant)
1249 1790 1297 1828 s1c
1327 1802 1497 1842 parentes
1529 1801 1572 1830 ut
1598 1793 1762 1845 legibus,

367 1856 506 1899 verbis,
545 1868 765 1906 quanquam
796 1855 918 1899 novis,
953 1855 1132 1907 cogimur
1165 1856 1248 1899 uti,
1281 1869 1366 1908 quae
1399 1856 1515 1901 doeti,
1551 1867 1595 1895 ut
1620 1859 1714 1904 dixi,
1745 1873 1766 1897 a

368 1922 516 1959 Graecis
537 1930 662 1973 petere
682 1920 845 1964 malunt,
868 1921 1011 1958 indo&i
1032 1934 1080 1958 ne
1110 1935 1130 1958 a
1150 1922 1260 1959 nobis
1281 1922 1439 1974 quidem
1465 1924 1661 1976 accipiunt
1679 1939 1687 1963 ε
1720 1934 1768 1963 ut

367 1985 503 2024 frustra
522 1986 648 2024 omnis
670 1985 893 2038 suscipiatur
913 1985 1032 2024 labor.

421 2053 510 2102 Jam
540 2064 629 2089 vero
648 2049 813 2103 physica,
847 2051 873 2089 fi
894 2052 1122 2103 Epicurum,
1151 2051 1191 2089 id
1221 2051 1287 2097 est,
1319 2053 1346 2090 fi
1368 2054 1639 2092 Democritum
1669 2069 1764 2108 pro-

367 2117 510 2162 barem,
533 2116 676 2169 poffem
696 2116 856 2154 scribere
877 2118 930 2154 ita
950 2117 1072 2169 plane,
1096 2127 1137 2155 ut
1158 2117 1400 2157 Amafanius.
1446 2120 1555 2171 Qid
1574 2121 1626 2158 est
1655 2122 1760 2159 enim

366 2195 566 2234 magnum,
597 2195 688 2219 cum
715 2182 838 2219 causas
860 2195 986 2220 rerum
1019 2183 1273 2221 efficientium
1292 2183 1495 2228 sustuleris,
1527 2185 1573 2222 de
1603 2184 1760 2237 corpus-

363 2247 542 2286 culorum
579 2248 649 2298 (ita
671 2247 775 2285 enim
795 2247 960 2300 appellat
980 2250 1145 2298 atomos)
1178 2249 1423 2286 concursione
1442 2248 1599 2287 fortuita
1619 2251 1726 2302 loqui
1746 2252 1759 2288 ?

364 2312 506 2351 Nostra
535 2323 577 2351 tu
610 2312 764 2365 physica
789 2313 900 2358 nosti,
937 2327 1020 2366 quae
1051 2314 1320 2352 contineantur
1352 2328 1399 2352 ex
1418 2314 1617 2353 effeffione
1646 2325 1684 2353 et
1712 2329 1761 2354 ex

366 2379 521 2416 materia
551 2391 605 2422 ea,
637 2392 753 2430 quam
783 2378 896 2432 fingit
929 2389 966 2417 et
996 2378 1139 2418 format
1172 2379 1335 2418 effee'cio.
1394 2380 1625 2418 Adhibenda
1653 2382 1759 2419 enim

362 2445 573 2496 geometria
603 2443 680 2481 est:
713 2445 894 2496 quoniam
917 2445 1147 2496 quibusnam
1167 2445 1369 2497 quisquam
1402 2447 1598 2484 enuntiare
1620 2447 1756 2492 verbis,

365 2518 430 2546 aut
461 2521 578 2560 quem
613 2508 658 2546 ad
691 2509 986 2561 intelligendum
1012 2511 1152 2562 poterit
1182 2510 1366 2548 adducere
1394 2509 1476 2548 haec
1496 2511 1572 2563 ipsa
1605 2511 1650 2548 de
1679 2513 1759 2549 vita

362 2584 403 2616 ex
435 2575 622 2620 moribus,
653 2583 690 2613 et
723 2573 768 2612 de
800 2575 1019 2628 expetendis
1053 2574 1320 2628 fugiendisque
1357 2576 1501 2614 rebus?
1553 2577 1616 2616 Illi
1652 2577 1758 2616 enim
