2330 2983
621 247 938 286 LIBER
1014 247 1426 287 PRIMUS.
1668 252 1719 302 69

328 341 396 381 nis1
416 341 712 393 adjungerentur
729 349 768 378 et
786 340 969 393 corporis,
987 348 1024 377 et
1044 349 1188 386 caetera‚
1203 354 1287 393 quae
1308 340 1417 394 supra
1436 341 1535 380 dieta
1554 341 1653 387 sunt,
1675 343 1721 381 ad

328 408 478 446 virtutis
500 406 613 443 usum
633 406 782 444 idonea.

382 473 444 510 Ex
470 470 542 508 hac
563 470 828 522 descriptione,
857 470 991 523 agendi
1012 483 1168 523 quoque
1189 471 1337 524 aliquid
1357 472 1395 510 in
1416 473 1506 517 vita,
1542 482 1580 511 et
1599 474 1717 512 officii

330 538 445 591 ipfius
480 537 639 574 initium
671 537 926 589 reperiebatur
940 555 951 581 3
983 537 1087 588 quod
1117 546 1195 575 erat
1226 538 1265 575 in
1285 538 1565 576 conservatione
1596 552 1725 578 earum

329 617 469 647 rerum,
503 615 594 654 quas
617 611 748 640 natura
768 602 1036 655 praescriberet.
1079 603 1187 640 Hinc
1207 603 1434 656 gignebatur
1453 603 1544 657 fuga
1564 605 1722 649 desidiae,

327 669 650 722 voluptatumque
684 669 947 721 contemptio:
978 681 1025 706 ex
1056 683 1134 721 quo
1166 669 1343 708 laborum
1370 670 1625 723 dolorumque
1646 669 1723 709 sus-

329 736 458 788 ceptio
478 735 708 779 muhorum,
741 748 985 786 magnorum,
1015 734 1105 772 recti
1125 733 1349 787 honestique
1369 735 1478 773 causa
1493 754 1506 780 ;
1536 746 1574 773 et
1593 749 1723 774 earum

328 815 472 845 rerum,
511 814 596 852 quae
616 809 720 837 erant
740 809 990 852 congruentes
1012 814 1105 838 cum
1126 801 1380 853 descriptione
1410 811 1565 840 naturae.
1611 803 1724 840 Unde

329 867 499 904 amicitia
518 866 713 910 existebat,
735 875 772 903 et
786 866 945 918 justitia,
964 874 1078 918 atque
1098 867 1253 918 aequitas
1269 886 1280 912 ς
1303 866 1437 920 haeque
1457 877 1494 905 et
1513 867 1723 920 voluptati-

331 933 416 976 bus,
438 942 476 970 et
495 932 629 970 multis
645 932 731 969 vitae
751 932 967 970 commodis
983 933 1322 984 anteponebantur.
1357 935 1453 971 Haec
1471 933 1629 985 quidem
1649 933 1725 972 fuit

330 998 431 1050 apud
461 1010 523 1035 eos
558 1010 713 1034 morum
744 997 947 1041 institutio,
981 1006 1019 1034 et
1038 998 1118 1049 ejus
1139 998 1243 1043 artis,
1277 1011 1396 1050 quam
1415 999 1581 1051 primam
1602 999 1724 1051 posui,

329 1063 455 1102 forma
474 1073 588 1115 atque
608 1063 822 1115 descriptio.

384 1130 446 1167 De
466 1138 600 1167 natura
631 1137 763 1166 autem
792 1128 848 1180 (id
869 1129 975 1167 enim
995 1129 1238 1182 sequebatur)
1269 1131 1321 1168 ita
1351 1130 1543 1175 dicebant,
1579 1139 1621 1168 ut
1642 1144 1726 1169 earn

331 1195 544 1233 dividerent
575 1195 615 1233 in
647 1208 703 1233 res
735 1195 825 1233 duas
842 1213 853 1240 ς
886 1204 929 1233 ut
962 1195 1076 1233 altera
1105 1196 1194 1234 effet
1225 1197 1408 1242 efficiens,
1439 1197 1553 1235 altera
1582 1207 1725 1243 autem,

329 1261 431 1314 quasi
452 1260 544 1300 huic
575 1261 610 1298 se
630 1261 815 1313 praebens,
837 1274 892 1306 ea,
929 1275 1013 1313 quae
1032 1262 1246 1300 efficeretur
1266 1263 1424 1315 aliquid.
1476 1264 1520 1301 In
1540 1276 1600 1308 eo,
1622 1263 1726 1316 quod

329 1328 509 1372 efficeret,
532 1327 611 1364 vim
631 1326 702 1364 esse
722 1327 948 1366 censebant:
981 1328 1021 1365 in
1039 1341 1084 1365 eo
1103 1337 1246 1373 autem,
1270 1329 1373 1381 quod
1393 1329 1618 1374 efficeretur,
1640 1343 1724 1367 ma-

331 1393 467 1430 teriam
501 1391 717 1443 quandam:
759 1392 800 1428 in
826 1402 989 1444 utroque
1024 1402 1151 1430 tamen
1186 1402 1418 1446 utrumque:
1462 1407 1586 1446 neque
1619 1394 1724 1432 enim

332 1457 532 1496 materiam
552 1457 672 1510 ipsam
692 1455 877 1495 cohaerere
895 1457 1070 1510 potuiffe,
1089 1459 1113 1496 fi
1134 1459 1240 1496 nulla
1254 1460 1290 1497 vi
1311 1460 1583 1504 contineretur,
1602 1473 1726 1512 neque

331 1524 411 1561 vim
432 1525 507 1561 fine
527 1522 654 1574 aliqua
675 1522 843 1560 materia.
903 1522 1018 1561 Nihil
1039 1523 1091 1561 est
1109 1524 1228 1569 enim,
1261 1525 1366 1576 quod
1386 1539 1463 1563 non
1493 1525 1635 1563 alicubi
1655 1524 1725 1563 effe

333 1598 502 1640 cogatur.
549 1588 620 1626 Sed
639 1588 744 1640 quod
763 1601 810 1626 ex
829 1597 1006 1640 utroque,
1027 1589 1066 1626 id
1079 1590 1162 1641 jam
1182 1604 1318 1642 corpus
1339 1600 1376 1628 et
1397 1591 1498 1643 quasi
1519 1591 1727 1644 qualitatem

334 1653 525 1706 quandam
559 1654 822 1692 nominabant.
883 1654 1036 1692 Dabitis
1067 1655 1171 1693 enim
1191 1655 1376 1708 profecto,
1408 1666 1450 1694 ut
1471 1657 1511 1694 in
1533 1657 1642 1694 rebus
1663 1657 1726 1694 in-

330 1719 487 1764 usitatis,
518 1718 623 1771 quod
644 1719 770 1757 Graeci
790 1719 858 1771 ipsi
879 1718 1040 1764 faciunt,
1068 1734 1089 1757 a
1107 1721 1249 1773 quibus
1269 1720 1350 1760 haec
1370 1723 1454 1774 jam
1473 1722 1540 1760 diu
1562 1724 1723 1760 tractan-

329 1794 406 1829 tur,
428 1774 584 1823 utamur
602 1784 726 1823 verbis
749 1784 945 1823 interdum
966 1786 1160 1825 inauditis.

385 1851 478 1889 VII.
520 1852 604 1889 Nos
624 1864 726 1895 vero,
762 1852 889 1903 inquit
910 1852 1079 1890 Atticus.
1131 1853 1239 1905 Qin
1273 1854 1390 1891 etiam
1411 1854 1556 1892 Graecis
1592 1854 1726 1892 licebit

330 1926 447 1961 utare,
469 1930 560 1955 curn
583 1917 699 1962 voles,
718 1917 743 1955 fi
765 1927 800 1955 te
818 1918 953 1956 Latina
970 1917 1067 1956 forte
1086 1919 1278 1958 deficient.
1302 1921 1402 1958 Bene
1422 1920 1504 1958 sane
1520 1919 1612 1958 facis
1632 1936 1639 1959 :
1665 1921 1726 1958 sed

331 1985 464 2028 enitar,
487 1993 530 2021 ut
553 1984 690 2021 Latine
711 1983 858 2036 loquar,
891 1985 958 2022 nisi
979 1985 1019 2022 in
1038 1984 1306 2038 hujuscemodi
1325 1987 1464 2031 verbis,
1492 1997 1535 2024 ut
1554 1985 1725 2039 philoso-

330 2048 477 2102 phiam,
506 2058 570 2087 aut
600 2047 848 2094 rhetoricam,
890 2060 955 2088 aut
985 2050 1195 2103 physicam,
1231 2061 1295 2090 aut
1326 2052 1561 2090 dialecticam
1593 2053 1724 2106 appel-

329 2116 421 2160 lem,
453 2115 608 2167 quibuS‚
631 2125 673 2153 ut
692 2115 775 2154 aliis
796 2116 946 2161 multis,
977 2116 1211 2156 consuetudo
1225 2119 1308 2170 jam
1329 2119 1450 2156 utitur
1470 2132 1537 2171 pro
1560 2119 1722 2156 Latinis.

331 2181 534 2232 Qalitates
567 2181 686 2233 igitur
705 2181 905 2233 appellavi,
939 2195 1031 2233 quas
1064 2182 1235 2223 wom‘wnx
1266 2184 1392 2221 Graeci
1423 2194 1582 2222 vocant:
1622 2184 1724 2236 quod

331 2246 457 2298 ipsum
486 2246 592 2298 apud
614 2246 768 2284 Graecos
790 2260 865 2284 non
887 2247 938 2284 est
959 2247 1062 2299 vulgi
1084 2248 1259 2293 verbum,
1295 2249 1356 2286 sed
1376 2248 1694 2301 philosophorum
1710 2268 1723 2294 ;

333 2319 446 2362 atque
465 2311 505 2348 id
525 2312 564 2349 in
582 2311 730 2349 multis.
763 2312 1065 2351 Dialefficorum
1085 2327 1174 2350 vero
1194 2314 1307 2352 verba
1322 2314 1429 2352 nulla
1449 2314 1533 2352 sunt
1548 2315 1723 2366 publica,

333 2376 406 2414 suis
428 2385 603 2415 utuntur.
649 2378 702 2415 Et
722 2377 760 2415 id
781 2378 938 2429 quidem
959 2392 1167 2417 commune
1187 2379 1364 2418 omnium
1386 2379 1463 2418 fere
1483 2380 1535 2417 est
1554 2380 1694 2417 artium
1714 2395 1722 2418 :

332 2450 397 2479 aut
416 2442 521 2479 enim
542 2456 638 2480 nova
657 2443 742 2481 sunt
759 2457 886 2482 rerum
903 2458 1086 2483 novarum
1106 2445 1277 2484 facienda
1300 2447 1469 2489 nomina,
1492 2456 1555 2482 aut
1575 2459 1621 2483 ex
1643 2446 1725 2483 aliis

333 2505 601 2546 transferenda.
662 2509 778 2560 Qod
809 2509 833 2547 s1
863 2511 990 2548 Graeci
1017 2510 1177 2555 faciunt,
1209 2512 1276 2562 qui
1297 2512 1335 2548 in
1368 2511 1413 2548 iis
1434 2511 1544 2548 rebus
1567 2519 1623 2549 tot
1642 2511 1723 2562 jam

332 2572 455 2612 secula
488 2573 692 2619 versantur,
724 2584 866 2627 quanto
901 2575 939 2613 id
969 2577 1089 2629 magis
1122 2576 1232 2614 nobis
1253 2576 1541 2615 concedendum
1561 2576 1625 2622 est,
1658 2576 1724 2629 qui
