2330 2983
523 228 549 265 4
816 212 1624 255 M.T.CICERONIS

523 312 740 352 admodum
770 312 1064 365 eirpedtabatur,
1102 311 1172 365 qui
1202 311 1504 351 adolescentiam
1537 312 1580 350 in
1610 309 1754 350 forenfi
1787 324 1917 366 opera,

525 379 724 431 quaesturae
746 379 982 417 diuturnum
1010 386 1181 430 tempu3‚
1212 378 1385 417 Murena
1415 377 1570 416 bellum
1602 378 1644 416 in
1681 378 1811 416 Ponto
1844 392 1915 431 ge-

523 455 647 490 rente,
680 445 721 483 in
749 444 849 483 Afiae
880 456 976 498 pace
1008 443 1316 497 consumpserat.
1369 443 1443 482 Sed
1472 443 1718 482 incredibilis
1739 444 1919 497 quaedam

522 511 672 563 ingenii
693 510 928 563 magnitudo
948 523 1029 549 non
1050 509 1277 548 desideravit
1299 509 1516 548 indocilem
1539 509 1629 548 usus
1652 508 1916 563 disciplinam.

521 577 661 631 Itaque
681 591 775 616 cum
796 586 928 616 totum
947 577 1022 616 iter
1048 586 1088 615 et
1114 576 1407 629 navigationem
1435 576 1743 630 consumpsisset,
1773 576 1919 629 partim

520 644 562 682 in
593 644 862 697 percontando
894 658 916 683 a
946 643 1098 697 peritis,
1128 643 1275 696 partim
1296 643 1338 681 in
1369 643 1484 682 rebus
1517 643 1633 696 gestis
1652 643 1845 696 legendis,
1876 642 1920 681 in

522 710 654 748 Afiam
674 709 798 749 factus
830 711 1044 763 imperator
1075 709 1198 755 venit,
1230 723 1323 748 cum
1353 709 1444 748 effet
1471 710 1602 748 Roma
1633 708 1831 763 profectus
1863 708 1920 747 rei

521 775 705 814 militaris
738 775 862 815 rudis.
926 774 1084 813 Habuit
1115 774 1224 813 enim
1255 774 1430 814 divinam
1453 774 1652 828 quandam
1684 774 1920 813 memoriam

523 855 668 886 rerum,
701 841 914 879 verborum
934 842 1140 892 majorem,
1163 841 1414 879 Hortensius.
1461 841 1549 886 Sed,
1573 854 1654 894 quo
1674 840 1764 893 plus
1785 841 1827 878 in
1849 852 1917 878 ne-

520 907 640 959 gotiis
676 906 856 959 gerendis
888 918 947 943 res
979 918 1101 957 quam
1130 906 1248 942 verba
1282 905 1462 956 prosunt,
1501 904 1580 943 hoc
1615 914 1694 943 erat
1727 905 1920 944 memoria

519 973 590 1010 illa
623 972 893 1025 praestantior3
937 983 1057 1023 quarn
1092 967 1206 1008 fuiffe
1239 969 1281 1007 in
1316 968 1604 1015 Themistocle,
1647 983 1768 1022 quern
1800 969 1920 1008 facile

521 1038 685 1077 Graeciae
705 1037 928 1091 principem
949 1036 1153 1089 ponimus,
1185 1035 1420 1088 singularem
1451 1034 1597 1074 ferunt.
1643 1035 1727 1087 Qi
1754 1035 1919 1088 quidem

519 1105 638 1143 etiam
659 1104 865 1158 pollicenti
887 1102 1046 1141 cuidam
1068 1101 1104 1140 se
1130 1111 1253 1140 artem
1285 1101 1320 1140 ei
1347 1102 1562 1147 memoriae,
1597 1115 1683 1155 quae
1715 1111 1801 1139 tum
1833 1101 1918 1155 pri—

519 1184 633 1209 mum
656 1169 940 1223 proferebatur,
973 1168 1225 1213 traditurum,
1254 1167 1488 1220 respondiffe
1511 1167 1672 1213 dicitur,
1703 1165 1920 1220 oblivjfiiſs’

519 1237 627 1275 malle
658 1236 791 1290 discere
806 1251 820 1274 .·
851 1235 982 1280 credo,
1016 1234 1124 1288 quod
1153 1233 1354 1273 haerebant
1381 1234 1422 1272 in
1444 1235 1635 1272 memoria
1667 1247 1915 1286 quaecunque

519 1303 692 1341 audierat
712 1311 779 1341 aut
798 1301 961 1341 viderat.
1003 1301 1095 1339 Tali
1117 1300 1279 1352 ingenio
1298 1299 1485 1353 praeditus
1506 1300 1700 1338 Lucullus
1722 1299 1917 1352 adjunxe-

520 1378 577 1406 rat
611 1369 730 1407 etiam
764 1368 890 1412 illam,
924 1379 1044 1419 quam
1076 1365 1367 1404 Themistocles
1403 1366 1609 1418 spreverat,
1644 1365 1912 1418 disciplinam.

521 1436 673 1487 Itaque,
709 1443 752 1472 ut
772 1434 897 1472 literis
919 1432 1211 1484 confignamuS,
1241 1444 1327 1483 quae
1348 1431 1620 1468 monumentis
1643 1430 1825 1468 mandare
1846 1445 1917 1469 vo-

518 1501 653 1539 lumus
673 1515 682 1539 :
715 1499 766 1538 fic
786 1498 855 1537 ille
875 1498 917 1536 in
940 1497 1075 1536 animo
1095 1509 1153 1534 res
1176 1495 1390 1549 insculptas
1422 1495 1604 1534 habebat.
1637 1498 1792 1534 Tantus
1825 1510 1918 1549 ergo

518 1567 731 1619 imperator
752 1566 792 1603 in
814 1564 924 1602 omni
945 1576 1086 1616 genere
1109 1562 1204 1600 belli
1227 1561 1319 1605 fuit,
1349 1562 1508 1615 praeliis,
1531 1562 1915 1614 oppugnationibus,

519 1632 722 1671 navalibus
744 1631 904 1684 pugnis,
939 1629 1137 1682 totiusque
1160 1628 1253 1666 belli
1286 1627 1555 1666 instrumentis
1577 1638 1615 1665 et
1635 1637 1836 1680 apparatu,
1872 1637 1917 1666 ut

520 1699 587 1737 ille
609 1712 674 1736 rex
695 1697 780 1751 post
802 1696 1074 1735 Alexandrum
1102 1695 1299 1733 maximus
1328 1693 1436 1732 hunc
1458 1708 1478 1731 a
1499 1694 1535 1732 se
1556 1695 1746 1746 majorem
1773 1694 1916 1732 ducem

520 1765 745 1818 cognitum,
778 1777 898 1817 quam
927 1775 1155 1816 quenquam
1193 1774 1346 1806 eorum,
1379 1760 1673 1813 quos legisset,
1709 1759 1911 1800 fateretur.

519 1833 565 1871 In
588 1831 727 1870 eodem
749 1839 854 1869 tanta
873 1829 1082 1883 prudentia
1101 1828 1180 1866 fuit
1201 1828 1241 1866 in
1264 1827 1548 1866 constituendis
1575 1826 1916 1879 temperandisque

520 1897 763 1943 civitatibus,
795 1905 902 1934 tanta
921 1895 1099 1948 aequitas,
1133 1904 1175 1932 ut
1197 1893 1315 1932 hodie
1336 1893 1406 1931 stet
1427 1893 1518 1932 Afia
1539 1893 1702 1931 Luculli
1724 1892 1914 1931 institutis

520 1963 728 2008 servandis,
759 1971 798 2001 et
818 1961 922 2016 quasi
945 1961 1115 2014 vestigiis
1137 1959 1429 2014 persequendis.
1462 1959 1548 2003 Sed,
1570 1959 1637 1997 etsi
1659 1971 1800 2011 magna
1820 1972 1916 1998 cum

519 2031 692 2069 utilitate
713 2029 956 2083 reipublicae,
988 2038 1119 2066 tamen
1141 2027 1291 2065 diutius
1315 2039 1433 2079 quam
1459 2025 1603 2064 vellem
1626 2034 1734 2063 tanta
1753 2025 1811 2063 vis
1833 2025 1912 2063 vir-

517 2097 614 2135 tutis
635 2105 753 2149 atque
770 2095 919 2148 ingenii
942 2093 1185 2147 peregrinata
1200 2091 1329 2131 abfuit
1350 2092 1397 2130 ab
1419 2091 1544 2130 oculis
1566 2100 1604 2129 et
1626 2089 1702 2128 fori
1723 2099 1761 2128 et
1779 2090 1912 2128 curiae.

520 2164 631 2215 Qin
663 2163 798 2208 etiam,
830 2175 923 2200 cum
945 2161 1068 2200 victor
1088 2174 1108 2198 a
1129 2158 1410 2198 Mithridatico
1438 2158 1544 2197 bello
1572 2156 1799 2203 revertifl‘et,
1832 2157 1912 2195 ini-

517 2231 713 2268 micorum
743 2228 942 2267 calumnia
976 2227 1148 2266 triennio
1183 2225 1346 2271 tardius,
1378 2239 1498 2279 quam
1531 2224 1733 2267 debuerat,
1765 2223 1910 2261 trium-

520 2295 670 2351 phavit.
711 2295 800 2333 Nos
821 2295 928 2333 enim
949 2293 1128 2332 consules
1157 2292 1453 2331 introduximus
1476 2304 1573 2345 pene
1594 2291 1634 2329 in
1658 2290 1795 2328 urbem
1818 2303 1911 2327 cur-

518 2377 603 2401 rum
622 2361 820 2400 clariffimi
839 2361 933 2400 viri:
953 2361 1066 2413 cujus
1085 2359 1186 2398 mihi
1205 2359 1413 2397 confilium
1431 2368 1470 2397 et
1486 2357 1693 2396 auctoritas
1711 2356 1807 2409 quid
1825 2365 1912 2394 tum

519 2430 559 2466 in
582 2429 765 2467 maximis
787 2428 902 2466 rebus
924 2426 1128 2481 profuisset
1150 2426 1335 2471 dicerem,
1355 2425 1424 2464 nisi
1446 2425 1494 2463 de
1514 2437 1577 2462 me
1597 2423 1680 2477 ipso
1696 2422 1911 2460 dicendum

516 2495 631 2539 cfl'et,
656 2495 762 2547 quod
783 2493 862 2533 hoc
883 2502 1058 2547 ternpore
1083 2506 1161 2531 non
1182 2492 1235 2530 est
1256 2491 1417 2530 necess'e.
1451 2493 1589 2544 ltaque
1611 2489 1772 2542 privabo
1793 2489 1911 2526 illum

517 2562 646 2614 potius
665 2560 799 2601 debito
814 2561 1178 2615 testimoni0,quam
1195 2560 1234 2599 id
1253 2573 1346 2599 cum
1363 2571 1450 2599 mea
1467 2557 1580 2597 laude
1596 2555 1910 2597 communicem.
