2330 2983
542 283 616 324 130
958 269 1062 307 DE
1131 267 1517 307 FINIBUS

535 369 587 407 ob
602 380 764 420 eamque
783 380 862 405 rem
884 367 1085 405 colendam
1105 367 1190 412 effe,
1208 367 1313 420 quod
1328 367 1404 406 fine
1418 381 1461 405 ea
1480 365 1566 405 tuto
1584 374 1623 404 et
1642 365 1719 405 fine
1738 375 1847 405 metu
1861 367 1940 406 vivi

537 448 615 473 non
636 434 770 487 poffet,
789 447 858 471 nec
874 434 1047 485 jucunde
1077 434 1236 487 quidem
1257 434 1389 488 poffet.
1436 435 1530 473 Satis
1550 433 1604 472 est
1622 434 1668 472 ad
1686 433 1762 472 hoc
1782 433 1940 487 respon-

538 500 636 538 sum.
659 499 836 538 Attulisti
851 499 956 537 aliud
972 498 1178 538 humanius
1194 499 1336 538 horum
1350 500 1622 544 recentiorum,
1636 513 1836 552 nunquam
1853 499 1940 538 dic-

539 574 624 604 tum
643 567 691 604 ab
711 565 793 619 ipso
811 566 893 611 illo,
912 567 1017 618 quod
1038 566 1152 605 sciam
1171 581 1179 605 :
1203 567 1332 619 primo
1352 567 1530 605 utilitatis
1551 567 1660 604 causa
1679 567 1849 605 amicum
1870 579 1940 604 ex-

537 633 643 685 peti:
675 646 767 670 cum
787 640 916 670 autem
943 631 1030 670 usus
1057 632 1271 678 acceffiffet‚
1302 642 1386 671 tum
1414 633 1540 685 ipsum
1568 633 1687 670 amari
1715 642 1870 686 propter
1889 631 1942 676 se,

537 698 655 736 etiam
674 697 807 736 omissa
825 696 888 750 spe
915 697 1139 750 voluptatis.
1185 699 1276 736 Hoc
1307 699 1373 736 etsl
1400 698 1535 736 multis
1565 698 1690 736 modis
1717 696 1943 750 reprehendi

539 763 674 816 potest,
703 773 831 800 tamen
851 763 1000 815 accipio
1018 763 1123 815 quod
1144 763 1248 801 dant.
1281 762 1389 801 Mihi
1408 763 1515 800 enim
1542 763 1628 801 satis
1649 763 1717 808 est,
1747 764 1834 815 iplis
1864 775 1943 800 non

538 828 622 867 satis
641 843 650 867 z
682 841 772 866 nam
792 827 999 880 aliquando
1017 827 1119 880 poffe
1139 830 1236 866 recte
1256 827 1338 866 fieri
1353 828 1502 873 dicunt,
1521 829 1627 866 nulla
1637 829 1851 881 expectata,
1872 839 1943 865 nec

537 893 702 946 quaefita,
724 892 934 945 voluptate.

594 958 754 998 Posuisti
785 958 916 1004 etiam,
947 959 1072 997 dicere
1106 958 1215 1004 alios,
1250 958 1376 998 foedus
1407 959 1602 1012 quoddam
1634 959 1735 998 inter
1755 958 1789 996 se
1819 957 1946 997 facere

539 1025 738 1078 sapientes,
761 1033 804 1062 ut
823 1025 1156 1077 quemadmodum
1178 1025 1251 1063 fint
1270 1026 1309 1064 in
1331 1026 1365 1064 se
1386 1025 1486 1078 ipsos
1507 1026 1682 1070 animati,
1696 1025 1832 1063 eodem
1851 1020 1943 1062 mb-

539 1092 588 1130 do
609 1091 680 1129 fint
699 1104 788 1143 erga
807 1091 951 1128 amicos
970 1107 979 1129 ;
1011 1091 1050 1128 id
1070 1100 1108 1129 et
1128 1090 1210 1128 fieri
1230 1091 1346 1144 poffe,
1377 1101 1415 1129 et
1436 1091 1528 1144 saepe
1553 1091 1624 1129 effe
1644 1090 1804 1135 faetum,
1836 1099 1876 1128 et
1895 1089 1944 1127 ad

534 1157 750 1209 voluptates
779 1155 1041 1209 percipiendas
1068 1157 1237 1194 maxime
1257 1158 1458 1210 pertinere.
1503 1157 1594 1195 Hoc
1614 1155 1740 1194 foedus
1761 1154 1883 1193 facere
1914 1155 1943 1193 si

538 1231 760 1276 potuerunt,
793 1221 935 1260 faciant
953 1212 1070 1260 etiam
1091 1223 1204 1267 illud,
1228 1233 1270 1261 ut
1290 1225 1523 1276 aequitatem,
1552 1223 1793 1267 modestiam,
1815 1223 1940 1259 virtu-

539 1300 594 1328 tes
615 1302 750 1327 omnes
769 1301 837 1341 per
857 1287 891 1326 se
911 1288 1006 1341 ipsas
1026 1289 1142 1341 gratis
1173 1289 1351 1342 diligant.
1370 1326 1374 1331 ,
1411 1291 1466 1328 At
1485 1303 1588 1334 vero,
1620 1289 1644 1327 fi
1671 1288 1876 1332 fructibus,
1904 1298 1943 1327 et

538 1355 827 1399 emolumentis,
858 1364 896 1392 et
927 1354 1160 1393 utilitatibus
1181 1357 1370 1394 amicitias
1402 1356 1588 1400 colemus,
1620 1356 1646 1393 s1
1682 1355 1788 1393 nulla
1806 1355 1941 1392 caritas

537 1422 623 1466 erit,
640 1434 726 1474 quae
744 1418 860 1458 faciat
878 1420 1092 1458 amicitiam
1114 1420 1232 1473 ipsam
1253 1421 1315 1459 sua
1335 1421 1482 1474 sponte,
1497 1421 1534 1458 vi
1550 1420 1627 1465 sua,
1643 1434 1689 1458 ex
1711 1420 1746 1458 se
1765 1429 1804 1457 et
1824 1433 1941 1472 prop·

538 1497 595 1526 ter
625 1487 660 1525 se
693 1485 962 1539 expetendam,
999 1486 1164 1524 dubium
1185 1487 1250 1532 est,
1279 1488 1373 1539 quin
1405 1486 1545 1525 fundos
1576 1496 1615 1525 et
1641 1485 1781 1524 insulas
1807 1486 1944 1524 amicis

538 1563 815 1606 anteponamus
834 1552 848 1588 ?

593 1619 706 1658 Licet
726 1617 792 1656 hic
813 1617 937 1656 rursus
957 1631 1000 1656 ea
1019 1632 1315 1663 commemores,
1338 1633 1422 1671 quae
1440 1619 1600 1672 optimis
1622 1619 1746 1657 verbis
1773 1619 1819 1657 ab
1841 1619 1941 1672 Epi-

538 1700 630 1725 curo
650 1686 696 1723 de
715 1685 894 1723 laudibus
924 1685 1104 1723 amicitiae
1134 1685 1233 1723 dicta
1267 1685 1366 1724 sunt.
1408 1685 1501 1724 Non
1533 1699 1675 1738 quaero,
1709 1685 1803 1738 quid
1824 1686 1940 1730 dicat,

539 1752 598 1790 sed
618 1751 712 1805 quid
728 1751 1000 1789 convenienter
1020 1751 1156 1788 rationi
1178 1751 1289 1804 poffit
1309 1761 1347 1789 et
1369 1751 1559 1790 sententiae
1581 1751 1652 1790 sua·
1672 1751 1810 1789 dicere.
1846 1751 1940 1789 Uti-

536 1819 654 1857 litatis
673 1817 782 1856 causa
801 1817 972 1855 amicitia
990 1817 1041 1855 est
1063 1818 1227 1870 quaefita.
1250 1819 1362 1857 Num
1384 1819 1504 1871 igitur
1524 1818 1719 1857 utiliorem
1742 1818 1814 1856 tibi
1835 1817 1941 1856 hunc

538 1885 735 1924 Triarium
756 1893 866 1938 putas
886 1883 956 1922 effe
977 1884 1092 1937 poffe,
1113 1899 1229 1938 quam
1250 1895 1314 1923 tua
1335 1885 1406 1923 sint
1423 1885 1594 1924 Puteolis
1614 1885 1810 1938 granaria?
1843 1883 1940 1923 Col-

537 1952 614 2006 lige
633 1951 778 1996 omnia,
814 1964 899 2003 quae
919 1949 1046 1989 soletis
1065 1966 1073 1989 :
1107 1952 1321 2004 praesidium
1342 1952 1572 1990 amicorum.
1615 1952 1711 1990 Satis
1730 1951 1783 1990 est
1807 1951 1880 1990 tibi
1900 1951 1941 1989 in

538 2028 588 2063 te,
608 2017 693 2056 satis
714 2018 753 2055 in
775 2016 939 2069 legibus,
960 2016 1043 2055 satis
1064 2028 1100 2055 et
1121 2018 1160 2054 in
1182 2018 1441 2055 mediocribus
1462 2018 1642 2055 amicitiis
1659 2017 1815 2070 praesidii
1831 2032 1840 2055 ε
1858 2017 1941 2068 jam

537 2083 737 2123 contemni
758 2096 834 2121 non
856 2083 1009 2135 poteriS.
1057 2083 1208 2121 Odium
1230 2093 1357 2121 autem
1379 2093 1417 2121 et
1448 2083 1632 2121 invidiam
1654 2081 1766 2121 facile
1786 2083 1939 2120 vitabis.

540 2150 678 2188 Adeas
697 2148 803 2187 enim
835 2161 892 2186 res
924 2148 970 2186 ab
992 2149 1164 2201 Epicuro
1195 2158 1381 2202 praecepta
1411 2148 1562 2187 dantur.
1609 2149 1660 2186 Et
1696 2158 1822 2187 tamen
1854 2158 1940 2186 tan-

538 2216 585 2254 tis
617 2214 868 2268 vectigalibus
904 2214 949 2252 ad
984 2214 1251 2253 liberalitatem
1285 2225 1409 2260 utens,
1440 2215 1557 2253 etiam
1590 2215 1665 2252 line
1685 2213 1755 2253 hac
1780 2214 1942 2266 Pyladea

539 2282 721 2326 amicitia,
746 2280 961 2319 multorum
989 2290 1026 2318 te
1047 2281 1309 2319 benevolentia
1328 2281 1503 2334 praeclare
1523 2290 1560 2319 et
1582 2281 1749 2325 tuebere,
1779 2290 1815 2318 et
1849 2295 1940 2318 mu-

539 2349 632 2386 nies.
676 2349 730 2386 At
751 2347 913 2400 quicum
928 2347 1030 2399 joca,
1054 2347 1155 2391 scria,
1185 2358 1226 2386 ut
1247 2348 1402 2392 dicitur,
1425 2348 1588 2400 quicum
1610 2361 1756 2392 arcana,
1778 2348 1941 2400 quicum

537 2415 688 2453 occulta
722 2415 853 2452 omnia
871 2414 883 2451 ?
915 2415 1067 2452 Tecum
1100 2415 1248 2467 optime
1267 2429 1275 2451 ε
1308 2414 1444 2452 deinde
1476 2415 1591 2452 ctiam
1627 2428 1719 2452 cum
1755 2413 1940 2452 mediocri

539 2481 677 2519 amico.
729 2479 799 2519 Sed
832 2478 891 2518 fac
925 2480 992 2518 ista
1021 2478 1090 2517 ell‘c
1124 2494 1198 2518 non
1222 2481 1477 2533 inopportuna
1496 2495 1503 2519 :
1537 2479 1630 2532 quid
1652 2480 1696 2518 ad
1729 2480 1939 2518 utilitatem

541 2556 651 2584 tanta*
687 2545 888 2598 pecunias?
919 2545 1038 2583 Vides
1068 2545 1200 2598 igitur,
1232 2546 1254 2583 li
1277 2546 1486 2583 amicitiam
1511 2546 1570 2583 sua
1591 2546 1744 2583 caritate
1764 2545 1936 2588 metiare,

541 2611 637 2650 nihil
673 2611 743 2651 effe
776 2612 1039 2665 praestantius;
1072 2613 1125 2651 sm
1155 2612 1435 2659 emolumento,
1470 2612 1636 2651 summas
1663 2611 1940 2650 familiaritates
