2330 2983
614 268 666 319 76
850 264 1771 311 ACADEMICORUM‚&c.

614 363 811 416 quaeritur,
841 362 939 402 nihil
959 364 1054 402 certi
1072 364 1228 403 dicitur.
1273 363 1344 402 Sed
1364 372 1493 402 tamen
1511 363 1592 409 illa,
1613 376 1731 417 quam
1749 361 1922 416 exposui,
1940 376 2010 402 ve-

613 437 675 466 tus
691 446 703 472 3
734 427 816 466 haec
835 441 933 467 nova
951 430 1198 468 nominetur:
1229 442 1314 482 quae
1339 428 1457 481 usque
1476 429 1522 467 ad
1549 427 1787 467 Carneadem
1816 428 2013 481 permista,

613 494 682 545 qui
701 504 858 546 quartus
878 493 926 533 ab
941 495 1107 534 Arcefila
1125 494 1216 541 fuit,
1230 495 1271 534 in
1289 494 1421 533 eadem
1435 495 1612 533 Arcefilae
1629 495 1774 533 ratione
1789 494 2013 548 permansit.

614 559 826 597 Carneades
845 568 975 598 autem
995 560 1139 598 nullius
1159 557 1410 614 philosophiae
1431 560 1546 612 partis
1566 560 1736 613 ignaruS‚
1764 568 1818 604 et,
1845 568 1889 598 ut
1915 572 2012 613 cog-

615 625 704 662 novi
724 638 771 663 ex
791 625 851 670 iis,
873 626 940 678 qui
961 626 1075 664 illum
1096 627 1305 671 audierant,
1330 626 1578 678 maximeque
1597 639 1644 664 ex
1664 625 1858 679 Epicureo
1878 626 2012 663 Zeno-

615 703 677 735 ne,
709 691 777 743 qui
795 705 888 729 cum
921 691 968 729 ab
999 705 1045 730 eo
1075 692 1291 745 plurimum
1325 691 1547 736 dissentiret,
1579 704 1703 729 unum
1723 700 1855 730 tamen
1878 699 2015 744 praeter

613 765 766 794 caeteros
783 757 1006 803 mirabatur,
1026 757 1243 796 incredibili
1258 757 1423 809 quadarn
1443 755 1520 795 fuit
1530 756 1712 795 facultate
1729 758 1754 783 *
1770 758 1795 783 ³*
1816 759 1840 784 ’ἒ
1861 756 2017 809 Reliqua

613 819 867 872 defiderantur.

792 1099 1205 1146 CICERO
1312 1099 1833 1146 VARRONI.

616 1233 720 1270 CUM
746 1243 807 1269 AD
832 1243 927 1268 EUM
949 1242 1169 1279 QJATUOR
1190 1231 1576 1269 ACADEMICORUM
1602 1241 1760 1268 menos
1784 1241 2015 1268 Mistssm‘.

613 1350 716 1426 ET
731 1349 782 1383 Sl
812 1359 939 1382 munus
967 1347 1131 1394 flagitare,
1157 1348 1318 1394 quamvis
1336 1348 1415 1395 quis
1432 1348 1630 1390 ostenderit,
1641 1359 1684 1382 ne
1700 1349 1856 1396 populus
1873 1348 2020 1395 quidem

705 1403 799 1444 solet,
828 1402 889 1437 nisi
906 1401 1096 1436 concitatus
1112 1415 1120 1436 :
1149 1411 1262 1436 tamen
1278 1413 1344 1449 ego
1360 1402 1596 1450 expeetatione
1619 1402 1771 1449 promissi
1791 1402 1842 1437 tui
1860 1413 2019 1444 moveor,

611 1467 650 1492 ut
668 1457 867 1492 admoneam
887 1466 932 1497 te,
951 1467 1019 1490 non
1038 1465 1077 1490 ut
1093 1455 1253 1502 flagitem.
1282 1455 1364 1490 Mifi
1379 1466 1493 1490 autem
1512 1455 1555 1490 ad
1573 1466 1605 1490 te
1618 1465 1769 1502 quatuor
1787 1454 2019 1490 admonitores

612 1523 679 1545 non
698 1509 799 1544 nimis
818 1507 1039 1543 verecundos.
1083 1507 1185 1542 Nosti
1203 1507 1294 1542 enirn
1313 1507 1469 1556 profee'to
1486 1521 1524 1543 os
1542 1507 1614 1555 ejus
1635 1507 1906 1543 adolescentioris
1925 1508 2016 1542 Aca-

611 1563 745 1598 demiae.
774 1561 831 1597 Ex
847 1573 885 1596 ea
904 1560 1010 1608 igitur
1027 1561 1138 1595 media
1154 1560 1319 1596 excitatos
1338 1561 1434 1603 mis13
1462 1561 1537 1608 qui,
1557 1571 1685 1602 metuo,
1704 1572 1749 1595 ne
1763 1570 1797 1595 te
1813 1559 1903 1596 forte
1921 1560 2017 1607 flagi-

612 1626 693 1652 tent.
746 1615 826 1662 Ego
843 1624 957 1649 autem
975 1612 1149 1657 mandavi,
1177 1624 1218 1648 ut
1236 1624 1402 1661 rogarent.
1457 1614 1701 1662 ExpeEtabam
1711 1614 1856 1649 omnino
1866 1612 2019 1660 jamdiu,

614 1681 736 1718 meque
751 1669 966 1711 sustinebam,
978 1680 1019 1702 ne
1037 1668 1079 1703 ad
1097 1678 1130 1703 te
1147 1668 1242 1715 prius
1256 1667 1324 1715 ipse
1341 1668 1428 1716 quid
1446 1668 1637 1710 scriberem,
1648 1680 1754 1715 quam
1773 1667 1904 1715 aliquid
1923 1678 2016 1702 acce-

612 1724 743 1771 piffem,
756 1733 795 1757 ut
813 1721 942 1769 possem
960 1731 992 1756 te
1011 1721 1213 1755 remunerari
1226 1733 1332 1768 quam
1350 1721 1523 1757 simillimo
1539 1733 1688 1756 munere.
1709 1721 1778 1756 Sed
1793 1733 1875 1755 curn
1895 1730 1932 1755 tu
1951 1730 2018 1754 tar-

612 1777 689 1811 dius
707 1775 844 1817 faceres,
864 1774 898 1809 id
914 1773 974 1816 est,
993 1784 1032 1808 ut
1048 1787 1114 1821 ego
1125 1773 1338 1822 interpretor,
1352 1774 1573 1822 diligentius·,
1593 1773 1695 1809 teneri
1711 1786 1778 1809 non
1797 1772 1910 1821 potui,
1930 1772 2018 1820 quin

612 1827 889 1876 conjunffionem
908 1826 1098 1862 studiorum
1117 1827 1307 1874 amorisque
1325 1827 1439 1871 nostri,
1454 1840 1526 1875 quo
1545 1827 1673 1875 pofl'em
1691 1827 1866 1861 literarum
1884 1837 2020 1873 genere,

613 1883 828 1918 declararem.
869 1881 949 1916 Feci
976 1881 1081 1928 igitur
1112 1880 1298 1916 sermonem
1319 1881 1404 1916 inter
1421 1893 1483 1916 nos
1503 1881 1660 1916 habitum
1680 1881 1713 1917 in
1732 1881 1906 1922 Cumano,
1937 1891 2020 1914 cum

613 1937 691 1972 effet
709 1948 778 1971 una
795 1935 1021 1982 Pomponius.
1039 1935 1125 1969 Tibi
1143 1935 1220 1970 dedi
1240 1945 1350 1982 partes
1363 1935 1602 1978 Antiochinas,
1621 1947 1708 1982 quas
1720 1947 1739 1969 a
1757 1944 1790 1970 te
1807 1933 1947 1981 probari
1966 1933 2016 1969 in-

615 1990 774 2026 tellexisse
792 1989 874 2025 mihi
895 1988 1054 2023 videbar:
1075 1988 1159 2023 mihi
1178 1988 1301 2036 sumpsi
1317 1988 1482 2024 Philonis.
1504 1989 1597 2023 Puto
1612 1987 1697 2029 fore,
1711 1997 1764 2029 ut,
1781 1999 1863 2022 cum
1881 1987 2017 2035 legeris,

615 2045 733 2080 mirere
762 2044 795 2078 id
815 2055 876 2079 nos
894 2043 1028 2078 locutos
1046 2043 1109 2078 esse
1128 2042 1213 2077 inter
1232 2055 1305 2085 nos,
1325 2043 1421 2090 quod
1442 2055 1620 2090 nunquam
1639 2042 1747 2077 locuti
1771 2041 1898 2076 sumus.
1951 2041 2018 2076 Sed

617 2097 700 2133 nosti
730 2109 859 2132 morem
877 2096 1105 2143 dialogorum.
1149 2096 1303 2131 Posthaec
1323 2107 1449 2139 autem,
1470 2096 1515 2131 mi
1533 2096 1654 2137 Varro,
1679 2107 1785 2143 quam
1805 2094 1966 2143 plurima,
1995 2094 2018 2130 ss

616 2153 801 2192 videbitur,
815 2162 847 2186 ct
865 2151 906 2185 de
925 2151 1023 2185 nobis
1044 2150 1129 2186 inter
1147 2163 1218 2185 nos.
1248 2151 1330 2186 Sero
1348 2149 1483 2185 fortasse
1498 2165 1505 2185 2
1520 2150 1573 2185 sui
1589 2150 1800 2198 superiorum
1819 2159 2017 2196 temporum

614 2206 754 2241 fortuna
769 2205 968 2252 reipublic-rt:
986 2204 1120 2240 causam
1139 2205 1314 2240 sustineat:
1345 2205 1417 2240 haec
1439 2205 1497 2252 ipsi
1517 2205 1676 2252 praestare
1693 2204 1869 2239 debemus.
1898 2205 2019 2250 Atque

617 2260 746 2294 utinam
775 2259 898 2306 quietis
928 2258 1154 2305 temporibus,
1183 2268 1285 2305 atque
1303 2258 1434 2305 aliquo,
1465 2259 1486 2293 Γι
1508 2270 1574 2293 non
1595 2258 1700 2299 bono,
1729 2267 1762 2292 at
1783 2256 1897 2292 saltem
1926 2266 2019 2291 certo

616 2315 702 2349 statu
720 2313 880 2354 civitatis,
908 2313 979 2348 haec
1001 2313 1086 2348 inter
1105 2326 1164 2347 nos
1184 2313 1293 2348 studia
1314 2325 1466 2348 exercere
1485 2313 1654 2361 poili-inus
1671 2314 1677 2347 3
1709 2313 1924 2360 Qianquam
1943 2321 2018 2345 tum

615 2368 754 2414 quidem
775 2366 828 2401 vel
847 2366 921 2401 alite
941 2366 1115 2414 qua-piam
1136 2366 1279 2401 rationes
1295 2366 1446 2402 honestas
1467 2366 1564 2401 nobis
1581 2377 1614 2400 ct
1633 2378 1730 2400 curas
1743 2376 1775 2400 ct
1795 2365 1942 2400 actiones
1960 2364 2018 2398 da-

617 2431 698 2456 rent.
714 2422 818 2455 ¹Yunc
835 2429 947 2455 autem
959 2420 1043 2469 quid
1055 2421 1114 2459 cst,
1129 2419 1194 2454 sinc
1210 2420 1258 2454 his
1274 2432 1335 2455 cur·
1346 2421 1460 2455 vivere
1475 2420 1646 2455 velimus?
1670 2419 1762 2454 Mihi
1779 2431 1859 2454 vcro
1872 2429 1954 2453 cum
1968 2417 2019 2453 his

617 2474 694 2521 ipsu
709 2475 790 2513 vm
811 2474 861 2508 his
879 2484 992 2508 autem
1006 2474 1176 2514 ‹icta-stis,
1197 2486 1236 2508 ne
1256 2474 1313 2509 vix
1332 2474 1483 2521 quidem.
1510 2474 1575 2508 Sed
1596 2474 1668 2509 haec
1688 2484 1816 2514 coram,
1834 2481 1867 2507 et
1882 2471 2016 2519 i‘aepius.

618 2528 862 2574 migrationem
880 2539 912 2563 ct
930 2528 1140 2576 emptionem
1159 2526 1301 2564 feliciter
1317 2529 1450 2564 evenine
1469 2529 1563 2570 volo.
1589 2538 1759 2575 tuumque
1778 2528 1810 2563 in
1828 2538 1866 2561 ea
1886 2538 1918 2561 re
1936 2536 2018 2561 con·

618 2581 726 2616 lilium
747 2582 866 2627 probo.
912 2585 1006 2616 Cura
1025 2591 1061 2617 ut
1081 2581 1202 2617 valcas.
