2330 2983
435 219 512 273 380
739 214 1522 255 TUSCULANARUM

431 318 651 371 Apparebat
671 317 909 369 epigramma
927 314 1042 354 exesls
1063 314 1332 368 posterioribus
1352 314 1524 367 partibus
1540 313 1828 358 versiculorum,

430 383 640 422 dimidiatis
661 381 752 420 fere.
803 383 860 420 Ita
886 380 1119 419 nobiliffima
1148 381 1308 419 Graeciae
1339 381 1486 425 civitas,
1517 379 1714 432 quondam
1740 392 1830 417 vero

430 449 546 486 etiam
567 447 793 491 doctissima,
822 446 881 484 sui
900 446 995 484 civis
1016 445 1130 484 unius
1150 445 1354 485 acutiffimi
1381 454 1684 484 monumentum
1711 445 1826 497 igno-

428 512 550 558 rafl‘et,
588 512 658 553 nifi
688 513 736 551 ab
765 511 926 550 homine
959 513 1146 565 Arpinate
1179 511 1381 551 didiciffet.
1440 511 1513 551 Sed
1546 511 1686 556 redeat,
1726 510 1826 549 unde

429 579 628 624 aberravit,
659 579 794 616 oratio.

483 646 586 697 Qis
612 645 665 683 est
688 645 886 689 omnium,
915 644 985 696 qui
1005 644 1123 682 modo
1142 657 1233 682 cum
1256 644 1386 688 musis,
1418 643 1457 681 id
1475 643 1542 688 est,
1571 656 1664 681 cum
1683 641 1827 681 huma-

427 713 548 751 nitate
580 721 618 749 et
648 725 743 749 cum
777 710 962 754 doctrina,
995 708 1134 747 habeat
1167 709 1324 761 aliquod
1360 709 1660 754 commercium,
1693 709 1763 761 qui
1790 707 1829 746 se

428 791 506 817 non
523 776 630 814 hunc
650 774 973 814 mathematicum
993 775 1119 819 malit,
1141 788 1259 826 quarn
1278 774 1394 811 illum
1415 773 1651 824 tyrannum?
1683 774 1722 812 Si
1740 773 1829 811 vita:

426 842 594 881 modum
619 841 889 893 actionemque
916 839 1123 892 quaerimus
1136 858 1148 885 3
1181 839 1336 877 alterius
1367 851 1476 877 mens
1503 837 1717 877 rationibus
1744 837 1830 890 agi·

427 908 552 946 tandis
579 906 902 960 exquirendisque
931 906 1116 952 alebatur,
1146 920 1240 944 cum
1268 905 1524 944 oblectatione
1554 903 1730 949 solertiae,
1757 902 1831 956 qui

426 974 481 1013 est
498 987 601 1013 unus
620 973 857 1012 suaviffimus
876 972 1002 1025 pastus
1021 972 1265 1016 animorum
1297 972 1450 1010 alterius
1468 971 1572 1009 caede
1596 980 1635 1009 et
1660 970 1828 1022 injuriis,

424 1053 520 1080 cum
551 1049 591 1078 et
618 1040 760 1078 diurno
788 1048 828 1077 et
857 1040 1046 1078 nocturno
1075 1049 1197 1077 metu.
1246 1040 1348 1090 Age,
1377 1036 1511 1075 confer
1537 1037 1826 1079 Democritum,

427 1104 701 1158 Pythagoram,
732 1106 1015 1158 Anaxagoram.
1066 1105 1166 1155 Qae
1193 1117 1320 1156 regna,
1357 1116 1449 1156 quas
1475 1116 1566 1156 opes
1596 1102 1729 1141 studiis
1757 1113 1827 1139 eo-

429 1185 516 1210 rum
535 1181 573 1210 et
593 1170 910 1209 delectationibus
930 1170 1164 1221 antepones?
1196 1170 1354 1207 Etenim
1375 1182 1461 1222 quae
1487 1181 1571 1222 pars
1596 1169 1746 1222 optima
1774 1167 1828 1205 est

428 1237 470 1274 in
499 1236 674 1279 homine,
705 1235 746 1272 in
775 1247 817 1272 ea
837 1233 951 1272 fitum
981 1234 1052 1272 effe
1077 1233 1220 1272 neceffe
1238 1235 1290 1272 est
1315 1234 1427 1279 illud,
1448 1234 1554 1286 quod
1571 1235 1725 1285 quaeris,
1755 1247 1829 1285 op-

428 1303 587 1341 timum.
638 1299 747 1351 Qid
776 1299 832 1337 est
861 1308 991 1338 autem
1018 1299 1059 1337 in
1084 1298 1244 1338 homine
1263 1299 1384 1352 sagaci
1410 1313 1453 1338 ac
1474 1298 1574 1337 bona
1591 1307 1721 1337 mente
1741 1311 1828 1336 me·

427 1369 501 1407 lius
518 1369 530 1406 ?
561 1368 658 1420 Ejus
679 1367 783 1405 bono
800 1365 1012 1404 fruendum
1031 1365 1084 1404 est
1103 1366 1236 1418 igitur,
1258 1366 1283 1404 fi
1304 1366 1405 1404 beati
1422 1365 1494 1404 effe
1513 1365 1709 1403 volumus.
1749 1365 1829 1402 Bo·

429 1449 525 1474 num
546 1444 675 1473 autern
695 1433 839 1472 mentis
857 1432 911 1471 est
930 1432 1066 1471 virtus.
1104 1433 1210 1485 Ergo
1229 1431 1300 1471 hac
1328 1433 1479 1471 beatam
1499 1432 1618 1470 vitam
1637 1430 1830 1470 contineri

428 1500 573 1539 necess‘e
592 1500 658 1539 est.
709 1499 819 1538 Hinc
839 1498 984 1543 omnia,
1015 1512 1100 1550 quae
1126 1497 1301 1551 pulchra,
1332 1497 1502 1544 honesta,
1531 1497 1707 1551 praeclara
1725 1497 1828 1542 sunt,

429 1567 492 1618 (ut
511 1566 621 1619 supra
639 1565 721 1604 dixi
734 1582 746 1609 ς
777 1563 839 1603 sed
865 1563 1078 1602 dicendum
1099 1563 1203 1602 idem
1223 1563 1322 1602 illud
1344 1564 1460 1617 paulo
1481 1564 1635 1601 uberius
1657 1563 1826 1613 videtur)

429 1632 540 1685 plena
570 1631 800 1684 gaudiorum
830 1629 931 1668 sunt.
981 1629 1044 1667 Ex
1074 1629 1266 1682 perpetuis
1296 1639 1426 1668 autem
1453 1628 1652 1682 plenisque
1677 1629 1829 1681 gaudiis

429 1712 520 1736 curn
541 1695 786 1749 perspicuum
806 1694 849 1733 fit
869 1694 989 1733 vitam
1010 1694 1160 1732 beatam
1180 1695 1349 1740 existere,
1381 1694 1550 1748 sequitur
1570 1703 1613 1731 ut
1632 1706 1676 1732 ea
1694 1693 1828 1732 existat

427 1778 474 1803 ex
494 1762 702 1802 honestate.

484 1829 637 1868 XXIV.
670 1827 756 1871 Sed,
786 1839 834 1865 ne
864 1825 990 1866 verbis
1020 1825 1147 1866 solum
1176 1826 1411 1879 attingamus
1442 1839 1498 1871 ea,
1529 1839 1615 1878 quae
1647 1825 1827 1864 volumus

428 1895 635 1938 ostendere,
667 1891 913 1945 proponenda
942 1891 1118 1943 quaedam
1149 1892 1253 1943 quasi
1285 1892 1478 1930 moventia
1507 1891 1608 1936 sunt,
1643 1904 1728 1944 quae
1759 1905 1827 1929 nos

430 1961 552 2013 magis
589 1960 634 1997 ad
663 1958 928 2010 cognitionem
960 1956 1332 2009 intelligentiamque
1361 1967 1597 1996 convertant.
1648 1959 1829 1995 Sumatur

428 2027 536 2065 enim
568 2025 678 2063 nobis
709 2023 869 2076 quidam
900 2022 1073 2075 praestans
1105 2023 1162 2060 vir
1191 2023 1351 2075 optimis
1381 2022 1540 2066 artibus,
1571 2021 1676 2074 isque
1695 2023 1827 2060 animo

430 2104 637 2146 parumper
666 2099 705 2128 et
735 2089 966 2142 cogitatione
986 2087 1166 2141 fingatur.
1199 2086 1391 2134 Primum,
1419 2089 1574 2141 ingenio
1600 2088 1746 2126 eximio
1767 2088 1824 2133 sit,

431 2157 572 2196 necesse
591 2156 667 2200 est;
700 2155 814 2194 tardis
845 2154 952 2193 enim
982 2154 1180 2194 mentibus
1212 2154 1331 2193 virtus
1365 2167 1441 2192 non
1462 2153 1574 2192 facile
1602 2154 1824 2193 comitatur.

431 2222 584 2263 Deinde
621 2221 666 2260 ad
704 2221 1003 2273 investigandam
1042 2221 1240 2258 veritatem
1275 2220 1400 2258 studio
1436 2219 1623 2264 incitat0;
1669 2234 1715 2258 ex
1747 2234 1828 2272 quo

430 2290 571 2343 triplex
591 2288 655 2327 ille
674 2287 794 2326 animi
815 2286 932 2325 foetus
962 2286 1119 2326 existet:
1153 2300 1251 2324 unus
1273 2286 1312 2324 in
1334 2286 1556 2339 cognitione
1577 2300 1703 2325 rerum
1725 2285 1825 2338 poli·

431 2366 506 2400 tus,
536 2365 574 2395 et
605 2355 642 2393 in
670 2353 927 2406 explicatione
948 2361 1113 2397 natura-*5
1145 2352 1239 2389 alter
1260 2353 1299 2391 in
1319 2351 1573 2404 descriptione
1593 2351 1825 2405 expetenda-

432 2436 518 2460 rum
539 2420 858 2474 fugiendarumve
888 2432 1043 2462 rerusn;
1075 2418 1208 2456 tertius
1240 2419 1280 2456 in
1307 2417 1531 2470 judicando,
1563 2418 1658 2471 quid
1684 2418 1826 2470 cuique

432 2487 483 2525 rei
515 2486 557 2524 fit
591 2486 839 2538 consequens,
874 2484 969 2537 quid
1000 2495 1240 2536 repugnans;
1280 2483 1320 2521 in
1351 2496 1431 2535 quo
1461 2483 1555 2522 inest
1583 2482 1711 2523 omnis
1739 2491 1824 2521 tum

430 2551 617 2591 subtilitas
647 2551 860 2596 differendi,
894 2560 978 2590 tum
1000 2549 1135 2589 veritas
1151 2547 1367 2601 judicandi.
