2330 2983
488 297 566 334 402
746 285 838 323 DE
896 276 1219 323 NATUR'A
1276 285 1611 325 DEORUM

489 384 735 435 QLucilius
757 384 895 421 Balbus
912 402 923 428 ;
946 385 1012 435 qui
1034 393 1157 422 tantos
1175 383 1384 437 progressus
1402 383 1566 422 habebat
1585 384 1625 422 in
1645 383 1794 429 Stoicis,
1824 393 1868 423 ut

486 462 577 486 cum
608 449 881 487 excellentibus
907 450 947 486 in
967 463 1011 487 eo
1030 463 1167 502 genere
1186 451 1331 488 Graecis
1351 458 1644 502 compararetur.
1680 450 1804 494 Tum,
1825 458 1870 487 ut

486 528 548 551 me
587 516 702 552 Cotta
739 515 861 559 vidit,
892 515 1205 568 Peropportune,
1233 516 1373 567 inquit,
1421 515 1539 553 venis.
1595 515 1730 552 Oritur
1762 514 1871 552 enirn

486 579 585 617 mihi
606 593 742 631 magna
769 580 814 618 de
844 593 882 618 re
907 580 1099 618 altercatio
1124 595 1216 619 cum
1233 581 1408 625 Velleio5
1447 581 1524 625 cui,
1547 593 1614 633 pro
1634 588 1702 618 tuo
1727 579 1873 623 studio,

485 659 562 684 non
584 646 636 684 est
656 646 822 684 alienum
838 655 874 683 te
895 646 1077 684 intereffe.
1216 694 1219 696 q

540 713 632 750 VII.
664 713 787 764 Atqui
822 711 921 750 mihi
955 725 1109 764 quoque
1137 712 1278 756 videor,
1309 713 1483 764 inquam,
1512 712 1662 757 veniffe,
1693 720 1737 749 ut
1756 710 1870 755 dicis,

484 788 711 831 opportune.
734 779 829 815 Tres
844 778 949 815 enim
970 778 1088 815 trium
1108 777 1394 828 disciplinarum
1415 778 1604 829 principes
1623 777 1864 815 convenistis.

485 845 549 882 M.
582 843 668 882 Piso
695 843 720 880 fi
751 842 898 887 adesset,
929 842 1072 880 nullius
1101 841 1367 894 philosophiae,
1394 855 1524 880 earum
1545 842 1703 894 quidem
1723 855 1807 893 quae
1826 842 1867 879 in

485 907 629 946 honore
655 907 755 953 sunt,
786 916 931 946 vacaret
952 907 1074 945 locus.
1121 909 1230 945 Tum
1251 909 1380 952 Cotta,
1411 907 1464 952 Si,
1497 907 1636 959 inquit,
1666 906 1763 944 liber
1782 907 1871 944 An-

484 973 605 1011 tiochi
632 973 761 1018 nostri,
793 973 862 1025 qui
881 973 927 1011 ab
956 986 1001 1011 eo
1024 986 1145 1025 nuper
1163 973 1211 1010 ad
1228 971 1332 1010 hunc
1349 973 1514 1011 Balbum
1536 972 1668 1011 missus
1687 972 1753 1016 est,
1783 983 1873 1009 vera

484 1039 657 1092 loquitur
676 1058 687 1084 3
721 1038 819 1076 nihil
838 1038 903 1084 est,
939 1039 1042 1090 quod
1061 1038 1256 1083 Pisonem,
1275 1037 1503 1076 familiarem
1522 1047 1648 1082 tuum,
1670 1036 1867 1075 desideres.

484 1104 682 1142 Antiocho
708 1105 813 1142 enim
837 1103 955 1142 Stoici
974 1117 1067 1141 cum
1097 1103 1356 1156 Peripateticis
1382 1117 1421 1140 re
1449 1104 1649 1141 concinere
1677 1102 1869 1146 videntur,

483 1171 605 1208 verbis
621 1170 827 1222 discrepare
845 1183 853 1207 :
885 1182 964 1221 quo
989 1169 1035 1206 de
1054 1168 1154 1207 libro
1173 1169 1289 1206 velim
1309 1169 1414 1213 scire,
1438 1168 1568 1213 Balbe,
1597 1168 1693 1221 quid
1711 1167 1862 1206 sentias.

483 1240 652 1292 Egone?
683 1240 812 1291 inquit
843 1239 935 1277 ille:
972 1239 1104 1283 miror,
1138 1237 1397 1283 Antiochum,
1429 1237 1631 1277 hominem
1662 1238 1702 1276 in
1732 1237 1869 1290 primis

483 1315 656 1350 acutum,
677 1318 754 1343 non
770 1303 910 1349 vidiffe,
927 1303 1098 1342 intereffe
1113 1304 1328 1356 plurimum
1340 1304 1439 1341 inter
1452 1303 1612 1349 Stoicos,
1628 1304 1696 1355 qui
1714 1302 1872 1342 honesta

483 1384 504 1408 a
541 1370 758 1409 commodis
791 1383 869 1408 non
903 1368 1075 1414 nomine,
1105 1369 1167 1407 sed
1199 1382 1334 1421 genere
1368 1378 1464 1414 toto,
1494 1369 1754 1421 disjungerent
1773 1387 1785 1412 ;
1829 1378 1872 1406 et

484 1437 770 1490 Peripateticos,
801 1436 870 1488 qui
900 1434 1056 1474 honesta
1076 1435 1373 1474 commiscerent
1390 1448 1483 1473 cum
1502 1434 1737 1478 commodis,
1766 1443 1808 1472 ut
1826 1447 1871 1472 ea

483 1504 582 1541 inter
612 1503 647 1541 se
678 1501 942 1554 magnitudine
971 1510 1008 1539 et
1027 1501 1130 1554 quasi
1149 1500 1342 1553 gradibus,
1372 1513 1450 1538 non
1480 1513 1628 1553 genere,
1658 1498 1868 1538 differrent.

484 1569 581 1607 Haec
617 1569 722 1606 enim
755 1567 807 1605 est
832 1580 910 1605 non
936 1567 1140 1605 verborum
1171 1579 1296 1618 parva,
1331 1565 1393 1603 sed
1421 1579 1547 1604 rerum
1567 1579 1771 1618 permagna
1789 1565 1868 1603 dis-

485 1634 615 1672 senfio.
664 1633 811 1671 Verum
830 1631 911 1670 haec
930 1631 1019 1669 alias
1040 1649 1053 1676 ς
1084 1645 1187 1670 nunc
1209 1631 1311 1683 quod
1330 1631 1536 1683 caepimus,
1565 1631 1592 1669 si
1612 1631 1775 1669 videtur.

541 1698 647 1736 Mihi
667 1711 770 1741 vero,
798 1697 926 1748 inquit
952 1692 1081 1741 Cotta,
1104 1696 1267 1734 videtur.
1298 1696 1368 1734 Sed
1390 1705 1431 1734 ut
1451 1695 1530 1739 hic,
1560 1695 1628 1747 qui
1647 1696 1866 1740 intervenit,

486 1778 549 1803 me
569 1765 736 1807 intuens,
776 1775 823 1799 ne
848 1762 1011 1813 ignoret,
1041 1774 1126 1812 quae
1152 1773 1209 1798 res
1240 1770 1383 1812 agatur,
1419 1761 1465 1798 de
1499 1769 1630 1798 natura
1662 1760 1868 1813 agebamus

487 1831 673 1868 Deorum.
705 1829 802 1878 Qae
822 1840 912 1864 cum
930 1825 1031 1864 mihi
1047 1826 1235 1863 videretur
1250 1825 1488 1877 perobscura,
1512 1827 1573 1876 (ut
1590 1825 1734 1878 semper
1749 1826 1868 1863 videri

486 1895 596 1946 solet)
626 1893 785 1947 Epicuri
815 1905 863 1930 ex
891 1891 1042 1929 Velleio
1070 1891 1282 1929 sciscitabar
1307 1890 1544 1929 sententiam.
1587 1890 1867 1942 Quamobrem,

486 1961 628 2012 inquit,
659 1959 796 2002 Vellei,
828 1957 895 1995 nisi
926 1956 1131 1994 molestum
1161 1957 1227 2001 est,
1266 1966 1391 2009 repete
1420 1970 1504 2008 quae
1527 1969 1708 2009 coeperas.
1739 1956 1868 2008 Repe-

486 2036 565 2064 tam
588 2038 688 2063 vero.
712 2026 947 2075 Qanquam
964 2035 1040 2060 non
1056 2021 1170 2065 mihi,
1192 2021 1252 2059 sed
1271 2022 1355 2065 tibi,
1377 2020 1441 2059 hic
1458 2022 1561 2059 venit
1573 2022 1732 2073 adjutor.
1767 2023 1868 2060 Am-

488 2092 538 2129 bo
557 2091 676 2134 enim,
697 2088 824 2140 inquit
844 2087 1023 2131 arridens,
1049 2087 1096 2125 ab
1115 2086 1249 2124 eodem
1272 2084 1447 2130 Philone,
1470 2084 1567 2123 nihil
1588 2085 1691 2130 scire,
1712 2085 1867 2123 didicis-

487 2157 550 2195 tis.
581 2157 692 2193 Tum
712 2167 797 2206 ego,
819 2153 926 2205 Qid
946 2152 1210 2196 didicerimus,
1228 2153 1346 2189 Cotta
1363 2150 1520 2195 viderit,
1541 2160 1581 2188 tu
1598 2159 1740 2195 autem,
1763 2151 1866 2194 nolo.

488 2221 694 2264 existimes,
724 2233 786 2257 me
815 2219 1026 2270 adjutorem
1060 2217 1152 2255 huic
1182 2216 1333 2261 veniffe,
1364 2215 1423 2254 sed
1457 2217 1684 2260 auditorem,
1713 2226 1750 2254 et
1778 2217 1868 2268 qui-

489 2287 578 2325 dem
607 2298 773 2338 aequum,
796 2284 916 2322 libero
930 2283 1093 2335 judicio,
1115 2283 1219 2321 nulla
1237 2282 1424 2334 ejusmodi
1439 2282 1630 2320 astrictum
1644 2281 1869 2327 necestitate,

491 2362 531 2391 ut
552 2351 666 2396 mihi,
696 2350 826 2395 velim,
858 2350 995 2394 nolim,
1026 2349 1068 2387 s1t
1088 2359 1187 2387 certa
1206 2348 1379 2401 quaedam
1400 2348 1539 2386 tuenda
1558 2347 1750 2386 sententia.

524 2419 635 2456 VIII.
668 2418 776 2455 Tum
817 2416 1000 2460 Velleius,
1036 2415 1192 2453 fidenter
1225 2415 1320 2459 sane,
1353 2424 1395 2452 ut
1426 2414 1544 2452 solent
1569 2413 1643 2458 isti,
1673 2413 1769 2451 nihil
1791 2422 1870 2452 tam

491 2497 634 2527 verens,
665 2496 782 2536 quam
803 2495 848 2520 ne
864 2481 1035 2519 dubitare
1055 2481 1180 2533 aliqua
1199 2480 1244 2517 dc
1262 2494 1298 2518 rc
1317 2480 1518 2524 videretur,
1551 2489 1732 2531 tanquam
1752 2479 1869 2517 modo

490 2562 536 2586 ex
569 2550 741 2586 Deorum
772 2545 951 2590 concilio,
981 2554 1017 2584 et
1052 2559 1096 2583 ex
1121 2545 1280 2597 Epicuri
1313 2545 1579 2583 intermundiis
1600 2543 1866 2587 descendiss'et;

493 2613 647 2657 Audite,
679 2613 819 2664 inquit,
854 2625 930 2651 non
961 2610 1090 2651 futiles
1129 2609 1486 2661 commentitiasque
1525 2609 1746 2653 sententias;
1792 2621 1868 2647 non
