2330 2983
738 271 1014 310 LIBER
1077 272 1437 312 PRIMUS.
1705 278 1779 331 26,-

388 370 537 423 suisque
557 369 741 415 consulat,
772 379 810 407 et
839 369 1095 421 posteritatem
1116 371 1249 423 ipsam,
1272 371 1381 424 cujus
1409 370 1555 410 sensum
1584 371 1782 413 habiturus

388 450 466 476 non
486 436 544 481 fit,
574 436 621 473 ad
640 435 676 472 se
696 444 807 487 putet
826 435 1025 487 pertinere.
1076 437 1202 486 Qare
1221 437 1324 481 licet,
1347 438 1462 475 etiam
1487 439 1689 478 mortalem
1709 440 1782 478 effe

387 503 561 541 animum
576 500 818 553 judicantem
839 510 974 539 aeterna
993 500 1138 546 moliri,
1160 514 1237 539 non
1268 501 1398 554 gloriae
1417 504 1639 555 cupiditate,
1662 518 1781 557 quam

385 567 555 606 sensurus
589 580 667 605 non
701 566 758 611 fit,
790 566 853 604 sed
886 567 1052 611 virtutis,
1085 580 1202 619 quam
1222 566 1422 606 neceffario
1454 568 1588 620 gloria,
1619 571 1734 609 etiam
1754 572 1780 610 s1

385 642 430 672 tu
448 633 488 670 id
508 646 586 671 non
607 645 706 686 agas,
733 631 996 685 consequatur.
1047 633 1195 671 Natura
1214 645 1304 670 vero
1324 633 1373 671 fic
1394 633 1429 670 se
1448 632 1577 679 habet,
1610 645 1667 679 ut,
1703 650 1781 689 quo

384 699 502 736 modo
521 699 680 737 initium
701 698 812 737 nobis
832 712 959 737 rerum
978 698 1157 737 omnium
1176 707 1282 737 ortus
1309 699 1433 737 noster
1451 698 1593 743 afferat,
1626 700 1676 738 sic
1697 702 1780 739 exi-

384 773 472 803 tum
492 778 609 803 mors.
655 766 713 803 Ut
733 764 832 803 nihil
853 764 1038 817 pertinuit
1060 765 1107 803 ad
1126 778 1194 803 nos
1215 774 1301 803 ante
1320 774 1464 810 ortum,
1496 765 1545 803 fic
1569 765 1667 804 nihil
1698 768 1782 820 post

383 841 552 869 mortem
572 831 793 884 pertinebit.
826 832 871 869 In
892 844 970 884 quo
990 831 1084 883 quid
1103 831 1226 884 potest
1245 831 1316 869 effe
1335 832 1443 876 mali,
1470 845 1563 870 curn
1583 845 1686 871 mors
1708 847 1779 871 nec

381 896 429 933 ad
459 896 564 934 vivos
598 896 795 949 pertineat,
831 909 901 934 nec
932 896 978 934 ad
998 897 1201 935 mortuos?
1232 896 1357 935 Alteri
1387 896 1486 935 nulli
1516 897 1615 943 sunt,
1643 898 1778 937 alteros

383 975 461 999 non
482 962 652 1014 attingit.

439 1028 569 1078 Qam
605 1026 673 1079 qui
706 1026 888 1065 leviorem
908 1026 1069 1072 faciunt,
1100 1026 1224 1065 somni
1255 1027 1493 1065 simillimam
1525 1028 1662 1067 volunt
1691 1028 1775 1068 effe.

383 1092 500 1143 Qafi
532 1104 620 1130 vero
653 1091 857 1144 quisquam
877 1092 929 1130 ita
949 1092 1156 1144 nonaginta
1174 1105 1291 1130 annos
1311 1093 1403 1130 velit
1421 1093 1559 1137 vivere,
1595 1104 1652 1138 ut,
1686 1107 1779 1132 cum

382 1157 572 1210 sexaginta
601 1157 824 1203 confecerit,
855 1158 1022 1211 reliquos
1056 1158 1236 1197 dormiat.
1286 1159 1350 1198 Ne
1369 1158 1450 1197 sues
1471 1159 1629 1211 quidem
1652 1160 1692 1197 id
1711 1174 1778 1198 ve-

380 1223 470 1263 lint.
502 1224 726 1275 Endymion
745 1237 847 1269 vero,
877 1224 904 1262 fi
936 1223 1082 1263 fabulas
1102 1225 1231 1262 audire
1254 1225 1449 1270 volumus,
1480 1225 1604 1264 nescio
1625 1226 1778 1278 quando

381 1290 423 1328 in
443 1290 586 1328 Latmo
619 1289 870 1335 obdormivit,
905 1290 973 1342 qui
993 1290 1045 1328 est
1070 1303 1180 1328 mons
1202 1291 1336 1328 Cariae.
1386 1290 1593 1338 Nondum,
1623 1293 1776 1344 opinor,

380 1355 435 1394 est
453 1357 707 1408 experrectus.
740 1355 852 1393 Num
872 1355 991 1408 igitur
1010 1369 1099 1393 eurn
1120 1369 1249 1393 curare
1268 1355 1409 1400 censes,
1423 1369 1515 1393 cum
1535 1357 1647 1394 Luna
1666 1357 1775 1395 labo-

381 1431 452 1467 ret,
483 1435 502 1459 a
521 1434 596 1474 qua
615 1421 833 1474 consopitus
854 1430 1022 1473 putatur,
1053 1431 1097 1460 ut
1126 1435 1216 1460 eum
1235 1422 1492 1460 dormientem
1517 1422 1775 1460 oscularetur?

382 1488 492 1540 Qid
512 1497 618 1526 curet
638 1497 781 1532 autem,
803 1487 871 1540 qui
891 1500 939 1525 ne
970 1487 1081 1526 sentit
1104 1488 1291 1541 quidem?
1323 1488 1454 1526 Habes
1476 1488 1654 1526 somnum
1675 1489 1774 1526 ima-

379 1554 511 1607 ginem
532 1553 681 1597 mortis,
712 1565 873 1604 eamque
893 1552 1067 1604 quotidie
1086 1553 1228 1591 induis.
1275 1553 1328 1590 Et
1347 1552 1514 1598 dubitas,
1535 1552 1631 1605 quin
1652 1553 1776 1593 sensus

380 1620 421 1658 in
442 1627 567 1657 morte
599 1618 729 1657 nullus
762 1619 821 1664 fit,
851 1632 944 1657 cum
964 1619 1004 1656 in
1035 1620 1114 1671 ejus
1135 1618 1337 1658 simulacro
1370 1618 1495 1657 videas
1527 1619 1599 1657 effe
1621 1620 1776 1659 nullum

378 1683 528 1726 sensum
545 1684 559 1721 ?

432 1750 627 1788 XXXIX.
659 1749 855 1788 Pellantur
873 1763 964 1803 ergo
981 1749 1056 1787 istae
1075 1749 1229 1802 ineptiae
1249 1762 1344 1802 pene
1363 1749 1494 1794 aniles,
1515 1758 1602 1787 ante
1621 1758 1775 1804 tempus

381 1816 479 1854 mori
501 1815 685 1854 miserum
705 1816 788 1854 effe.
839 1816 956 1868 Qod
984 1815 1137 1854 tandem
1170 1815 1351 1868 tempus?
1383 1816 1617 1854 Naturaene?
1647 1818 1703 1855 At
1733 1830 1776 1855 ea

378 1881 539 1934 quidem
571 1881 677 1919 dedit
708 1882 859 1919 usuram
890 1882 988 1926 vitae,
1010 1890 1193 1933 tanquam
1214 1881 1399 1933 pecuniae,
1433 1882 1538 1919 nulla
1569 1882 1775 1935 praestituta

379 1948 454 1986 die.
487 1947 596 2000 Qid
615 1947 667 1985 est
687 1947 818 2001 igitur,
836 1949 939 2001 quod
959 1961 1129 2000 querare,
1151 1947 1177 1985 fi
1198 1948 1346 2000 repetit,
1360 1961 1453 1986 cum
1473 1948 1556 1986 vult
1574 1949 1586 1985 ?
1607 1962 1650 1987 ea
1668 1950 1775 1989 enim

378 2014 599 2052 conditione
619 2026 830 2067 acceperas.
862 2015 1001 2059 Iidem,
1023 2015 1049 2052 fi
1070 2028 1162 2067 puer
1182 2027 1317 2068 parvus
1336 2014 1494 2059 occidit,
1515 2028 1625 2068 aequo
1644 2015 1776 2056 animo

378 2079 580 2119 ferendum
613 2090 776 2134 putant:
819 2082 845 2120 fi
879 2095 966 2120 vero
997 2082 1037 2120 in
1070 2082 1196 2126 cunis,
1238 2095 1283 2120 ne
1317 2081 1556 2133 querendum
1596 2083 1772 2134 quidem.

378 2147 502 2198 Atqui
520 2147 566 2184 ab
598 2145 675 2184 hoc
708 2147 879 2185 acerbius
912 2147 1040 2200 exegit
1074 2156 1218 2192 natura,
1248 2147 1354 2199 quod
1373 2146 1538 2186 dederat.
1580 2148 1774 2187 Nondum

377 2211 598 2263 gustaverat,
634 2212 831 2264 inquiunt,
864 2213 951 2250 vitae
984 2213 1203 2250 suavitatem
1225 2230 1237 2257 ς
1268 2211 1334 2250 hic
1354 2221 1482 2250 autem
1504 2213 1585 2265 jam
1606 2213 1774 2266 sperabat

380 2290 531 2329 magna,
563 2277 705 2329 quibus
737 2276 813 2315 frui
846 2286 1027 2330 coeperat.
1077 2279 1132 2316 At
1152 2278 1190 2316 id
1211 2278 1369 2330 quidem
1400 2278 1526 2330 ipsum
1559 2281 1597 2316 in
1628 2280 1772 2317 caeteris

379 2342 489 2379 rebus
511 2342 650 2380 melius
671 2352 839 2394 putatur,
869 2344 1037 2396 aliquam
1058 2354 1219 2397 partem,
1240 2358 1357 2397 quam
1378 2344 1540 2389 nullam,
1561 2345 1744 2396 attingere
1756 2361 1769 2389 5

379 2419 447 2444 cur
468 2407 506 2444 in
527 2407 604 2444 vita
623 2407 725 2445 secus
744 2407 758 2444 ?
801 2409 1035 2461 Qanquam
1056 2422 1133 2448 non
1153 2409 1253 2447 male
1284 2409 1336 2446 ait
1356 2407 1634 2452 Callimachus,
1664 2409 1773 2447 multo

364 2472 502 2525 stepius
529 2473 728 2526 lacrymaffi’
757 2475 960 2520 Priamum,
987 2489 1091 2528 quam
1112 2472 1283 2515 Troilum.
1343 2475 1491 2513 Eorum
1522 2483 1665 2518 autem,
1701 2473 1771 2526 qui

379 2539 507 2575 exacta
537 2547 644 2576 aetate
675 2539 906 2585 moriuntur,
937 2539 1089 2578 fortuna
1122 2541 1308 2578 laudatur.
1357 2540 1469 2578 Cur?
1518 2539 1638 2583 Nam,
1674 2553 1770 2584 reor,

380 2603 512 2647 nullis,
543 2603 569 2641 fi
600 2604 677 2642 vita
696 2604 848 2659 longior
877 2605 1040 2652 daretur,
1072 2605 1188 2659 posset
1206 2605 1276 2644 effe
1295 2604 1517 2658 jucundior.
1576 2603 1693 2644 Nihil
1719 2604 1771 2644 est

480 2670 519 2708 T
533 2682 557 2708 0
573 2682 625 2709 M.
657 2670 710 2709 ΙΙ.
1403 2671 1436 2708 L
1458 2670 1471 2708 l
