2330 2983
465 212 544 267 384
773 207 1557 248 TUSCULANARUM

461 304 573 356 vii'fta,
595 310 728 350 moesta
743 302 913 348 discedit.
937 308 1155 361 Nunquam
1176 317 1350 346 naturam
1370 320 1455 346 mos
1476 307 1646 346 vinceret
1656 326 1669 354 ς
1691 308 1744 348 est
1757 311 1864 351 enim

461 392 504 416 ea
516 378 663 429 semper
679 376 831 414 invicta.
854 375 926 413 Sed
945 388 1015 414 nos
1031 374 1196 420 umbris,
1210 374 1372 420 deliciis,
1393 375 1487 419 otio,
1508 374 1705 427 languore,
1726 375 1866 415 defidia

459 444 637 481 animum
657 441 891 488 infecimus;
922 441 1188 496 opinionibus,
1209 441 1390 495 maloque
1405 453 1513 480 more
1528 441 1738 480 delinitum
1757 443 1863 481 mol-

460 510 633 548 livimus.
684 508 944 561 Egyptiorum
975 521 1126 546 morem
1155 507 1243 560 quis
1273 507 1455 560 ignorat?
1498 520 1668 560 quorum
1701 508 1865 547 imbutae

459 584 608 613 mentes
629 573 824 628 pravitatis
843 573 1048 618 erroribus,
1065 574 1242 626 quamvis
1261 572 1524 612 carnificinam
1539 573 1646 626 prius
1663 572 1861 618 subierint,

459 655 579 695 quam
598 640 712 685 ibim,
742 649 807 678 aut
824 639 1006 693 aspidem,
1038 649 1103 678 aut
1123 638 1255 685 felem,
1276 648 1343 677 aut
1359 653 1509 684 canem,
1530 649 1595 677 aut
1621 639 1862 678 crocodilum

458 707 603 746 violent
619 720 629 743 :
651 718 819 758 quorum
839 704 956 742 etiam
973 703 998 741 fi
1016 703 1277 757 imprudentes
1293 704 1495 757 quippiam
1514 702 1690 750 fecerint,
1706 717 1862 758 poenam

459 773 608 812 nullam
629 770 815 809 recusent.

514 839 576 877 De
596 836 823 875 hominibus
844 835 995 887 loquor.
1028 833 1138 884 Qid
1159 833 1312 872 bestiae?
1344 847 1422 872 non
1442 833 1579 888 frigus,
1601 848 1680 873 non
1699 833 1860 880 famem,

458 917 536 943 non
557 903 799 954 montivagos
819 911 932 954 atque
949 899 1126 938 silvestres
1147 899 1292 946 cursus,
1309 900 1624 954 lustrationesque
1639 900 1859 954 patiuntur?

458 970 554 1009 Non
573 983 644 1023 pro
670 968 736 1007 suo
756 977 865 1021 partu
885 967 939 1005 ita
958 975 1216 1020 propugnant,
1245 976 1288 1005 ut
1307 966 1464 1005 vulnera
1493 968 1703 1020 excipiant,
1734 966 1862 1005 nullos

458 1037 641 1089 impetus,
659 1034 785 1073 nullos
807 1034 904 1071 letus
924 1031 1174 1071 reformident
1193 1033 1206 1070 ?
1229 1033 1400 1078 Omitto,
1422 1047 1508 1086 quae
1527 1032 1732 1086 perferant,
1753 1045 1862 1084 quae-

457 1115 535 1154 que
565 1101 757 1154 patiantur
786 1098 993 1142 ambitiosi,
1024 1097 1181 1137 honoris
1210 1098 1319 1137 causti
1335 1117 1346 1143 3
1379 1099 1502 1137 laudis
1533 1098 1699 1143 studiofi,
1730 1098 1862 1151 gloriae

457 1167 578 1220 gratia
595 1185 605 1210 ;
637 1178 767 1203 amore
787 1163 944 1208 incensi,
975 1163 1210 1216 cupiditatis.
1244 1163 1361 1202 Plena
1392 1165 1470 1202 vita
1497 1164 1766 1217 exemplorum
1791 1163 1858 1201 est.

457 1232 528 1270 Sed
548 1231 726 1269 adhibeat
744 1230 866 1267 oratio
885 1229 1062 1273 modum,
1083 1238 1122 1266 et
1142 1229 1269 1267 redeat
1289 1229 1398 1274 illuc,
1420 1230 1521 1268 unde
1540 1230 1710 1270 deflexit.

512 1296 707 1337 XXVIII,
741 1295 876 1339 Dabit,
912 1294 1032 1339 dabit,
1066 1295 1241 1346 inquam,
1272 1294 1308 1332 se
1334 1295 1374 1332 in
1396 1303 1587 1333 tormenta
1616 1295 1696 1332 vita
1725 1294 1860 1340 beata;

459 1377 528 1404 nec
542 1363 748 1416 justitiam,
771 1361 1080 1413 temperantiam,
1108 1360 1147 1398 in
1165 1360 1377 1413 primisque
1397 1359 1683 1405 fortitudinem,
1705 1361 1860 1413 magni-

457 1430 638 1468 tudinem
657 1427 791 1472 animi,
827 1427 1053 1480 patientiam
1083 1426 1293 1480 prosecuta,
1324 1440 1418 1465 cum
1448 1427 1603 1465 tortoris
1632 1439 1675 1465 os
1707 1426 1860 1471 viderit,

457 1496 632 1534 consistet
648 1513 660 1540 ς
692 1493 974 1545 virtutibusque
993 1493 1177 1530 omnibus
1198 1493 1274 1531 fine
1295 1493 1375 1531 ullo
1395 1493 1516 1531 animi.
1540 1502 1679 1531 terrore
1705 1493 1751 1531 ad
1770 1506 1862 1532 cru-

457 1562 604 1600 ciatum
627 1559 820 1615 profeffis,
843 1559 980 1597 resistet
999 1568 1106 1597 extra
1125 1557 1237 1604 fores,
1260 1568 1303 1597 ut
1323 1569 1414 1597 ante
1430 1559 1526 1604 dixi,
1555 1560 1756 1612 limenque
1773 1573 1860 1598 car-

458 1628 567 1667 ceris.
611 1627 719 1679 Qid
744 1626 849 1664 enim
869 1625 914 1663 ea
933 1623 1089 1670 foedius,
1124 1625 1219 1678 quid
1239 1624 1452 1664 deformius
1472 1625 1549 1664 sola
1569 1626 1712 1670 relic'tfi,
1730 1626 1860 1664 comi-

459 1705 540 1732 tatu
562 1692 826 1747 pulcherrimo
845 1691 1062 1744 segregata?
1085 1691 1205 1742 Qod
1222 1701 1349 1730 tamen
1369 1691 1451 1730 fieri
1472 1692 1583 1730 nullo
1596 1694 1707 1745 pacto
1721 1692 1858 1745 potest.

457 1762 498 1801 N
503 1775 545 1800 ec
565 1761 670 1799 enim
691 1760 850 1797 virtutes
870 1758 946 1796 fine
978 1758 1085 1796 beata
1105 1758 1182 1796 vita
1202 1756 1390 1796 cohaerere
1409 1757 1575 1811 possunt,
1598 1771 1668 1796 nec
1696 1759 1762 1796 illa
1782 1759 1859 1797 sine

457 1827 679 1866 virtutibus.
712 1826 844 1878 Itaque
864 1837 948 1862 eam
970 1823 1202 1876 tergiversari
1224 1837 1301 1862 non
1322 1823 1457 1868 sinent,
1474 1823 1858 1878 secumquerapient,

458 1893 504 1931 ad
524 1903 799 1945 quemcunque
816 1889 903 1942 ipsae
924 1888 1096 1927 dolorem
1117 1889 1411 1941 cruciatumque
1431 1888 1632 1927 ducentur.
1672 1890 1859 1942 Sapientis

457 1959 509 1997 est
529 1959 633 1996 enim
654 1957 869 2010 proprium,
893 1953 1004 1999 nihil,
1026 1955 1131 2007 quod
1152 1956 1336 2007 poenitere
1357 1955 1481 2008 poffit,
1510 1954 1646 1999 facere,
1676 1955 1774 1993 nihil
1796 1957 1859 1994 in·

459 2026 583 2063 vitum
603 2042 613 2068 ;
647 2022 854 2076 splendide,
875 2021 1103 2065 constanter,
1125 2021 1302 2073 graviter,
1325 2019 1480 2062 honeste
1498 2021 1653 2058 omnia:
1688 2020 1784 2059 nihil
1807 2023 1859 2059 ita

457 2092 668 2143 expectare,
690 2088 791 2140 quasi
813 2097 918 2126 certo
950 2086 1125 2125 futurum
1145 2105 1158 2131 ‚-
1178 2085 1290 2130 nihil,
1327 2100 1418 2124 cum
1438 2086 1630 2130 acciderit,
1663 2086 1856 2132 admirari,

458 2166 501 2195 ut
521 2156 766 2209 inopinatum
787 2168 828 2192 ac
851 2168 994 2193 novum
1016 2152 1190 2191 accidiffe
1210 2153 1404 2197 videatur;
1436 2153 1567 2190 omnia
1591 2153 1635 2190 ad
1665 2153 1774 2191 suum
1797 2167 1857 2190 ar-

459 2223 619 2261 bitrium
653 2220 815 2265 referre3
849 2221 922 2258 suis
944 2222 1033 2258 stare
1048 2220 1220 2272 judiciis.
1265 2221 1358 2272 Qo
1381 2219 1475 2272 quid
1498 2219 1539 2257 sit
1561 2219 1720 2264 beatius,
1757 2218 1856 2257 mihi

456 2299 558 2328 certe
580 2290 618 2327 in
642 2297 810 2326 mentem
833 2288 957 2325 venire
979 2302 1053 2325 non
1077 2287 1210 2339 potest.

514 2356 732 2393 Stoicorum
764 2355 922 2407 quidem
956 2353 1077 2391 facilis
1105 2353 1299 2391 conclusio
1319 2352 1383 2391 est.
1417 2353 1498 2404 Qi
1521 2367 1613 2391 cnm
1636 2352 1752 2391 finem
1785 2353 1857 2391 bo-

459 2435 596 2460 norum
628 2420 696 2458 effe
724 2420 916 2464 senserint,
947 2433 1155 2472 congruere
1177 2429 1332 2464 naturae,
1361 2433 1529 2472 cunique
1550 2433 1591 2457 ea
1620 2419 1855 2457 convenien-

460 2497 514 2525 ter
536 2488 656 2524 vivere
675 2505 684 2530 ;
716 2500 807 2524 cum
830 2485 867 2523 id
890 2485 933 2523 sit
954 2485 990 2523 in
1014 2484 1177 2538 sapiente
1199 2485 1327 2529 situm,
1361 2498 1435 2522 non
1470 2486 1600 2524 officio
1630 2485 1766 2528 solum,
1789 2497 1854 2520 vc-

457 2567 543 2592 rum
562 2555 674 2591 cmm
697 2553 905 2607 potestaten
937 2551 1113 2605 sequatur
1135 2551 1275 2590 nccess'e
1294 2551 1361 2597 cst,
1393 2563 1450 2597 ut,
1481 2553 1590 2604 cujus
1617 2552 1654 2589 in
1677 2550 1856 2603 potestate
