2330 2983
778 263 1376 322 LucULLUS.
1735 301 1786 342 37

390 391 412 416 a
430 376 562 416 nostris
584 374 722 419 solum,
758 374 820 412 sed
839 374 955 413 etiam
988 388 1009 412 a
1038 372 1266 428 Chrysippo.
1326 375 1388 413 De
1423 387 1502 427 quo
1536 377 1644 429 queri
1665 377 1784 419 solent

390 443 522 486 Stoici,
554 442 650 479 dum
670 439 830 478 studiose
849 441 980 477 omnia
999 440 1244 491 conquisierit
1278 450 1410 478 contra
1430 441 1552 480 sensus
1573 452 1611 481 et
1635 445 1780 499 perspi-

388 507 585 551 cuitatem,
602 515 811 557 contraque
831 518 990 543 omnem
1006 504 1338 549 consuetudinem,
1352 516 1559 558 contraque
1580 510 1784 557 rationem,

386 572 511 626 ipsum
532 572 601 610 fibi
632 571 921 623 respondentem
952 568 1174 608 inferiorem
1193 569 1330 610 fuiffe:
1361 571 1490 624 itaque
1521 573 1569 611 ab
1593 587 1638 613 eo
1659 588 1782 615 arma.-

388 648 474 677 tum
493 638 564 676 effe
585 638 834 676 Carneadem.

441 706 499 743 Ea
518 705 605 743 sunt
623 704 824 756 ejusmodi,
846 718 930 756 quae
950 717 970 741 a
991 712 1028 742 te
1048 703 1334 756 diligentiffime
1354 706 1507 743 tractata
1526 705 1626 745 sunt.
1676 709 1784 748 Dor-

385 771 610 816 mientimn,
637 781 672 808 et
693 770 993 815 vinolentorum,
1023 779 1061 808 et
1091 769 1322 808 furiosorum
1342 770 1418 808 visa
1437 772 1694 812 imbecilliora
1712 775 1784 814 effe

387 837 552 882 dicebas,
570 851 687 889 quam
707 836 966 888 vigilantium,
988 836 1189 880 slccorum,
1207 836 1407 874 sanorum:
1430 851 1509 889 quo
1526 840 1670 878 modo?
1692 842 1784 893 quia

386 915 479 940 cum
505 904 743 955 experrectus
769 901 858 939 effet
878 902 1043 946 Ennius,
1074 915 1151 939 non
1172 901 1313 941 diceret
1333 902 1370 940 se
1394 903 1522 941 vidiffe
1543 905 1780 954 Homerum,

386 968 448 1006 sed
469 968 592 1005 visum
612 967 707 1005 effe:
739 966 915 1004 Alcmaeo
928 975 1072 1011 autem,

523 1032 594 1071 Sed
606 1032 696 1070 mihi
709 1032 912 1085 neutiquam
931 1047 991 1070 cor
1009 1046 1070 1071 con
1086 1032 1177 1070 cntt't
1200 1062 1209 1070 .
1234 1061 1243 1070 .
1269 1062 1281 1070 .
1304 1062 1314 1071 .

386 1098 535 1136 Similia
554 1099 600 1135 de
620 1097 839 1135 vinolentis.
887 1097 1002 1148 Qafi
1027 1097 1228 1149 quisquam
1248 1106 1374 1150 neget,
1397 1107 1434 1136 et
1454 1100 1521 1151 qui
1541 1104 1779 1153 experrectus

384 1164 443 1209 fit,
464 1178 552 1203 eum
574 1163 768 1202 somniasse
784 1182 796 1207 ς
827 1172 878 1208 et,
912 1164 1021 1215 cujus
1043 1162 1149 1200 furor
1168 1162 1391 1209 consederit,
1422 1175 1554 1217 putare
1574 1180 1651 1205 non
1671 1167 1780 1207 fuiffe

384 1244 427 1268 ea
445 1244 543 1276 vera,
570 1244 654 1282 quae
683 1229 799 1267 effent
818 1229 887 1267 fibi
907 1229 981 1267 visa
1000 1229 1040 1267 in
1061 1228 1202 1268 furore.
1235 1229 1306 1267 Sed
1327 1243 1404 1268 non
1435 1231 1474 1268 id
1495 1233 1645 1284 agitur:
1678 1243 1780 1281 turn,

384 1309 477 1334 cum
495 1296 686 1341 videntur,
708 1309 786 1348 quo
806 1295 923 1333 modo
942 1295 1155 1339 videantur,
1183 1295 1221 1332 id
1242 1296 1438 1347 quaeritur.
1480 1297 1566 1336 Nifi
1585 1312 1672 1338 veto
1692 1301 1778 1339 En-

384 1363 496 1400 nium
517 1376 594 1400 non
614 1371 794 1414 putamus
814 1362 867 1400 ita
886 1370 1014 1400 totum
1034 1361 1131 1399 illud
1151 1361 1341 1406 audiviffe,

524 1430 559 1466 O
571 1428 690 1480 pietas
708 1428 822 1466 animi
835 1458 844 1466 .
870 1458 880 1465 .
904 1458 914 1466 .

388 1494 432 1546 (fi
452 1494 568 1532 modo
588 1494 626 1531 id
646 1493 866 1545 somniavit)
889 1503 932 1530 ut
957 1493 983 1530 fi
1010 1493 1170 1544 vigilans
1194 1492 1352 1531 audiret.
1385 1493 1638 1546 Experrecius
1669 1498 1777 1539 enim

383 1561 512 1613 potuit
532 1559 598 1597 illa
616 1558 692 1596 visa
709 1568 857 1611 putare,
877 1568 920 1597 ut
939 1567 1056 1603 erant,
1079 1568 1117 1596 et
1134 1558 1302 1597 somnia:
1334 1559 1541 1599 dormienti
1563 1575 1650 1601 vero
1670 1578 1778 1617 aeque

382 1638 425 1663 ac
445 1624 618 1677 vigilanti
638 1623 863 1677 probantur.
895 1623 1031 1675 Qid?
1062 1624 1185 1662 Iliona
1203 1623 1338 1662 somno
1357 1625 1440 1669 illo,

518 1693 663 1736 Affatem
695 1701 730 1729 te
747 1691 879 1743 appello
902 1720 912 1729 .
936 1720 945 1729 .
969 1720 978 1728 .
1004 1720 1014 1728 .

381 1770 508 1795 nonne
535 1757 602 1795 illa
634 1757 755 1795 credit
775 1757 902 1795 filium
922 1757 1117 1802 locutum,
1145 1765 1188 1795 ut
1208 1760 1422 1810 experrecta
1437 1760 1552 1797 etiam
1571 1760 1738 1801 crederet
1758 1763 1773 1799 ?

382 1823 497 1861 Unde
516 1824 622 1861 enim
642 1823 707 1861 illa
724 1823 737 1859 ?

517 1891 604 1942 Age
618 1889 728 1943 adsta,
759 1903 872 1934 mane,
892 1888 988 1933 audi,
1019 1888 1194 1927 iteradum
1213 1888 1398 1928 eademmet
1416 1891 1480 1942 ista
1499 1891 1588 1929 mihi
1595 1908 1609 1930 .·

380 1968 476 1993 num
496 1955 646 1993 videtur
663 1955 854 1992 minorem
875 1953 1013 1992 habere
1033 1955 1132 1999 vifis,
1150 1968 1267 2007 quam
1286 1956 1501 2007 vigilantes,
1523 1957 1640 1995 fidem
1659 1959 1673 1995 ?

432 2020 627 2058 XXVIII.
660 2020 768 2072 Qid
788 2020 921 2072 loquar
941 2019 986 2057 de
1006 2019 1143 2057 insanis
1162 2021 1174 2057 ?
1216 2021 1351 2071 Qalis
1379 2021 1533 2059 tandem
1554 2021 1629 2060 fuit
1649 2023 1776 2063 affinis

379 2094 482 2130 tuus,
505 2086 657 2131 Catule,
674 2086 921 2124 Tuditanus?
945 2086 1161 2138 Qisquam
1192 2086 1400 2125 saniffimus
1422 2097 1500 2125 tarn
1528 2098 1629 2126 certa
1647 2100 1774 2142 putat,

378 2166 462 2205 quae
481 2153 598 2197 videt,
619 2167 736 2206 quam
756 2153 787 2190 is
809 2152 979 2206 putabat,
997 2166 1082 2204 quae
1102 2152 1327 2190 videbantur
1345 2155 1358 2190 ?
1390 2155 1498 2206 Qid
1515 2155 1528 2192 ?
1559 2155 1637 2200 ille,
1659 2157 1742 2208 qui,

516 2217 631 2263 Video,
662 2217 761 2257 video
780 2229 814 2257 te
833 2219 974 2263 vivum,
999 2217 1136 2271 Uffijffes,
1155 2218 1236 2257 dum
1254 2219 1335 2257 licet
1347 2236 1360 2258 .-

379 2297 506 2322 nonne
522 2285 638 2322 etiam
657 2285 715 2322 bis
731 2285 959 2323 exclamavit
974 2284 1009 2322 se
1032 2284 1172 2330 videre,
1195 2299 1286 2323 cum
1301 2287 1464 2324 omnino
1490 2300 1568 2325 non
1594 2287 1736 2325 videret
1754 2288 1773 2324 ἓ

378 2350 513 2401 Qid?
546 2351 644 2403 apud
670 2351 899 2403 Euripidem
927 2350 1131 2395 Hercules,
1163 2365 1255 2389 cum
1277 2362 1319 2389 ut
1350 2352 1553 2404 Eurysthei
1574 2352 1698 2397 filios,
1718 2353 1773 2391 ita.

378 2415 476 2459 sUOS,
490 2416 704 2469 configebat
723 2417 866 2470 sagittis
879 2436 892 2463 5
913 2431 1005 2455 cum
1026 2431 1186 2456 uxorem
1206 2418 1449 2457 interimebat
1456 2438 1467 2464 5
1490 2433 1582 2457 cum
1603 2419 1771 2457 conaba-

376 2491 440 2519 tur
457 2482 572 2520 etiam
593 2491 762 2534 patrem3
796 2498 872 2522 non
892 2483 1049 2536 perinde
1068 2485 1294 2522 movebatur
1313 2484 1425 2530 sams,
1454 2495 1496 2522 ut
1515 2485 1611 2523 veris
1631 2499 1769 2523 move-

378 2548 508 2586 retur?
540 2548 676 2599 Qid?
711 2549 787 2601 ipse
808 2550 982 2588 Alcmaeo
1002 2559 1105 2594 tuuS,
1127 2551 1194 2602 qui
1216 2560 1328 2603 negat
1347 2564 1413 2590 cor
1439 2551 1507 2590 fibi
1531 2565 1624 2591 cum
1643 2551 1771 2591 ocul-is

375 2613 599 2660 consentire,
620 2628 746 2654 nonne
766 2615 914 2654 ibidem
932 2615 1090 2655 incitato
1109 2614 1236 2654 furore
1248 2634 1262 2662 5
