2330 2983
685 275 960 314 LIBER
1016 275 1444 314 TERTIUS.
1684 290 1765 331 327

367 374 530 418 malum,
552 382 594 410 ut
614 373 869 425 Peripatetici.
910 375 1020 417 Sunt,
1042 374 1111 425 qui
1130 373 1327 412 abducunt
1346 387 1367 411 a
1386 373 1497 412 malis
1517 373 1564 412 ad
1583 373 1695 420 bona,
1717 384 1763 414 ut

367 439 573 491 Epicurus.
619 439 728 482 Sunt,
751 438 820 490 qui
839 437 924 475 satis
942 447 1079 490 putant
1100 439 1305 483 ostendere,
1327 439 1426 477 nihil
1447 440 1636 493 inopinati
1656 441 1763 479 acci-

366 503 470 548 diffe,
497 501 596 540 nihil
616 503 721 541 novi.
768 502 1004 554 Chryfippus
1035 513 1164 541 autem
1184 513 1299 555 caput
1319 504 1390 542 effe
1415 505 1542 543 censet
1561 507 1601 544 in
1623 507 1761 545 conso-

365 567 492 612 lando,
523 566 719 605 detrahere
748 568 855 605 illam
880 568 1105 620 opinionem
1134 569 1330 613 moerenti,
1361 569 1387 606 fi
1418 569 1455 606 se
1488 571 1617 609 officio
1647 571 1762 625 fungi

364 642 476 686 putet
501 632 605 685 justo
634 642 748 685 atque
779 633 924 671 debito.
970 634 1067 672 Sunt
1091 634 1222 677 etiam,
1253 634 1321 686 qui
1350 633 1433 672 haec
1465 636 1596 674 omnia
1624 650 1762 688 genera.

365 697 584 736 consolandi
604 698 808 750 colligunt,
829 698 942 749 (alius
961 698 1066 736 enim
1088 698 1162 736 alio
1181 699 1300 737 modo
1320 701 1513 751 movetur)
1536 710 1579 739 ut
1592 700 1670 738 fere
1691 714 1759 739 nos

363 764 494 801 omnia
513 763 554 801 in
575 762 887 801 Consolationem
906 777 1024 801 unam
1045 764 1284 815 conjecimus
1300 779 1308 802 :
1327 775 1405 802 erat
1422 765 1528 803 enim
1551 766 1590 803 in
1609 775 1761 804 tumore

364 829 530 874 animus,
562 838 600 866 et
618 829 744 866 omnis
765 829 805 866 in
825 841 870 866 eo
890 829 1105 866 tentabatur
1123 831 1284 868 curatio.
1316 831 1388 868 Sed
1408 831 1637 870 sumendum
1655 840 1759 870 tem-

364 907 436 946 pus
452 893 503 931 est
523 907 600 931 non
621 894 750 931 minus
770 893 808 930 in
828 894 1047 932 animorum
1067 894 1229 939 morbis,
1257 909 1374 947 quam
1403 896 1443 934 in
1463 910 1693 950 corporum:
1716 906 1762 935 ut

365 959 616 999 Prometheus
638 959 702 997 ille
720 958 920 1009 AEschyli;
953 960 1016 997 cui
1036 973 1128 997 cum
1148 961 1296 999 distum
1317 961 1417 1007 effet,

500 1024 633 1077 Atqui,
656 1025 884 1068 Promethea,
906 1035 942 1063 te
959 1025 1023 1063 hoc
1041 1033 1160 1063 tenere
1177 1026 1340 1078 exssfflzo,

500 1089 646 1130 Mederi
654 1089 744 1144 poſje}
762 1091 934 1129 rationem
952 1090 1149 1129 iracundtiae
1166 1109 1179 1136 3

362 1157 567 1211 respondit,

497 1224 542 1263 Si
555 1223 689 1277 quidem
709 1223 773 1277 qui
788 1224 1031 1278 tempestivam
1043 1224 1246 1264 medicinam
1264 1225 1465 1271 admovens,

497 1292 582 1328 Non
602 1290 654 1328 ad
661 1292 874 1343 gravfstens
893 1291 1024 1328 vulnus
1042 1291 1158 1329 illidat
1175 1306 1312 1330 manus.

416 1355 589 1393 XXXII.
613 1356 699 1392 Erit
719 1356 839 1407 igitur
858 1356 898 1393 in
918 1356 1241 1394 consolationibus
1256 1357 1381 1410 prima
1394 1355 1599 1402 medicina,
1620 1356 1764 1395 docere

362 1430 426 1460 aut
456 1421 611 1460 nullum
641 1421 791 1459 malum
824 1421 910 1466 effe,
942 1431 1007 1459 aut
1026 1422 1239 1461 admodum
1264 1437 1426 1476 parvum
1441 1441 1454 1468 ς
1485 1423 1613 1468 altera,
1651 1432 1689 1461 et
1708 1423 1760 1460 de

361 1487 563 1525 communi
593 1486 815 1525 conditione
834 1487 934 1531 vitae,
966 1496 1004 1525 et
1032 1489 1202 1539 proprie,
1229 1489 1256 1526 fi
1282 1489 1378 1540 quid
1397 1488 1442 1526 fit
1461 1488 1507 1526 de
1526 1488 1655 1540 ipsius,
1685 1487 1756 1540 qui

360 1561 532 1596 moereat,
547 1551 817 1603 disputandum
824 1569 838 1594 ,-
860 1551 983 1595 tertia‚
997 1551 1189 1590 summam
1204 1551 1274 1589 effe
1291 1552 1491 1591 stultitiam
1509 1551 1644 1590 frustra
1657 1565 1755 1590 con-

360 1617 425 1655 fici
445 1630 622 1661 moerore,
644 1629 736 1654 cum
762 1615 952 1668 intelligas
972 1615 1074 1654 nihil
1100 1617 1202 1669 poffe
1222 1617 1372 1670 profici.
1417 1618 1524 1656 Nam
1545 1616 1754 1656 Cleanthes

360 1682 518 1734 quidem
538 1682 745 1734 sapientem
766 1681 998 1727 consolatur,
1029 1682 1098 1734 qui
1117 1682 1376 1721 consolatione
1395 1696 1473 1721 non
1493 1692 1592 1735 eget.
1634 1681 1754 1721 Nihil

357 1748 461 1785 enim
481 1746 553 1785 effe
572 1747 735 1791 malurn,
756 1747 861 1798 quod
881 1756 992 1799 turpe
1010 1760 1089 1784 non
1109 1747 1168 1791 fit,
1197 1747 1225 1785 s1
1244 1747 1393 1800 lugenti
1411 1747 1647 1801 persuaseris,
1673 1761 1751 1786 non

358 1823 400 1851 tu
420 1812 479 1850 illi
499 1812 664 1857 luctum,
685 1812 746 1849 sed
766 1812 982 1856 stultitiam,
1003 1812 1207 1850 detraxeris
1226 1828 1236 1850 :
1261 1813 1430 1851 alienum
1450 1823 1580 1852 autem
1598 1822 1751 1866 tempus

358 1878 533 1916 docendi.
565 1878 619 1914 Et
638 1886 766 1914 tamen
786 1891 864 1915 non
884 1877 969 1915 satis
997 1875 1098 1915 mihi
1117 1877 1266 1916 videtur
1284 1878 1414 1917 vidiffe
1432 1878 1507 1917 hoc
1528 1877 1755 1924 Cleanthes,

358 1943 494 1996 suscipi
513 1941 718 1994 aliquando
747 1943 1013 1994 aegritudinem
1031 1942 1132 1995 poffe
1152 1957 1199 1981 ex
1229 1957 1274 1981 eo
1293 1944 1387 1996 ipso,
1418 1944 1524 1996 quod
1553 1944 1622 1982 effe
1641 1944 1751 1982 sum-

356 2022 468 2046 mum
489 2008 638 2046 malum
658 2006 864 2046 Cleanthes
884 2007 961 2060 ipse
981 2007 1156 2046 fateatur.
1188 2008 1296 2060 Qid
1315 2009 1420 2048 enim
1441 2009 1630 2054 dicemus,
1657 2023 1750 2047 curn

355 2073 524 2113 Socrates
544 2072 741 2111 Alcibiadi
759 2072 1000 2125 persuasisset,
1034 2082 1077 2111 ut
1095 2074 1327 2126 accepimus,
1362 2088 1453 2112 eum
1484 2073 1583 2112 nihil
1615 2073 1750 2113 homi-

356 2139 415 2177 nis
435 2138 521 2184 effe,
550 2151 621 2176 nec
641 2137 854 2190 quidquam
887 2138 987 2176 inter
1006 2138 1266 2184 Alcibiadem,
1297 2139 1449 2178 summo
1482 2140 1568 2178 loco
1598 2149 1749 2185 natum,

355 2214 394 2243 et
413 2205 588 2257 quemvis
608 2203 784 2256 bajulum
813 2203 985 2242 interesse
999 2223 1013 2249 ς
1044 2218 1135 2243 cum
1155 2205 1191 2242 se
1211 2205 1429 2244 Alcibiades
1449 2205 1661 2251 afflictaret,
1689 2206 1748 2243 la-

356 2270 606 2322 crymansque
627 2270 768 2307 Socrati
788 2269 945 2322 supplex
964 2269 1067 2315 effet,
1098 2280 1140 2308 ut
1163 2271 1233 2309 fibi
1252 2272 1435 2310 virtutem
1457 2272 1631 2316 traderet,
1662 2280 1747 2309 tur-

356 2336 652 2388 pitudinemque
668 2334 900 2388 depelleret;
932 2335 1029 2387 quid
1047 2335 1232 2381 dicemus,
1256 2337 1472 2375 Cleanthe?
1502 2351 1598 2374 num
1619 2336 1659 2373 in
1679 2336 1747 2373 illa

357 2415 408 2446 re,
437 2415 522 2453 quae
555 2401 779 2453 aegritudine
812 2400 1058 2439 Alcibiadem
1090 2402 1292 2447 afficiebat,
1332 2403 1424 2440 mali
1460 2401 1559 2439 nihil
1602 2400 1712 2438 fuiffe
1730 2400 1744 2437 Ξ

357 2467 497 2518 Qid?
538 2465 603 2504 illa
633 2466 801 2518 Lyconis
822 2467 948 2519 qualia
966 2467 1084 2506 sunt?
1115 2468 1184 2520 qui
1218 2468 1489 2520 aegritudinem
1515 2476 1744 2510 extenuans,

355 2533 478 2584 parvis
511 2532 564 2570 ait
593 2546 676 2571 eam
707 2533 819 2572 rebus
838 2533 997 2578 moveri,
1028 2532 1191 2571 fortunae
1210 2544 1247 2571 et
1277 2533 1444 2585 corporis
1467 2533 1747 2577 incommodjs,

358 2611 434 2639 non
462 2599 582 2639 animi
602 2599 727 2640 malis.
773 2599 881 2652 Qid
898 2599 1018 2652 ergo?
1049 2599 1161 2645 illud,
1187 2600 1292 2653 quod
1321 2600 1542 2638 Alcibiades
1575 2599 1746 2643 dolebat,
