2330 2983
571 217 648 254 244
871 201 1648 242 TUSCULANARUM

620 300 731 339 XIV.
763 300 987 338 Maximum
1021 313 1110 338 vero
1139 308 1412 352 argumentum
1442 299 1507 343 est,
1549 308 1724 339 naturam
1753 298 1876 353 ipsam
1909 300 1957 339 de

564 365 852 404 immortalitate
882 365 1101 404 animorum
1134 365 1291 404 tacitam
1304 365 1490 417 judicare,
1522 364 1626 418 quod
1656 364 1838 406 omnibus
1857 378 1958 404 curae

566 430 666 475 sunt,
687 439 725 468 ct
745 430 913 468 maxime
934 430 1104 481 quidem,
1122 443 1207 482 quae
1226 430 1308 483 post
1328 441 1493 470 mortem
1510 429 1638 469 futura
1656 430 1742 471 fint.
1773 431 1871 471 Serit
1888 444 1957 469 ar-

566 495 676 540 bores,
707 510 786 549 qua>
803 496 915 535 alteri
916 496 1035 549 seculo
1047 495 1200 549 prosint,
1223 506 1265 534 ut
1285 497 1337 534 ait
1358 497 1497 535 Statius
1519 497 1558 534 in
1579 495 1815 550 Synephebis
1827 514 1840 542 3
1862 494 1959 549 quid

566 561 747 614 spectans,
782 561 850 600 nifi
870 562 987 600 etiam
1007 561 1152 615 postera
1171 561 1294 600 secula
1312 562 1357 600 ad
1378 562 1413 600 se
1431 563 1647 615 pertinere?
1678 563 1784 616 Ergo
1807 562 1958 602 arbores

566 627 660 667 feret
679 628 841 681 diligens
871 628 1050 680 agricola,
1081 641 1246 680 quarum
1265 628 1420 681 aspiciet
1440 629 1595 668 baccam
1625 628 1702 682 ipse
1724 641 1925 681 nunquam
1943 627 1957 665 ?

565 695 624 734 vir
644 707 807 747 magnus
827 694 944 747 leges,
974 694 1158 740 instituta,
1181 694 1464 748 rempublicam
1483 708 1562 735 non
1587 695 1709 735 seret?
1739 695 1849 746 Qid
1867 709 1960 748 pro-

565 760 705 798 creatio
738 759 961 804 liberorum,
993 760 1088 811 quid
1122 760 1346 813 propagatio
1382 760 1566 804 nominis,
1605 759 1702 812 quid
1738 760 1962 812 adoptiones

565 823 751 869 filiorum,
782 824 878 878 quid
910 824 1221 863 testamentorum
1247 824 1459 877 diligentia,
1489 824 1583 877 quid
1602 824 1681 878 ipsa
1698 824 1961 878 sepulcrorum

566 900 834 936 monumenta,
868 890 964 943 quid
996 890 1120 944 elogia
1148 890 1376 944 significant,
1406 891 1475 931 nisl
1504 904 1573 931 nos
1592 890 1722 932 futura
1753 891 1871 931 etiam
1890 905 1960 931 co-

565 957 712 1010 gitare?
743 956 853 1009 Qid
885 956 1014 998 illud?
1045 971 1143 997 num
1169 957 1337 1003 dubitas,
1366 958 1462 1010 quin
1491 957 1684 1011 specimen
1709 967 1852 999 naturae
1876 958 1964 1012 capi

567 1023 702 1065 debeat
721 1037 767 1063 ex
786 1023 936 1076 optima
953 1037 1105 1076 quaque
1124 1025 1284 1065 natura?
1329 1025 1428 1076 Qae
1447 1024 1499 1063 est
1518 1025 1638 1078 igitur
1657 1025 1796 1065 melior
1824 1025 1866 1065 in
1884 1024 1963 1064 ho-

566 1089 723 1128 minum
743 1102 880 1142 genere
909 1098 1056 1134 natura,
1090 1103 1206 1142 quam
1227 1102 1376 1134 eorum,
1409 1090 1478 1142 qui
1509 1090 1545 1129 se
1574 1099 1681 1130 natos
1712 1091 1760 1130 ad
1783 1090 1963 1130 homines

561 1155 765 1206 juvandos,
800 1155 993 1201 tutandos,
1026 1155 1299 1196 conservandos
1317 1156 1546 1196 arbitrantur
1567 1157 1581 1194 f
1630 1156 1742 1196 Abiit
1774 1156 1820 1196 ad
1854 1157 1962 1196 Deos

570 1221 775 1260 Hercules.
805 1221 1024 1272 Nunquam
1044 1221 1202 1266 abiisset,
1224 1221 1309 1266 nifi.
1328 1235 1423 1260 curn
1442 1222 1541 1262 inter
1559 1221 1739 1261 homines
1757 1222 1862 1267 effet,
1877 1236 1965 1262 eam

567 1286 638 1324 fibi
657 1287 760 1325 viam
779 1286 1011 1326 muniviffet.
1057 1286 1196 1326 Vetera
1208 1287 1291 1339 jam
1311 1287 1392 1333 ista,
1411 1297 1450 1326 et
1467 1287 1651 1341 religione
1665 1288 1845 1327 omnium
1865 1301 1964 1327 con-

568 1351 718 1392 secrata.

623 1419 715 1458 XV.
746 1418 855 1469 Qid
873 1418 914 1456 in
933 1417 1006 1457 hac
1025 1418 1220 1472 republica
1241 1427 1297 1458 tot
1317 1418 1516 1471 tantosque
1542 1419 1642 1458 viros
1669 1420 1720 1458 ob
1747 1419 1967 1472 rempubli-

568 1497 654 1524 cam
671 1482 889 1523 interfestos
905 1483 1080 1536 cogitasse
1100 1484 1356 1523 arbitramur?
1390 1484 1580 1523 Iisdemne
1600 1494 1642 1524 ut
1658 1484 1801 1524 finibus
1823 1497 1968 1525 nomen

568 1549 694 1594 suum,
716 1549 857 1601 quibus
878 1549 968 1594 vita,
992 1549 1256 1587 terminaretur
1274 1551 1287 1586 ?
1310 1550 1441 1588 Nemo
1463 1563 1632 1602 unquam
1650 1550 1726 1589 fine
1745 1564 1884 1604 magna
1902 1551 1969 1604 spe

568 1614 869 1654 immortalitatis
888 1613 923 1652 se
943 1628 1011 1667 pro
1031 1615 1151 1668 patria
1168 1614 1320 1654 offerret
1340 1615 1385 1654 ad
1402 1625 1583 1655 mortem.
1606 1616 1740 1656 Licuit
1757 1615 1828 1655 effe
1843 1616 1967 1656 otioso

569 1681 843 1725 Themistocli,
883 1680 995 1719 licuit
1026 1681 1321 1734 Epaminondae,
1360 1681 1487 1726 licuit,
1527 1695 1574 1720 ne
1603 1691 1644 1721 et
1675 1693 1801 1720 vetera
1825 1691 1864 1721 et
1895 1696 1968 1721 ccx·

570 1759 673 1788 terna
693 1760 874 1799 quaeram,
897 1746 996 1786 mihi
1016 1761 1026 1785 ι
1057 1747 1120 1786 sed
1139 1747 1265 1786 nescio
1288 1761 1367 1800 quo
1387 1748 1504 1787 modo
1523 1747 1682 1787 inhaeret
1708 1749 1748 1787 in
1768 1749 1968 1788 mentibus

569 1813 672 1866 quasi
693 1812 908 1852 seculorum
927 1812 1124 1864 quoddam
1141 1813 1347 1865 augurium
1368 1811 1589 1852 futurorum
1600 1832 1614 1859 ς
1644 1813 1761 1866 idque
1777 1814 1818 1852 in
1839 1815 1968 1853 maxi-

569 1880 643 1918 mis
678 1878 843 1931 ingeniis
863 1877 1122 1931 altiffimisque
1154 1878 1293 1918 animis
1322 1888 1360 1917 et
1392 1878 1518 1918 existit
1537 1879 1723 1923 maxime,
1750 1889 1788 1918 et
1814 1888 1968 1932 apparet

568 1945 769 1984 facillime.
801 1944 894 1995 Qo
914 1944 1074 1997 quidem
1095 1944 1268 1997 dempto,
1290 1945 1376 1996 quis
1398 1954 1478 1984 tam
1494 1944 1582 1984 effet
1601 1958 1747 1991 amens,
1776 1946 1844 1998 qui
1864 1945 1967 1984 sem-

570 2025 636 2063 per
656 2011 696 2049 in
726 2009 921 2049 laboribus
954 2019 992 2047 et
1022 2009 1202 2062 periculis
1222 2010 1394 2048 viveret?
1427 2011 1585 2062 Loquor
1617 2011 1663 2050 de
1696 2010 1935 2063 principibus
1953 2025 1967 2050 t

570 2076 664 2129 quid
685 2075 831 2129 poetae?
863 2074 1007 2115 Nonne
1027 2074 1110 2128 post
1135 2085 1302 2115 mortem
1330 2075 1525 2115 nobilitari
1545 2075 1710 2115 volunt?
1743 2076 1858 2115 Unde
1876 2089 1970 2130 ergo

571 2142 667 2181 illud
686 2143 699 2180 ?

707 2207 879 2262 Aspicite,
909 2221 928 2246 o
946 2207 1053 2252 clves,
1070 2207 1168 2260 finis
1185 2207 1299 2247 Ennii
1311 2207 1639 2261 imagini'formam
1652 2223 1665 2246 .-

762 2275 840 2314 Hic
857 2273 1010 2326 vestram
1024 2273 1158 2326 panxit
1178 2274 1450 2327 maximasiu‘Ya
1465 2283 1631 2327 patrum.

573 2340 796 2379 Mercedem
823 2340 953 2393 gloriae
974 2338 1118 2393 flagitat
1138 2340 1184 2378 ab
1205 2340 1265 2385 iis,
1296 2353 1463 2392 quorum
1492 2349 1611 2393 patres
1633 2337 1806 2379 affecerat
1830 2338 1969 2394 glorii-

574 2407 774 2459 Idemque,

708 2475 821 2512 Nemo
836 2486 888 2511 me
909 2471 1092 2526 lacreymis
1111 2471 1261 2516 decom,
1282 2486 1343 2512 nec
1348 2472 1492 2525 funera
1497 2473 1594 2525 fletu

761 2540 798 2580 F
798 2539 890 2578 axit.
924 2539 1003 2578 Cur
1016 2539 1036 2580 ?
1065 2538 1174 2579 volito
1194 2538 1297 2578 τίνα’
1311 2548 1381 2592 pcr
1399 2553 1464 2579 ora
1482 2539 1621 2580 vir-tim.
