2330 2983
518 319 596 369 428
776 317 870 355 DE
926 313 1249 354 NATURA
1306 313 1644 352 DEORUM

518 423 692 454 avertunt
711 413 853 466 pestem
886 413 933 450 ab
952 413 1137 464 AEgypto‚
1172 424 1265 449 cum
1295 411 1465 449 volucres
1491 423 1632 463 angues
1662 422 1710 449 ex
1737 410 1909 450 vastitate

517 481 650 530 Libyae
670 488 784 517 vento
813 476 948 516 Africo
973 477 1135 516 invectas
1168 475 1405 529 interficiunt
1434 486 1548 528 atque
1566 475 1824 514 consumunt:
1856 489 1906 515 ex

517 558 596 596 quo
615 543 673 589 fit,
693 552 738 582 ut
756 543 831 581 illae
850 555 920 580 nec
939 541 1067 581 morsu
1085 542 1178 580 vivae
1197 550 1370 585 noceant,
1393 555 1460 579 nec
1480 541 1595 579 odore
1614 550 1787 579 mortuae.
1811 541 1904 579 Pos-

517 609 602 647 sum
627 608 673 647 de
703 607 1011 647 ichneumonum
1039 607 1229 651 utilitate,
1271 607 1317 645 de
1342 607 1647 651 crocodilorum,
1690 606 1736 644 de
1765 605 1905 645 felium

518 675 642 712 dicere
658 692 669 718 ;
701 673 764 712 sed
794 672 885 710 nolo
913 671 985 710 effe
1014 671 1166 724 longus.
1213 673 1270 710 Ita
1299 671 1529 710 concludam
1555 681 1683 710 tamen
1712 671 1856 710 belluas
1885 685 1908 709 a

518 739 686 778 barbaris
730 747 884 791 propter
924 735 1157 775 beneficium
1189 736 1446 780 consecratas;
1488 737 1696 775 vestrorum
1728 737 1903 775 Deorum

518 818 596 843 non
630 804 748 842 modo
780 801 1011 841 beneficium
1041 801 1196 840 nullum
1223 811 1366 846 extare,
1393 801 1456 839 sed
1489 815 1536 840 ne
1565 801 1712 840 factum
1746 802 1907 854 quidem

517 870 693 908 omnino.

571 933 784 972 XXXVII.
817 932 929 972 Nihil
955 931 1075 977 habet,
1109 931 1252 983 inquit,
1291 931 1434 984 negotii.
1484 929 1662 970 Profecto
1700 930 1908 983 Epicurus,

517 999 620 1051 quafi
639 998 746 1052 pueri
777 997 944 1042 delicati,
975 995 1076 1035 nihil
1105 996 1303 1035 ceffatione
1333 996 1471 1035 melius
1501 995 1704 1034 existimat.
1753 997 1808 1034 At
1838 995 1909 1048 ipsa

517 1075 646 1102 tamen
666 1063 787 1116 pueri,
808 1063 926 1101 etiam
945 1075 1037 1100 cum
1055 1061 1207 1107 celsam,
1234 1062 1503 1101 exercitatione
1521 1061 1648 1114 aliqua
1665 1060 1810 1099 ludicra
1838 1060 1906 1098 de-

518 1130 705 1168 leetantur
723 1143 731 1166 ε
765 1129 896 1166 Deum
917 1128 965 1166 fic
985 1127 1165 1166 feriatum
1184 1127 1363 1166 volumus
1384 1127 1583 1166 ceffatione
1603 1136 1765 1179 torpere,
1796 1135 1853 1170 ut,
1880 1125 1907 1163 si

518 1195 553 1233 se
573 1194 841 1238 commoverit,
872 1207 1067 1232 vereamur
1088 1206 1136 1231 ne
1155 1193 1286 1231 beatus
1306 1192 1378 1231 effe
1398 1207 1476 1231 non
1495 1192 1620 1245 poffit.
1669 1193 1766 1230 Haec
1785 1191 1908 1230 oratio

517 1275 594 1299 non
616 1260 734 1298 modo
754 1260 858 1297 Deos
877 1258 1012 1311 spoliat
1030 1268 1141 1297 motu
1159 1266 1197 1296 et
1216 1259 1362 1297 actione
1381 1258 1522 1303 divina,
1552 1258 1615 1296 sed
1632 1257 1750 1296 etiam
1769 1256 1902 1295 homi-

517 1338 581 1363 nes
612 1325 748 1363 inertes
779 1324 897 1362 efficit
911 1341 924 1369 3
956 1323 982 1362 s1
1002 1323 1160 1376 quidem
1191 1336 1304 1376 agens
1334 1323 1495 1376 aliquid,
1527 1337 1573 1362 ne
1592 1324 1699 1362 Deus
1730 1323 1905 1375 quidem,

517 1389 588 1428 effe
608 1390 739 1428 beatus
757 1388 891 1442 potest.

571 1455 718 1493 Verum
738 1455 783 1493 s1t
802 1454 900 1499 sane,
935 1464 979 1493 ut
997 1453 1128 1500 vultis,
1167 1455 1289 1499 Deus,
1319 1453 1462 1506 effigies
1495 1452 1667 1492 hominis
1691 1461 1729 1491 et
1762 1452 1906 1505 imago.

518 1521 635 1571 Qod
653 1521 733 1571 ejus
753 1520 804 1558 est
823 1520 1069 1560 domicilium
1086 1521 1101 1558 ?
1136 1533 1222 1572 quae
1240 1519 1369 1559 sedes?
1400 1519 1467 1572 qui
1489 1519 1595 1558 locus
1612 1519 1627 1557 ?
1657 1532 1741 1571 quae
1770 1517 1908 1556 deinde

517 1586 613 1623 aetio
634 1585 746 1622 vitae?
769 1585 911 1636 quibus
930 1586 1058 1628 rebus,
1075 1586 1114 1622 id
1134 1586 1239 1635 quod
1258 1586 1390 1627 vultis,
1406 1586 1536 1621 beatus
1553 1585 1633 1621 est?
1655 1594 1783 1623 utatur
1801 1585 1908 1622 enim

517 1651 591 1688 suis
613 1650 722 1688 bonis
742 1658 892 1701 oportet
911 1658 949 1686 et
969 1647 1129 1693 fruatur,
1162 1648 1231 1700 qui
1250 1648 1380 1686 beatus
1400 1646 1554 1686 futurus
1572 1646 1637 1685 est.
1671 1646 1778 1685 Nam
1796 1647 1906 1686 locus

517 1716 675 1768 quidem
705 1715 750 1752 iis
770 1715 885 1752 etiam
907 1714 1064 1758 naturis,
1094 1727 1179 1765 quae
1199 1713 1273 1752 fine
1293 1713 1432 1751 animis
1451 1712 1552 1757 sunt,
1578 1712 1664 1750 suus
1685 1712 1737 1750 est
1765 1713 1911 1764 cuique

516 1781 706 1833 proprius,
742 1789 783 1817 ut
804 1788 899 1816 terra
918 1777 1100 1816 infimum
1120 1787 1259 1822 teneat,
1288 1777 1387 1816 hanc
1407 1779 1567 1816 inundet
1585 1791 1705 1830 aqua;
1736 1777 1906 1830 superior

517 1846 605 1890 aeri,
633 1844 787 1897 ignibus
819 1842 994 1881 altiffima
1022 1855 1088 1881 ora
1117 1842 1307 1880 reddatur.
1352 1843 1561 1881 Bestiarum
1593 1851 1721 1880 autem
1750 1852 1905 1880 terrenae

518 1910 603 1948 sunt
623 1910 717 1953 alise,
738 1909 877 1961 partim
899 1907 1094 1959 aquatiles,
1127 1907 1207 1946 aliae
1227 1907 1331 1960 quasi
1349 1907 1547 1960 ancipites,
1575 1907 1616 1945 in
1637 1916 1797 1958 utraque
1823 1906 1909 1944 sede

517 1976 711 2013 viventes:
744 1973 829 2011 sunt
848 1972 1022 2025 quaedam
1042 1973 1172 2017 etiam,
1203 1987 1288 2025 quae
1320 1974 1407 2026 igne
1427 1972 1527 2012 nasci
1557 1980 1754 2026 putentur,
1788 1985 1905 2025 appa-

519 2049 697 2091 reantque
718 2039 757 2076 in
776 2037 994 2075 ardentibus
1015 2035 1231 2075 fornacibus
1252 2038 1344 2089 saepe
1364 2037 1577 2075 volitantes.

572 2107 713 2156 Qaero
732 2103 863 2156 igitur,
895 2102 1011 2140 vester
1032 2103 1137 2140 Deus
1158 2101 1327 2155 primum
1350 2102 1415 2140 ubi
1438 2101 1608 2139 habitet:
1640 2100 1790 2144 deinde,
1821 2113 1906 2152 qua:

519 2170 624 2208 causa
643 2183 733 2207 eum
754 2169 841 2206 loco
872 2177 1035 2212 moveat,
1066 2167 1092 2205 si
1112 2167 1229 2205 modo
1249 2177 1424 2206 movetur
1443 2166 1647 2218 aliquando
1658 2185 1671 2211 5
1703 2165 1903 2218 postremo,

519 2250 609 2273 cum
632 2234 704 2273 hoc
736 2233 932 2286 proprium
955 2233 998 2271 sit
1028 2233 1297 2277 animantium,
1331 2242 1373 2270 ut
1406 2232 1554 2284 aliquid
1579 2241 1770 2284 appetant,
1800 2232 1905 2283 quod

520 2302 561 2340 fit
583 2310 723 2339 naturae
753 2298 1102 2343 accommodatum,
1133 2299 1237 2337 Deus
1258 2298 1351 2351 quid
1376 2308 1553 2352 appetat;
1585 2298 1630 2335 ad
1661 2310 1776 2349 quam
1797 2297 1906 2334 deni-

518 2381 593 2418 que
614 2380 694 2404 rem
716 2375 825 2404 motu
846 2365 984 2403 mentis
1005 2378 1046 2402 ac
1074 2365 1227 2402 rationis
1255 2374 1394 2402 utatur.
1443 2364 1651 2409 Postremo,
1683 2376 1761 2415 quo
1790 2362 1907 2401 modo

520 2435 649 2471 beatus
671 2434 728 2477 fit,
760 2446 838 2485 quo
859 2431 975 2469 modo
994 2441 1164 2469 aeternus.
1212 2431 1415 2483 Qidquid
1435 2431 1538 2468 enim
1560 2430 1701 2468 horum
1720 2430 1905 2482 attigeris.

520 2499 627 2536 ulcus
647 2499 711 2536 cst.
764 2499 818 2536 lta
849 2496 947 2534 male
979 2496 1146 2534 instituta
1178 2496 1272 2534 ratio
1301 2496 1448 2533 exitum
1471 2496 1629 2548 reperire
1658 2509 1733 2534 non
1768 2495 1901 2547 potest.

520 2565 578 2602 sic
605 2565 710 2601 enim
737 2563 899 2606 dicebas,
934 2561 1095 2614 speciem
1118 2562 1191 2599 Dei
1215 2561 1358 2613 percipi
1389 2561 1632 2613 cogitatione,
1665 2574 1741 2599 non
1771 2559 1902 2602 sensim

521 2645 586 2668 ncc
619 2630 687 2668 cll'c
721 2630 757 2666 in
791 2643 833 2667 ea
868 2628 985 2667 ullam
1006 2627 1248 2672 soliditatem,
1284 2640 1410 2679 neque
1431 2627 1589 2666 candem
1622 2627 1665 2665 ad
1698 2637 1905 2664 numerum
