2330 2983
681 224 957 263 LlssER
1019 223 1379 262 PRIMUs.
1652 236 1721 276 251

389 322 457 361 Est
477 322 574 360 illud
594 322 753 375 quidem
773 323 831 360 vel
852 323 1086 367 maximum,
1116 322 1245 360 animo
1276 321 1355 374 ipso
1381 321 1556 359 animum
1577 320 1701 358 videre
1714 338 1726 365 3

333 397 372 425 et
393 388 579 426 nimirum
601 386 700 424 hanc
730 386 844 424 habet
874 388 955 425 vim
976 396 1210 440 praeceptum
1231 387 1440 440 Apollinis,
1472 399 1550 439 quo
1581 393 1727 430 monet,

335 462 378 490 ut
398 453 433 490 se
452 452 613 504 quisque
633 451 772 489 noscat.
805 452 899 489 Non
919 452 1037 496 enim,
1069 452 1194 496 cred0,
1217 452 1256 489 id
1276 452 1462 503 praecipit,
1491 460 1533 489 ut
1554 451 1729 489 membra

333 517 468 562 nostra,
489 526 554 555 aut
573 517 766 561 staturam,
789 516 998 569 figuramve
1018 517 1241 561 noscamus3
1261 530 1384 568 neque
1406 529 1472 554 nos
1489 529 1645 569 corpora
1665 516 1726 554 su-

333 596 421 621 mus
437 601 448 627 ;
480 596 602 635 neque
621 595 692 635 ego
712 582 783 620 tibi
803 581 884 620 haec
904 582 1048 627 dicens,
1079 582 1228 635 corpori
1249 591 1315 620 tuo
1335 582 1436 620 dico.
1469 583 1574 620 Cum
1594 581 1726 633 igitur,

331 649 444 702 Noste
463 658 511 693 te,
541 648 650 692 dicit,
685 646 761 686 hoc
792 647 900 692 dicit,
933 648 1060 686 Nosce
1079 648 1254 686 animum
1276 656 1403 686 tuum.
1453 647 1559 685 Nam
1591 659 1727 699 corpus

332 713 490 765 quidem
504 712 606 765 quasi
627 726 689 751 vas
709 712 774 758 est,
796 721 860 750 aut
879 712 1035 765 aliquod
1054 713 1175 751 animi
1194 712 1492 766 receptaculum.
1515 711 1580 750 Ab
1599 711 1730 749 animo

333 787 401 817 tuo
420 778 613 831 quidquid
633 778 770 831 agitur,
791 778 831 816 id
850 779 975 830 agitur
994 792 1014 816 a
1033 787 1082 817 te.
1115 779 1236 817 Hunc
1255 778 1374 831 igitur
1393 777 1508 822 nosse,
1538 777 1607 815 nis1
1627 776 1728 815 divi-

333 857 430 882 num
449 843 552 889 effet,
566 857 644 881 non
664 842 753 881 effet
772 842 848 882 hoc
868 844 1019 882 acrioris
1040 842 1237 897 cujusdam
1256 844 1377 882 animi
1392 851 1640 896 praeceptum,
1662 842 1727 888 s1c,

332 918 376 948 ut
397 910 588 948 tributum
610 910 696 948 Deo
725 910 796 948 s1t:
828 909 903 948 hoc
934 910 999 955 est,
1030 910 1066 948 se
1092 910 1217 963 ipsum
1237 909 1338 963 poss‘e
1368 909 1606 963 cognoscere.
1656 908 1728 946 Sed

333 975 374 1020 fi,
406 975 528 1027 qualis
551 975 596 1013 fit
629 975 793 1020 animus,
824 975 902 1028 ipse
933 976 1084 1014 animus
1110 975 1251 1014 nesciet
1265 994 1277 1020 ς,
1309 975 1386 1021 dic,
1418 974 1557 1027 quaeso,
1590 987 1637 1012 ne
1657 973 1729 1012 effe

332 1040 492 1092 quidem
511 1040 547 1078 se
567 1040 688 1078 sciet?
719 1054 767 1078 ne
787 1041 933 1079 moveri
963 1041 1124 1093 quidem
1144 1041 1210 1079 se?
1239 1054 1287 1079 ex
1313 1054 1391 1093 quo
1421 1040 1488 1078 illa
1518 1040 1613 1077 ratio
1643 1049 1729 1077 nata

331 1105 384 1143 est
404 1106 589 1151 Platonis,
621 1119 705 1158 quae
724 1119 744 1143 a
764 1107 914 1144 Socrate
933 1105 985 1144 est
1003 1106 1044 1144 in
1064 1105 1226 1145 Phaedro
1241 1105 1448 1158 explicata,
1479 1119 1500 1143 a
1519 1118 1583 1144 me
1598 1113 1728 1144 autem

330 1171 450 1224 pofita
468 1172 521 1210 est
540 1172 580 1210 in
600 1171 704 1210 sexto
724 1171 822 1210 libro
841 1171 887 1210 de
908 1172 1137 1225 Republica.

385 1238 541 1277 XXIII.
573 1237 827 1291 Qodstmper
844 1248 1022 1283 movetur,
1053 1237 1095 1276 id
1107 1246 1282 1277 aeternum
1299 1237 1356 1292 est.
1388 1237 1495 1290 Qod
1506 1246 1625 1276 autem
1652 1251 1726 1276 mo-

331 1312 409 1342 tum
427 1304 539 1356 qffi’rt
556 1304 676 1348 alicui,
695 1304 849 1358 quodque
867 1304 976 1357 ipflcm
995 1305 1165 1356 agitatur
1182 1303 1334 1349 aliunde,
1351 1303 1488 1357 quando
1489 1303 1604 1354 finem
1622 1301 1729 1341 habet

330 1369 457 1414 motas,
472 1369 728 1421 vivendifinem
745 1369 874 1408 habeat
888 1369 1009 1423 necqffl’
1024 1369 1081 1422 est.
1100 1369 1217 1408 Solum
1231 1369 1360 1422 igitur,
1377 1368 1471 1422 quod
1470 1371 1516 1422 ſs
1529 1369 1640 1422 ipsum
1651 1382 1726 1406 mo·-

330 1444 409 1480 vet,
432 1436 516 1489 quia
535 1450 715 1489 nunquam
734 1434 907 1489 destritur
924 1450 948 1473 a
948 1437 1005 1488 ſs’,
1026 1449 1208 1489 nunquam
1226 1449 1269 1473 ne
1286 1435 1425 1474 moveri
1440 1434 1575 1488 quidem
1591 1433 1726 1486 definit.

331 1501 429 1554 Qin
447 1502 555 1541 etiam
573 1502 725 1546 caeteris,
753 1516 833 1554 quae
850 1512 1052 1546 moventur,
1083 1501 1248 1554 hicfims,
1279 1501 1342 1539 hoc
1353 1501 1572 1553 princtpium
1590 1500 1635 1552 est
1653 1514 1727 1538 mo-

331 1567 450 1606 vendi.
510 1567 694 1619 Principii
708 1575 827 1605 autem
845 1567 944 1605 nulla
971 1566 1016 1619 est
1034 1567 1143 1619 ortgo.
1188 1568 1289 1605 Nam
1308 1581 1350 1604 ex
1361 1566 1540 1619 princtpio
1558 1565 1728 1604 oriuntur

329 1632 470 1672 omnia:
500 1632 610 1686 tpsttm
629 1641 747 1671 autem
777 1632 876 1671 nulla
900 1647 943 1671 ex
961 1647 1000 1671 re
1018 1633 1091 1670 alia
1118 1632 1217 1685 nafii
1235 1631 1374 1686 potest:
1403 1647 1466 1671 nec
1483 1632 1573 1670 enim
1591 1631 1669 1685 estbt
1693 1631 1734 1670 id

321 1699 556 1752 princtpium,
587 1698 681 1752 quod
699 1699 915 1752 gigneretur
933 1698 1085 1737 aliunde.
1131 1697 1237 1750 Qod
1249 1698 1292 1749 st
1306 1712 1486 1752 nunquam
1520 1698 1653 1743 oritur,
1685 1712 1727 1736 ne

328 1763 455 1804 occidit
487 1763 621 1817 quidem
651 1779 818 1817 unquam.
850 1765 950 1803 Nam
973 1763 1194 1816 principium
1223 1763 1431 1809 exdnHum,
1462 1778 1524 1802 nec
1553 1764 1663 1816 ipstcm
1681 1763 1727 1801 ab

329 1830 398 1868 alio
416 1819 634 1882 renffibtur,
664 1844 726 1868 nec
754 1844 778 1868 a
793 1830 838 1882 st
863 1828 966 1867 aliud
978 1829 1114 1867 creabit
1129 1847 1140 1873 ;
1157 1829 1201 1880 si
1226 1829 1360 1882 quidem
1379 1828 1500 1882 neceffi
1518 1828 1563 1882 cst
1577 1843 1601 1867 a
1613 1829 1725 1881 prin-

330 1895 418 1948 cspio
437 1894 530 1933 oriri
544 1895 671 1933 omnia.
720 1895 784 1933 Ita
788 1895 857 1946 fit,
889 1903 931 1933 ut
949 1895 1062 1934 motis
1073 1894 1291 1948 princtpium
1311 1909 1353 1933 ex
1371 1910 1406 1934 eo
1410 1895 1481 1946 stt,
1512 1894 1606 1948 quod
1618 1895 1727 1948 zpstcm

330 1963 404 2015 ast
421 1971 598 2000 movetur.
630 1960 679 1999 Id
691 1969 810 1999 autem
828 1975 890 1999 nec
908 1961 1006 2014 ncfii
1013 1960 1138 2014 potest,
1161 1975 1222 1999 nec
1240 1961 1333 2000 mori
1343 1979 1355 2006 3
1377 1962 1442 2000 vel
1454 1960 1614 2000 concidat
1632 1975 1727 1999 omne

329 2027 466 2072 uelum,
497 2027 667 2080 omnisque
684 2035 822 2065 natura
840 2026 997 2079 cotgsgstat
1015 2026 1136 2080 necqffi’
1153 2026 1209 2079 est,
1231 2041 1294 2065 nec
1312 2026 1387 2065 vim
1406 2026 1513 2065 ullam
1540 2027 1650 2065 nemci
1661 2041 1725 2065 ca-

331 2102 409 2137 tur,
440 2107 524 2145 qua,
545 2101 587 2130 ut
601 2092 731 2144 prt'mb,
753 2092 899 2145 impulstz
917 2103 1118 2131 moveatur.
1151 2093 1242 2130 Cum
1254 2100 1385 2144 pateat
1404 2093 1532 2145 igitur,
1553 2101 1728 2131 aeternum

330 2157 371 2196 id
385 2158 456 2211 effi,
487 2156 625 2211 quodsb
643 2156 752 2210 zpsum
771 2167 910 2196 moveat
922 2176 934 2203 ς,
966 2158 1043 2211 quis
1061 2157 1119 2211 est,
1141 2158 1205 2211 qui
1219 2158 1312 2196 hanc
1330 2167 1502 2197 naturam
1522 2158 1649 2196 animis
1667 2158 1726 2211 effi

331 2223 508 2262 tributam
527 2232 628 2275 neget
645 2223 664 2261 ἓ
710 2223 910 2262 Inanimum
929 2223 974 2276 est
992 2224 1081 2262 enim
1100 2238 1209 2269 omne,
1239 2223 1333 2277 quod
1339 2225 1444 2278 pulsia
1473 2225 1642 2277 agitatur
1661 2239 1725 2262 ex-

333 2298 447 2327 terno.
480 2288 585 2341 Qod
598 2299 716 2327 autem
734 2289 778 2342 est
796 2290 941 2334 animal,
972 2289 1012 2328 id
1030 2299 1126 2328 motu
1144 2290 1260 2329 cietur
1279 2291 1458 2336 interiore,
1480 2301 1515 2329 et
1519 2292 1602 2343 fico·
1625 2291 1726 2329 Nam

333 2354 410 2393 haec
428 2353 472 2407 cst
480 2355 634 2407 propria
652 2364 789 2393 natura
807 2356 928 2401 animi,
950 2365 1058 2409 atque
1076 2356 1146 2394 vis.
1178 2357 1282 2408 Qzae,
1289 2357 1332 2408 st
1346 2356 1390 2408 est
1409 2371 1481 2394 una
1495 2370 1537 2393 ex
1555 2355 1722 2400 omnibus,

333 2423 462 2474 quaest
481 2421 735 2474 tpstzmſs’mper
753 2431 907 2467 moveat,
937 2437 1045 2475 neque
1062 2431 1153 2460 nata
1172 2433 1266 2461 certe
1284 2422 1341 2474 cst,
1371 2431 1407 2459 et
1425 2430 1563 2460 aeterna
1581 2421 1637 2474 est.

389 2487 502 2525 Licet
532 2497 758 2526 concurrant
788 2488 929 2541 plebeii
950 2502 1084 2527 omnes
1104 2487 1338 2541 philosophi,
1372 2488 1438 2539 (fic
1470 2488 1574 2526 enim
1595 2488 1635 2533 ii,
1657 2489 1724 2541 qui

334 2565 355 2591 a
375 2552 546 2598 Platone,
575 2562 613 2593 et
634 2554 796 2600 Socrate,
826 2563 863 2594 et
894 2555 940 2593 ab
963 2568 1005 2593 ea
1034 2553 1180 2593 familia
1200 2553 1388 2598 diffident,
1420 2554 1635 2608 appellandi
1665 2555 1724 2592 vi-

1322 2621 1337 2658 I
1359 2619 1372 2657 i
1408 2632 1428 2658 2
