2330 2983
545 238 625 274 444
803 222 895 260 DE
953 222 1275 260 NATURA
1332 220 1668 270 DEORUM

544 330 705 366 tueatur,
727 329 764 358 et
782 333 823 358 ea
842 319 1000 372 quidem
1016 332 1092 358 non
1112 319 1188 358 fine
1207 320 1311 358 sensu
1327 330 1438 373 atque
1457 321 1614 360 ratione.
1634 323 1807 361 Omnem
1822 325 1927 364 enim

543 395 717 425 naturam
745 384 885 424 neceffe
916 384 982 430 est,
1012 398 1096 437 quae
1123 398 1201 424 non
1231 385 1392 424 solitaria
1411 386 1468 432 fit,
1502 400 1625 439 neque
1655 387 1828 440 simplex,
1865 389 1927 427 sed

542 464 636 489 cum
655 451 729 488 alio
741 451 874 502 junCta
893 459 1008 503 atque
1030 463 1214 496 connexa,
1245 450 1384 490 habere
1402 451 1570 504 aliquem
1601 453 1642 490 in
1671 452 1708 490 se
1721 453 1926 506 principa-

542 525 643 562 tum,
660 517 755 554 utin
770 515 929 555 homine
944 526 1130 562 mentem,
1145 517 1185 555 in
1203 517 1329 555 bellua
1343 517 1527 570 quiddam
1544 518 1665 556 simile
1680 519 1834 564 mentis,
1852 533 1927 558 un-

542 582 589 620 de
608 582 778 621 oriantur
797 596 923 621 rerum
942 583 1145 636 appetitus.
1177 584 1222 621 In
1242 584 1421 622 arborum
1441 592 1568 622 autem
1584 593 1622 622 et
1639 597 1768 622 earum
1785 598 1926 631 rerum,

543 661 628 700 quae
646 649 860 700 gignuntur
873 662 893 683 e
914 659 1024 691 terra,
1043 649 1231 686 radicibus
1248 649 1358 687 inesse
1373 650 1606 702 principatus
1624 660 1792 703 putatur.
1813 652 1927 689 Prin-

543 713 716 765 cipatum
736 721 865 750 autem
885 711 925 749 id
944 710 1046 756 dico,
1078 712 1182 763 quod
1202 713 1329 751 Graeci
1348 711 1530 760 ἧγεμονικὶν
1549 725 1684 754 vocant
1698 735 1710 761 5
1732 729 1810 768 quo
1830 715 1928 754 nihil

542 778 584 816 in
604 790 760 830 quoque
778 789 914 829 genere
932 788 1002 814 nec
1021 775 1155 828 potest,
1183 790 1253 814 nec
1273 777 1384 815 debet
1409 778 1480 815 effe
1510 779 1754 831 praestantius.
1798 781 1929 832 Itaque

542 843 687 882 neceffe
719 842 786 887 est,
816 841 914 879 illud
943 841 1074 886 etiam,
1104 842 1145 878 in
1172 855 1251 894 quo
1283 842 1328 880 s1t
1358 843 1475 880 totius
1506 852 1646 881 naturae
1679 845 1928 896 principatus,

544 907 615 946 effe
635 907 814 946 omnium
831 907 1040 960 optimum,
1070 906 1326 960 omniumque
1347 921 1471 946 rerum
1491 907 1685 961 potestate,
1707 908 1929 947 dominatu-

544 987 620 1026 que
637 972 916 1026 digniffimum.

599 1039 789 1079 Videmus
807 1048 950 1085 autem,
985 1040 1026 1078 in
1045 1041 1215 1093 partibus
1236 1041 1372 1080 mundi
1402 1040 1519 1093 (nihil
1544 1041 1596 1080 est
1615 1041 1720 1080 enim
1749 1039 1790 1079 in
1820 1041 1929 1080 omni

545 1105 706 1150 mundo,
735 1105 841 1158 quod
859 1118 938 1144 non
967 1119 1051 1158 pars
1082 1106 1241 1144 universi
1261 1107 1322 1158 fit)
1356 1106 1469 1144 inesse
1488 1107 1636 1145 sensum
1661 1115 1698 1144 et
1726 1107 1927 1145 rationem.

546 1170 592 1208 In
622 1183 664 1208 ea
683 1179 786 1222 parte
806 1170 937 1223 igitur,
970 1171 1010 1208 in
1030 1184 1106 1223 qua
1137 1171 1273 1208 mundi
1306 1171 1401 1209 inest
1431 1171 1679 1224 principatus,
1708 1171 1789 1210 haec
1817 1171 1930 1209 inesse

545 1234 687 1273 neceffe
705 1235 771 1280 est,
787 1244 827 1273 et
843 1235 986 1273 acriora
1004 1236 1176 1287 quidem,
1192 1245 1305 1288 atque
1325 1237 1479 1287 majora.
1512 1237 1703 1287 roirca
1721 1237 1928 1289 sapientem

545 1299 616 1338 effe
649 1299 842 1338 mundum
872 1299 1016 1338 necess‘e
1048 1299 1126 1345 est3
1172 1309 1421 1352 naturamque
1451 1313 1549 1345 eam,
1591 1315 1674 1353 quae
1707 1314 1762 1339 res
1795 1314 1929 1339 omnes

545 1364 749 1417 complexa
768 1373 906 1409 teneat,
926 1363 1156 1416 perfectione
1176 1365 1330 1403 rationis
1350 1365 1547 1410 excellere,
1569 1364 1690 1416 euque
1711 1365 1842 1403 Deum
1861 1363 1931 1403 esse

545 1430 753 1475 mundum,
773 1443 1007 1482 omnemque
1026 1430 1107 1468 vim
1127 1430 1264 1469 mundi
1281 1430 1413 1469 natura
1433 1431 1561 1469 divina
1577 1430 1780 1470 contineri.
1825 1443 1827 1445 ·

600 1498 731 1548 Atque
751 1496 866 1533 etiam
887 1496 1024 1534 mundi
1043 1496 1109 1534 ille
1129 1495 1254 1535 fervor
1278 1497 1421 1549 purior,
1452 1496 1696 1549 perlucidior,
1726 1496 1930 1535 mobilior·

547 1574 622 1614 que
655 1561 806 1605 multo,
841 1561 891 1598 ob
921 1561 1053 1611 easque
1082 1561 1205 1597 causas
1236 1562 1358 1611 aptior
1387 1562 1432 1596 ad
1463 1561 1585 1599 sensus
1617 1562 1930 1606 commovendos,

546 1639 664 1679 quam
684 1625 748 1663 hic
768 1624 890 1663 noster
909 1624 1010 1662 calor
1022 1642 1033 1668 3
1056 1637 1133 1676 quo
1152 1623 1246 1668 haec,
1269 1637 1353 1675 quae
1373 1634 1461 1662 nota
1473 1625 1582 1662 nobis
1603 1625 1701 1669 sunt,
1724 1626 1932 1664 retinentur

546 1701 585 1729 et
604 1692 746 1743 vigent.
791 1689 1013 1728 Absurdum
1033 1688 1086 1726 est
1105 1689 1222 1740 igitur
1241 1688 1377 1733 dicere,
1407 1701 1498 1727 cum
1519 1688 1709 1734 homines,
1732 1690 1932 1742 bestiaeque

545 1757 622 1795 hoc
641 1756 763 1794 calore
784 1763 995 1800 teneantur,
1026 1762 1063 1791 et
1082 1762 1277 1806 propterea
1296 1764 1518 1792 moveantur
1545 1769 1586 1793 ac
1607 1755 1780 1800 sentiant,
1812 1769 1929 1794 mun-

547 1822 642 1860 dum
662 1821 732 1859 effe
751 1820 828 1859 fine
847 1819 975 1864 sensu3
1006 1819 1076 1871 qui
1106 1819 1266 1872 integro,
1298 1827 1334 1856 et
1363 1833 1473 1871 puro,
1508 1829 1546 1857 et
1565 1820 1698 1864 libero,
1720 1820 1931 1873 eodemque

547 1888 732 1926 acerrimo
750 1895 790 1925 et
819 1884 1068 1924 mobiliffimo
1087 1885 1216 1924 ardore
1236 1894 1420 1923 teneatur.
1467 1885 1677 1923 Praesertim
1697 1899 1788 1923 cum
1808 1886 1839 1923 is
1871 1899 1929 1924 ar-

549 1954 631 1999 dor,
662 1953 730 2004 qui
760 1951 813 1989 est
842 1951 992 1994 mundi,
1015 1963 1092 1988 non
1113 1951 1275 2003 agitatus
1296 1951 1342 1988 ab
1363 1951 1450 1995 alio,
1482 1965 1604 2003 neque
1624 1960 1780 1989 externo
1802 1951 1928 2003 pulsu,

549 2019 609 2057 sed
640 2032 705 2071 per
736 2017 769 2055 se
800 2016 877 2069 ipse
909 2029 951 2054 ac
971 2015 1031 2053 sua
1052 2016 1181 2068 sponte
1212 2025 1419 2054 moveatur.
1470 2016 1575 2053 Nam
1605 2016 1699 2066 quid
1720 2016 1839 2067 potest
1859 2016 1929 2054 ess‘e

549 2085 696 2123 mundo
721 2083 920 2127 valentius,
956 2082 1060 2134 quod
1079 2081 1195 2135 pellat
1224 2090 1335 2134 atque
1357 2091 1505 2120 moveat
1535 2081 1699 2120 calorem
1719 2094 1822 2126 eum,
1851 2095 1930 2134 quo

548 2150 613 2188 ille
634 2158 800 2188 teneatur
818 2148 830 2184 ?

603 2216 697 2254 XII.
730 2213 942 2252 Audiamus
962 2213 1065 2251 enim
1087 2212 1301 2258 Platonem,
1331 2211 1433 2265 quasi
1464 2211 1653 2264 quendam
1674 2213 1805 2251 Deum
1838 2211 1927 2266 phi-

550 2279 823 2333 losophorum;
855 2280 917 2317 cui
939 2279 1014 2317 duo
1036 2279 1156 2332 placet
1185 2279 1255 2317 esse
1281 2287 1422 2323 motus,
1460 2292 1581 2316 unum
1613 2278 1736 2323 suum,
1767 2279 1929 2317 alterum

550 2356 778 2385 externum:
809 2345 878 2383 effe
911 2354 1039 2383 autem
1074 2345 1254 2389 divinius,
1283 2345 1386 2396 quod
1416 2344 1540 2396 ipsum
1566 2358 1610 2382 ex
1646 2344 1680 2381 se
1710 2344 1771 2382 sua
1802 2344 1929 2397 sponte

552 2421 758 2456 moveatur,
781 2423 898 2463 quam
918 2410 1021 2462 quod
1053 2410 1161 2462 pulsu
1182 2410 1342 2462 agitetur
1362 2409 1497 2447 alieno.
1546 2410 1663 2447 Hunc
1685 2419 1811 2447 autem
1843 2423 1928 2448 mo-

554 2486 636 2515 tum
664 2478 702 2515 in
723 2477 808 2515 solis
837 2476 972 2515 animis
992 2475 1062 2513 css'e
1083 2476 1204 2528 ponit,
1225 2476 1271 2513 ab
1291 2474 1422 2527 hisque
1444 2475 1677 2528 principium
1708 2474 1834 2513 motus
1861 2474 1929 2512 esse

550 2543 711 2582 ductum
738 2553 858 2597 putat.
904 2544 1159 2596 Qapropter,
1189 2542 1372 2596 quoniam
1403 2554 1449 2580 ex
1480 2541 1615 2580 mundi
1644 2541 1772 2580 ardore
1802 2550 1927 2579 motus
