2330 2983
919 277 1147 331 [ποι]

702 533 821 572 DE
906 532 1378 572 FINIBUS-

348 730 900 794 BoNoRUM
967 747 1066 787 ET
1133 730 1716 801 MALORUM,

540 954 863 994 LI-BER.
934 954 1510 993 SECUNDUS,

334 1167 367 1206 Ι.
393 1161 562 1294 HI
576 1165 609 1203 C
641 1176 734 1202 cum
754 1172 916 1216 uterque
936 1177 999 1203 me
1018 1165 1243 1208 intueretur,
1266 1163 1414 1216 seseque
1434 1163 1479 1201 ad
1498 1163 1741 1203 audiendum·

563 1229 816 1282 fignificarent
836 1240 983 1283 paratos
998 1248 1009 1274 ς
1043 1230 1236 1275 Primum,
1265 1230 1440 1281 inquam,
1462 1230 1656 1282 deprecor,
1688 1244 1739 1268 ne

563 1309 641 1341 me,
662 1305 847 1348 tanquam
866 1294 1158 1348 philosophum,
1180 1296 1322 1348 putetis
1342 1294 1513 1333 scholam
1534 1296 1642 1334 vobis
1662 1296 1734 1334 ali-

335 1373 453 1412 quam
473 1361 783 1414 explicaturum;
816 1361 920 1413 quod
940 1374 987 1399 ne
1009 1361 1047 1398 in
1069 1361 1157 1412 ipsis
1176 1362 1336 1412 quidem
1362 1360 1602 1413 philosophis
1623 1375 1734 1414 mag-

335 1439 475 1478 nopere
509 1440 683 1479 unquam
716 1426 886 1479 probavi.
947 1426 1114 1477 Qando
1150 1426 1256 1463 enim
1291 1428 1475 1471 Socrates,
1504 1427 1571 1479 qui
1601 1440 1741 1479 parens·

335 1489 589 1544 philosophiae
613 1493 700 1543 jure
728 1492 805 1529 dici
835 1491 970 1544 potest,
1001 1492 1216 1543 quidquam
1237 1492 1310 1529 tale
1330 1491 1454 1529 fecit?
1486 1493 1636 1530 Eorum
1656 1502 1735 1531 erat

336 1556 402 1594 iste
434 1570 531 1602 mos,
564 1557 635 1609 qui
666 1565 759 1594 tum»
783 1555 956 1609 sophistae
988 1556 1312 1601 nominabantur5
1344 1570 1512 1608 quorum
1531 1570 1552 1594 e
1572 1571 1736 1596 numero

335 1623 484 1674 primus
515 1623 569 1661 est
586 1622 693 1660 ausus
715 1623 930 1660 Leontinus
962 1622 1125 1674 Gorgias
1146 1623 1186 1660 in
1217 1631 1411 1660 conventu
1430 1623 1582 1675 poscere
1611 1624 1733 1675 quaes-

335 1688 497 1734 tionem,
543 1689 584 1726 id
613 1688 679 1733 est,
718 1688 857 1740 jubere
890 1688 1028 1733 dicere,
1067 1702 1143 1741 qua
1172 1688 1218 1726 de
1248 1702 1287 1726 re
1316 1690 1402 1741 quis
1436 1690 1551 1728 vellet
1587 1690 1730 1728 audire.

333 1754 472 1792 Audax
492 1755 716 1807 negotium;
748 1755 916 1792 dicerem
938 1754 1157 1807 impudens,
1188 1755 1257 1792 nifi
1276 1754 1352 1792 hoc
1372 1755 1592 1794 institutum
1608 1756 1741 1809 postea>

333 1819 554 1858 transsatum
583 1820 630 1858 ad
663 1818 914 1873 philosophos
947 1819 1091 1858 nostros
1125 1819 1225 1858 effet.
1285 1821 1358 1858 Sed
1386 1830 1423 1857 et
1453 1821 1582 1866 illum,
1615 1835 1734 1873 quem

333 1886 544 1930 nominavi,
575 1895 613 1925 et
646 1896 799 1924 caeteros
832 1885 1028 1938 sophistas,
1074 1895 1117 1924 ut
1150 1900 1170 1924 e
1205 1886 1363 1924 Platone
1395 1887 1562 1939 intelligi
1595 1887 1745 1940 potest,

333 1950 433 1989 lusos
463 1951 639 1989 videmus
676 1964 696 1988 a
727 1952 890 1989 Socrate.
951 1952 987 1989 Is
1021 1952 1127 1989 enim
1162 1952 1422 2004 percontando
1463 1962 1577 2004 atque
1611 1953 1737 1990 inter--

333 2015 500 2069 rogando
530 2011 665 2054 elicere
691 2016 832 2055 solebat
861 2029 996 2054 eorum
1017 2017 1230 2069 opiniones,
1260 2017 1493 2069 quibuscum
1519 2017 1730 2063 differebat,

333 2092 376 2121 ut
396 2083 441 2121 ad
460 2096 515 2128 ea,
545 2097 631 2135 quae
660 2082 686 2120 ii
722 2082 1007 2135 respondissent,
1039 2083 1064 2121 fi
1085 2084 1180 2135 quid
1201 2084 1403 2128 videretur,
1435 2085 1589 2122 diceret.
1650 2085 1741 2135 Qi«

332 2162 416 2187 mos
437 2162 528 2186 cum
548 2162 568 2185 a
587 2148 857 2201 posterioribus
878 2162 955 2186 non
976 2148 1063 2186 effet
1084 2158 1265 2193 retentus,
1296 2149 1479 2186 Arcesilas
1500 2163 1591 2188 eum
1621 2163 1730 2187 revo-

333 2215 459 2259 cavit,
492 2214 746 2265 instituitque,
770 2223 813 2251 ut
834 2214 874 2258 ii,
897 2215 965 2266 qui
986 2214 1020 2252 se
1039 2215 1168 2252 audire
1188 2214 1343 2260 vellent,
1366 2229 1443 2253 non
1464 2215 1510 2252 de
1529 2215 1564 2252 se
1584 2228 1730 2267 quaere-

333 2288 430 2324 rent,
464 2279 524 2316 sed
555 2279 622 2331 ipsi
643 2279 826 2323 dicerent,
858 2279 951 2332 quid
972 2279 1164 2318 sentirent.
1198 2280 1315 2331 Qod
1336 2294 1428 2318 curn
1448 2280 1638 2325 dixissent,
1667 2280 1746 2317 ille‘

335 2353 478 2382 contra.
521 2345 592 2383 Sed
611 2346 678 2397 qui
699 2345 917 2390 audiebant,
948 2346 1072 2398 quoad
1088 2355 1276 2398 poterant,
1299 2346 1554 2384 defendebant
1581 2347 1730 2384 senten-

333 2410 428 2447 tiam
450 2409 568 2448 suam.
614 2410 730 2463 Apud
751 2421 904 2449 caeteros
924 2421 1052 2449 autem
1074 2410 1336 2464 philosophos,
1371 2413 1438 2463 qui
1470 2411 1639 2463 quaefivit
1658 2411 1729 2449 ali-

334 2475 442 2527 quid,
465 2484 575 2512 tacet.
598 2476 713 2527 Qod
733 2477 891 2528 quidem
907 2478 989 2528 jam
1011 2477 1053 2514 fit
1074 2478 1189 2515 etiam
1210 2478 1248 2514 in
1268 2477 1487 2514 Academia.
1522 2477 1602 2514 Ubi
1622 2477 1740 2515 enim-

334 2540 379 2584 is,
415 2539 481 2591 qui
513 2539 642 2577 audire
670 2540 767 2585 vult,
800 2541 852 2578 ita
872 2541 984 2586 dixit,
1020 2543 1190 2593 Voluptas
1209 2542 1297 2579 mihi
1314 2541 1459 2579 videtur
1478 2541 1536 2594 ejffi’
1549 2543 1729 2595 stamnum

332 2604 470 2651 bonum,
500 2615 684 2659 perpetua
713 2606 881 2646 oratione
912 2616 1045 2646 contra
1074 2607 1286 2660 disputatur
1302 2626 1314 2654 3
1347 2617 1390 2645 ut
1421 2606 1532 2646 facile
1564 2607 1737 2659 intelligi
