2330 2983
458 281 536 336 396
692 275 1610 319 TUSCULANARUM&c.

454 379 604 418 causam
634 377 705 416 effe
735 375 934 414 diffidendi
967 374 1142 428 negabat.
1193 375 1323 426 Qare
1341 372 1448 413 hunc
1467 373 1600 412 locum
1625 381 1848 414 caeterarum

452 445 739 497 disciplinarum
769 440 1002 495 philosophi,
1034 440 1364 494 quemadmodum
1389 440 1563 479 obtinere
1594 439 1748 493 poffint,
1778 440 1854 494 ipst

452 510 630 550 viderint.
675 507 784 547 Mihi
805 517 931 545 tamen
949 516 1101 560 gratum
1122 506 1188 552 est,
1219 506 1325 558 quod
1350 506 1396 544 de
1417 505 1646 558 sapientium
1665 515 1850 559 perpetua

452 577 550 615 bene
582 574 736 614 vivendi
768 572 949 614 facultate
983 573 1147 626 dignum
1181 572 1368 625 quiddam
1398 570 1719 625 philosophorum
1753 584 1847 610 voce

451 642 696 697 profitentur.

507 707 580 747 Sed
599 707 784 761 quoniam
804 719 916 744 mane
935 705 988 743 est
1006 705 1193 749 eundum,
1225 703 1292 743 has
1312 705 1486 757 quinque
1504 704 1656 743 dierum
1674 702 1845 757 disputa-

450 774 574 815 tiones
594 772 781 812 memoria
798 769 1186 823 comprehendamus.
1218 770 1415 821 Equidem
1435 783 1498 807 me
1514 770 1630 808 etiam
1648 770 1846 821 conscrip-

450 850 584 880 turum
604 838 778 882 arbitror,
811 836 899 889 (ubi
917 836 1023 874 enim
1046 835 1186 874 melius
1203 834 1263 872 uti
1280 834 1476 887 poffumus
1495 833 1591 879 hoc,
1605 833 1853 872 cuicuimodi

449 905 517 951 est,
533 903 655 956 otio?)
677 902 723 941 ad
736 903 980 954 Brutumque
994 900 1168 939 nostrum
1186 898 1257 938 hos
1276 898 1396 937 libros
1408 899 1544 938 alteros
1559 898 1734 951 quinque
1748 898 1846 937 mit-

450 980 576 1010 temus
593 988 606 1016 3
636 982 658 1008 a
676 982 756 1022 quo
772 981 850 1007 non
869 967 988 1006 modo
1006 965 1163 1020 impulsi
1183 965 1313 1004 sumus
1340 965 1386 1003 ad
1409 963 1695 1019 philosophicas
1723 963 1846 1017 scrip-

450 1038 588 1081 tiones,
609 1048 743 1074 verum
762 1035 880 1073 etiam
900 1033 1070 1073 laceffiti.
1116 1033 1162 1071 In
1173 1046 1260 1085 .qu0
1280 1040 1471 1084 quantum
1488 1031 1631 1069 caeteris
1650 1028 1853 1083 profuturi

450 1103 596 1148 sumus,
618 1114 696 1140 non
716 1100 829 1139 facile
848 1099 1084 1139 dixerimus:
1106 1098 1241 1137 nostris
1261 1097 1419 1150 quidem
1438 1096 1683 1136 acerbiffimis
1698 1095 1845 1134 dolori-

450 1170 538 1214 bus,
559 1167 756 1220 variisque,
776 1175 815 1205 et
834 1166 1004 1221 undique
1024 1163 1266 1206 circumfufis
1292 1163 1490 1211 molestiis,
1508 1164 1581 1203 alia
1597 1162 1703 1204 nulla
1716 1162 1851 1217 potuit

449 1234 613 1275 inveniri
632 1233 784 1272 levatio.
