<?xml version="1.0" encoding="UTF-8"?>
<!DOCTYPE html PUBLIC "-//W3C//DTD XHTML 1.0 Transitional//EN"
    "http://www.w3.org/TR/xhtml1/DTD/xhtml1-transitional.dtd">
<html xmlns="http://www.w3.org/1999/xhtml" xml:lang="en" lang="en">
 <head>
  <title>
</title>
<meta http-equiv="Content-Type" content="text/html;charset=utf-8" />
  <meta name='ocr-system' content='tesseract 3.04.00' />
  <meta name='ocr-capabilities' content='ocr_page ocr_carea ocr_par ocr_line ocrx_word'/>
</head>
<body>
  <div class='ocr_page' id='page_1' title='image "./operacumindicibu02ciceuoft_0031.png"; bbox 0 0 2330 2983; ppageno 0'>
   <div class='ocr_carea' id='block_1_1' title="bbox 774 263 1772 313">
    <p class='ocr_par' dir='ltr' id='par_1_1' title="bbox 774 263 1772 313">
     <span class='ocr_line' id='line_1_1' title="bbox 774 263 1772 313; baseline -0.005 -10"><span class='ocrx_word' id='word_1_1' title='bbox 774 263 1373 303; x_wconf 76' lang='lat' dir='ltr'>LUCULLUS.</span> <span class='ocrx_word' id='word_1_2' title='bbox 1723 273 1772 313; x_wconf 62' lang='grc'>2,-</span> 
     </span>
    </p>
   </div>
   <div class='ocr_carea' id='block_1_2' title="bbox 349 353 1775 2509">
    <p class='ocr_par' dir='ltr' id='par_1_2' title="bbox 376 353 1771 460">
     <span class='ocr_line' id='line_1_2' title="bbox 377 353 1771 410; baseline -0.004 -15"><span class='ocrx_word' id='word_1_3' title='bbox 377 357 489 410; x_wconf 84' lang='lat' dir='ltr'>possit</span> <span class='ocrx_word' id='word_1_4' title='bbox 508 357 751 409; x_wconf 88' lang='lat' dir='ltr'>exploratum</span> <span class='ocrx_word' id='word_1_5' title='bbox 781 356 851 394; x_wconf 81' lang='lat' dir='ltr'>effe</span> <span class='ocrx_word' id='word_1_6' title='bbox 871 357 916 394; x_wconf 88' lang='lat' dir='ltr'>de</span> <span class='ocrx_word' id='word_1_7' title='bbox 937 356 999 394; x_wconf 89' lang='lat' dir='ltr'>sua</span> <span class='ocrx_word' id='word_1_8' title='bbox 1019 355 1200 394; x_wconf 86' lang='lat' dir='ltr'>sanitate?</span> <span class='ocrx_word' id='word_1_9' title='bbox 1232 354 1351 407; x_wconf 86' lang='lat' dir='ltr'>Qod</span> <span class='ocrx_word' id='word_1_10' title='bbox 1374 353 1469 393; x_wconf 85' lang='lat' dir='ltr'>velle</span> <span class='ocrx_word' id='word_1_11' title='bbox 1489 353 1652 396; x_wconf 86' lang='lat' dir='ltr'>efficere,</span> <span class='ocrx_word' id='word_1_12' title='bbox 1694 365 1771 390; x_wconf 90' lang='lat' dir='ltr'>non</span> 
     </span>
     <span class='ocr_line' id='line_1_3' title="bbox 376 420 835 460; baseline -0.002 0"><span class='ocrx_word' id='word_1_13' title='bbox 376 423 580 460; x_wconf 89' lang='lat' dir='ltr'>mediocris</span> <span class='ocrx_word' id='word_1_14' title='bbox 601 421 751 459; x_wconf 82' lang='lat' dir='ltr'>insaniae</span> <span class='ocrx_word' id='word_1_15' title='bbox 770 420 835 459; x_wconf 90' lang='lat' dir='ltr'>est.</span> 
     </span>
    </p>

    <p class='ocr_par' dir='ltr' id='par_1_3' title="bbox 370 483 1773 1261">
     <span class='ocr_line' id='line_1_4' title="bbox 431 483 1769 539; baseline -0.004 -14"><span class='ocrx_word' id='word_1_16' title='bbox 431 487 710 525; x_wconf 83' lang='lat' dir='ltr'>Similitudines</span> <span class='ocrx_word' id='word_1_17' title='bbox 737 500 825 524; x_wconf 93' lang='lat' dir='ltr'>vero</span> <span class='ocrx_word' id='word_1_18' title='bbox 845 496 910 524; x_wconf 86' lang='lat' dir='ltr'>aut</span> <span class='ocrx_word' id='word_1_19' title='bbox 930 487 1190 539; x_wconf 87' lang='lat' dir='ltr'>geminorum,</span> <span class='ocrx_word' id='word_1_20' title='bbox 1215 494 1279 523; x_wconf 89' lang='lat' dir='ltr'>aut</span> <span class='ocrx_word' id='word_1_21' title='bbox 1300 485 1494 537; x_wconf 82' lang='lat' dir='ltr'>fignorum</span> <span class='ocrx_word' id='word_1_22' title='bbox 1513 483 1663 522; x_wconf 86' lang='lat' dir='ltr'>annulis</span> <span class='ocrx_word' id='word_1_23' title='bbox 1692 484 1769 520; x_wconf 87' lang='lat' dir='ltr'>im-</span> 
     </span>
     <span class='ocr_line' id='line_1_5' title="bbox 374 548 1769 605; baseline -0.003 -16"><span class='ocrx_word' id='word_1_24' title='bbox 374 551 597 605; x_wconf 87' lang='lat' dir='ltr'>prefforum,</span> <span class='ocrx_word' id='word_1_25' title='bbox 627 551 825 604; x_wconf 88' lang='lat' dir='ltr'>pueriliter</span> <span class='ocrx_word' id='word_1_26' title='bbox 844 551 1118 589; x_wconf 67' lang='lat' dir='ltr'>consectantur.</span> <span class='ocrx_word' id='word_1_27' title='bbox 1151 551 1251 602; x_wconf 85' lang='lat' dir='ltr'>Qis</span> <span class='ocrx_word' id='word_1_28' title='bbox 1271 551 1375 588; x_wconf 91' lang='lat' dir='ltr'>enim</span> <span class='ocrx_word' id='word_1_29' title='bbox 1397 549 1568 587; x_wconf 87' lang='lat' dir='ltr'>nostrum</span> <span class='ocrx_word' id='word_1_30' title='bbox 1589 548 1769 586; x_wconf 81' lang='lat' dir='ltr'>similitu-</span> 
     </span>
     <span class='ocr_line' id='line_1_6' title="bbox 375 613 1770 671; baseline -0.004 -16"><span class='ocrx_word' id='word_1_31' title='bbox 375 618 480 655; x_wconf 84' lang='lat' dir='ltr'>dines</span> <span class='ocrx_word' id='word_1_32' title='bbox 512 627 625 671; x_wconf 87' lang='lat' dir='ltr'>negat</span> <span class='ocrx_word' id='word_1_33' title='bbox 655 617 738 663; x_wconf 83' lang='lat' dir='ltr'>effe,</span> <span class='ocrx_word' id='word_1_34' title='bbox 769 631 860 656; x_wconf 91' lang='lat' dir='ltr'>cum</span> <span class='ocrx_word' id='word_1_35' title='bbox 892 631 943 656; x_wconf 81' lang='lat' dir='ltr'>eae</span> <span class='ocrx_word' id='word_1_36' title='bbox 972 617 1152 670; x_wconf 87' lang='lat' dir='ltr'>plurimis</span> <span class='ocrx_word' id='word_1_37' title='bbox 1173 617 1212 654; x_wconf 89' lang='lat' dir='ltr'>in</span> <span class='ocrx_word' id='word_1_38' title='bbox 1240 615 1352 654; x_wconf 87' lang='lat' dir='ltr'>rebus</span> <span class='ocrx_word' id='word_1_39' title='bbox 1383 616 1613 668; x_wconf 83' lang='lat' dir='ltr'>appareant?</span> <span class='ocrx_word' id='word_1_40' title='bbox 1646 614 1716 651; x_wconf 88' lang='lat' dir='ltr'>Sed</span> <span class='ocrx_word' id='word_1_41' title='bbox 1745 613 1770 650; x_wconf 85' lang='lat' dir='ltr'>fi</span> 
     </span>
     <span class='ocr_line' id='line_1_7' title="bbox 373 679 1768 735; baseline -0.004 -14"><span class='ocrx_word' id='word_1_42' title='bbox 373 683 459 721; x_wconf 88' lang='lat' dir='ltr'>satis</span> <span class='ocrx_word' id='word_1_43' title='bbox 479 683 532 721; x_wconf 87' lang='lat' dir='ltr'>est</span> <span class='ocrx_word' id='word_1_44' title='bbox 551 684 598 722; x_wconf 90' lang='lat' dir='ltr'>ad</span> <span class='ocrx_word' id='word_1_45' title='bbox 618 683 827 721; x_wconf 89' lang='lat' dir='ltr'>tollendam</span> <span class='ocrx_word' id='word_1_46' title='bbox 847 683 1125 735; x_wconf 84' lang='lat' dir='ltr'>cognitionem,</span> <span class='ocrx_word' id='word_1_47' title='bbox 1143 681 1280 720; x_wconf 84' lang='lat' dir='ltr'>fimilia</span> <span class='ocrx_word' id='word_1_48' title='bbox 1299 680 1370 719; x_wconf 83' lang='lat' dir='ltr'>esse</span> <span class='ocrx_word' id='word_1_49' title='bbox 1389 681 1513 719; x_wconf 88' lang='lat' dir='ltr'>multa</span> <span class='ocrx_word' id='word_1_50' title='bbox 1532 679 1746 718; x_wconf 89' lang='lat' dir='ltr'>multorum</span> <span class='ocrx_word' id='word_1_51' title='bbox 1756 697 1768 722; x_wconf 86' lang='lat'>;</span> 
     </span>
     <span class='ocr_line' id='line_1_8' title="bbox 373 745 1771 801; baseline -0.004 -14"><span class='ocrx_word' id='word_1_52' title='bbox 373 762 443 786; x_wconf 91' lang='lat' dir='ltr'>cur</span> <span class='ocrx_word' id='word_1_53' title='bbox 462 762 507 787; x_wconf 90' lang='lat' dir='ltr'>eo</span> <span class='ocrx_word' id='word_1_54' title='bbox 527 763 602 787; x_wconf 92' lang='lat' dir='ltr'>non</span> <span class='ocrx_word' id='word_1_55' title='bbox 623 749 707 787; x_wconf 88' lang='lat' dir='ltr'>estis</span> <span class='ocrx_word' id='word_1_56' title='bbox 727 749 915 794; x_wconf 87' lang='lat' dir='ltr'>contenti,</span> <span class='ocrx_word' id='word_1_57' title='bbox 933 748 1140 801; x_wconf 84' lang='lat' dir='ltr'>praesertim</span> <span class='ocrx_word' id='word_1_58' title='bbox 1160 746 1457 785; x_wconf 88' lang='lat' dir='ltr'>concedentibus</span> <span class='ocrx_word' id='word_1_59' title='bbox 1473 745 1584 784; x_wconf 86' lang='lat' dir='ltr'>nobis</span> <span class='ocrx_word' id='word_1_60' title='bbox 1603 746 1616 782; x_wconf 88' lang='lat'>?</span> <span class='ocrx_word' id='word_1_61' title='bbox 1646 754 1684 782; x_wconf 88' lang='lat' dir='ltr'>et</span> <span class='ocrx_word' id='word_1_62' title='bbox 1703 757 1771 782; x_wconf 89' lang='lat' dir='ltr'>cur</span> 
     </span>
     <span class='ocr_line' id='line_1_9' title="bbox 373 810 1770 867; baseline -0.004 -15"><span class='ocrx_word' id='word_1_63' title='bbox 373 815 413 853; x_wconf 91' lang='lat' dir='ltr'>id</span> <span class='ocrx_word' id='word_1_64' title='bbox 434 816 560 867; x_wconf 90' lang='lat' dir='ltr'>potius</span> <span class='ocrx_word' id='word_1_65' title='bbox 581 815 828 860; x_wconf 84' lang='lat' dir='ltr'>contenditis,</span> <span class='ocrx_word' id='word_1_66' title='bbox 849 815 953 867; x_wconf 92' lang='lat' dir='ltr'>quod</span> <span class='ocrx_word' id='word_1_67' title='bbox 973 828 1100 852; x_wconf 88' lang='lat' dir='ltr'>rerum</span> <span class='ocrx_word' id='word_1_68' title='bbox 1121 823 1253 851; x_wconf 81' lang='lat' dir='ltr'>natura</span> <span class='ocrx_word' id='word_1_69' title='bbox 1272 826 1350 851; x_wconf 91' lang='lat' dir='ltr'>non</span> <span class='ocrx_word' id='word_1_70' title='bbox 1369 812 1526 865; x_wconf 89' lang='lat' dir='ltr'>patitur,</span> <span class='ocrx_word' id='word_1_71' title='bbox 1548 820 1683 849; x_wconf 89' lang='lat' dir='ltr'>utnon</span> <span class='ocrx_word' id='word_1_72' title='bbox 1704 810 1770 848; x_wconf 91' lang='lat' dir='ltr'>suo</span> 
     </span>
     <span class='ocr_line' id='line_1_10' title="bbox 373 877 1768 933; baseline -0.001 -16"><span class='ocrx_word' id='word_1_73' title='bbox 373 881 546 932; x_wconf 89' lang='lat' dir='ltr'>quidque</span> <span class='ocrx_word' id='word_1_74' title='bbox 565 894 702 933; x_wconf 87' lang='lat' dir='ltr'>genere</span> <span class='ocrx_word' id='word_1_75' title='bbox 721 881 766 918; x_wconf 87' lang='lat' dir='ltr'>fit</span> <span class='ocrx_word' id='word_1_76' title='bbox 785 880 872 925; x_wconf 90' lang='lat' dir='ltr'>tale,</span> <span class='ocrx_word' id='word_1_77' title='bbox 889 880 1000 932; x_wconf 86' lang='lat' dir='ltr'>quale</span> <span class='ocrx_word' id='word_1_78' title='bbox 1019 880 1071 918; x_wconf 89' lang='lat' dir='ltr'>est</span> <span class='ocrx_word' id='word_1_79' title='bbox 1089 881 1102 916; x_wconf 94' lang='lat'>?</span> <span class='ocrx_word' id='word_1_80' title='bbox 1133 892 1202 917; x_wconf 90' lang='lat' dir='ltr'>nec</span> <span class='ocrx_word' id='word_1_81' title='bbox 1220 879 1264 916; x_wconf 86' lang='lat' dir='ltr'>s1t</span> <span class='ocrx_word' id='word_1_82' title='bbox 1282 879 1322 916; x_wconf 90' lang='lat' dir='ltr'>in</span> <span class='ocrx_word' id='word_1_83' title='bbox 1343 878 1492 916; x_wconf 92' lang='lat' dir='ltr'>duobus</span> <span class='ocrx_word' id='word_1_84' title='bbox 1513 887 1579 915; x_wconf 88' lang='lat' dir='ltr'>aut</span> <span class='ocrx_word' id='word_1_85' title='bbox 1593 877 1768 930; x_wconf 87' lang='lat' dir='ltr'>pluribus</span> 
     </span>
     <span class='ocr_line' id='line_1_11' title="bbox 372 944 1766 987; baseline -0.001 -4"><span class='ocrx_word' id='word_1_86' title='bbox 372 946 480 984; x_wconf 89' lang='lat' dir='ltr'>nulla</span> <span class='ocrx_word' id='word_1_87' title='bbox 509 960 548 984; x_wconf 91' lang='lat' dir='ltr'>re</span> <span class='ocrx_word' id='word_1_88' title='bbox 571 946 749 984; x_wconf 87' lang='lat' dir='ltr'>differens</span> <span class='ocrx_word' id='word_1_89' title='bbox 770 946 849 984; x_wconf 90' lang='lat' dir='ltr'>ulla</span> <span class='ocrx_word' id='word_1_90' title='bbox 867 946 1126 984; x_wconf 81' lang='lat' dir='ltr'>communitas</span> <span class='ocrx_word' id='word_1_91' title='bbox 1145 946 1158 982; x_wconf 90' lang='lat'>?</span> <span class='ocrx_word' id='word_1_92' title='bbox 1189 954 1232 982; x_wconf 93' lang='lat' dir='ltr'>ut</span> <span class='ocrx_word' id='word_1_93' title='bbox 1263 944 1332 982; x_wconf 83' lang='lat' dir='ltr'>fibi</span> <span class='ocrx_word' id='word_1_94' title='bbox 1352 944 1424 982; x_wconf 77' lang='lat' dir='ltr'>sint</span> <span class='ocrx_word' id='word_1_95' title='bbox 1442 954 1480 982; x_wconf 90' lang='lat' dir='ltr'>et</span> <span class='ocrx_word' id='word_1_96' title='bbox 1500 957 1570 982; x_wconf 92' lang='lat' dir='ltr'>ova</span> <span class='ocrx_word' id='word_1_97' title='bbox 1589 957 1766 987; x_wconf 88' lang='lat' dir='ltr'>ovorum,</span> 
     </span>
     <span class='ocr_line' id='line_1_12' title="bbox 371 1009 1773 1064; baseline -0.002 -15"><span class='ocrx_word' id='word_1_98' title='bbox 371 1020 410 1049; x_wconf 89' lang='lat' dir='ltr'>et</span> <span class='ocrx_word' id='word_1_99' title='bbox 431 1025 516 1064; x_wconf 88' lang='lat' dir='ltr'>apes</span> <span class='ocrx_word' id='word_1_100' title='bbox 537 1012 668 1064; x_wconf 89' lang='lat' dir='ltr'>apium</span> <span class='ocrx_word' id='word_1_101' title='bbox 688 1011 906 1049; x_wconf 82' lang='lat' dir='ltr'>fimillimae.</span> <span class='ocrx_word' id='word_1_102' title='bbox 945 1011 1053 1062; x_wconf 85' lang='lat' dir='ltr'>Qid</span> <span class='ocrx_word' id='word_1_103' title='bbox 1074 1023 1220 1063; x_wconf 86' lang='lat' dir='ltr'>pugnas</span> <span class='ocrx_word' id='word_1_104' title='bbox 1240 1009 1359 1061; x_wconf 89' lang='lat' dir='ltr'>igitur</span> <span class='ocrx_word' id='word_1_105' title='bbox 1376 1010 1389 1046; x_wconf 89' lang='lat'>?</span> <span class='ocrx_word' id='word_1_106' title='bbox 1420 1019 1485 1047; x_wconf 89' lang='lat' dir='ltr'>aut</span> <span class='ocrx_word' id='word_1_107' title='bbox 1504 1009 1599 1061; x_wconf 89' lang='lat' dir='ltr'>quid</span> <span class='ocrx_word' id='word_1_108' title='bbox 1620 1009 1691 1047; x_wconf 93' lang='lat' dir='ltr'>tibi</span> <span class='ocrx_word' id='word_1_109' title='bbox 1712 1009 1773 1046; x_wconf 90' lang='lat' dir='ltr'>vis·</span> 
     </span>
     <span class='ocr_line' id='line_1_13' title="bbox 372 1073 1770 1129; baseline -0.001 -16"><span class='ocrx_word' id='word_1_110' title='bbox 372 1076 412 1114; x_wconf 91' lang='lat' dir='ltr'>in</span> <span class='ocrx_word' id='word_1_111' title='bbox 432 1077 626 1129; x_wconf 83' lang='lat' dir='ltr'>geminis?</span> <span class='ocrx_word' id='word_1_112' title='bbox 657 1076 882 1114; x_wconf 88' lang='lat' dir='ltr'>conceditur</span> <span class='ocrx_word' id='word_1_113' title='bbox 915 1076 1021 1114; x_wconf 87' lang='lat' dir='ltr'>enim</span> <span class='ocrx_word' id='word_1_114' title='bbox 1052 1076 1193 1114; x_wconf 83' lang='lat' dir='ltr'>ssmiles</span> <span class='ocrx_word' id='word_1_115' title='bbox 1224 1074 1318 1119; x_wconf 67' lang='lat' dir='ltr'>effe,</span> <span class='ocrx_word' id='word_1_116' title='bbox 1351 1088 1431 1126; x_wconf 91' lang='lat' dir='ltr'>quo</span> <span class='ocrx_word' id='word_1_117' title='bbox 1461 1083 1666 1113; x_wconf 82' lang='lat' dir='ltr'>contentus</span> <span class='ocrx_word' id='word_1_118' title='bbox 1696 1073 1770 1112; x_wconf 85' lang='lat' dir='ltr'>effe</span> 
     </span>
     <span class='ocr_line' id='line_1_14' title="bbox 371 1139 1768 1195; baseline -0.001 -15"><span class='ocrx_word' id='word_1_119' title='bbox 371 1151 560 1195; x_wconf 85' lang='lat' dir='ltr'>potueras.</span> <span class='ocrx_word' id='word_1_120' title='bbox 610 1143 677 1180; x_wconf 91' lang='lat' dir='ltr'>Tu</span> <span class='ocrx_word' id='word_1_121' title='bbox 707 1151 837 1180; x_wconf 90' lang='lat' dir='ltr'>autem</span> <span class='ocrx_word' id='word_1_122' title='bbox 867 1142 924 1180; x_wconf 86' lang='lat' dir='ltr'>vis</span> <span class='ocrx_word' id='word_1_123' title='bbox 954 1141 1106 1181; x_wconf 89' lang='lat' dir='ltr'>eosdem</span> <span class='ocrx_word' id='word_1_124' title='bbox 1124 1141 1236 1194; x_wconf 86' lang='lat' dir='ltr'>plane</span> <span class='ocrx_word' id='word_1_125' title='bbox 1255 1139 1339 1185; x_wconf 81' lang='lat' dir='ltr'>effe,</span> <span class='ocrx_word' id='word_1_126' title='bbox 1368 1154 1445 1179; x_wconf 89' lang='lat' dir='ltr'>non</span> <span class='ocrx_word' id='word_1_127' title='bbox 1465 1140 1631 1185; x_wconf 72' lang='lat' dir='ltr'>fimiles5</span> <span class='ocrx_word' id='word_1_128' title='bbox 1663 1140 1768 1193; x_wconf 91' lang='lat' dir='ltr'>quod</span> 
     </span>
     <span class='ocr_line' id='line_1_15' title="bbox 370 1207 872 1261; baseline 0 -15"><span class='ocrx_word' id='word_1_129' title='bbox 370 1207 453 1246; x_wconf 90' lang='lat' dir='ltr'>fieri</span> <span class='ocrx_word' id='word_1_130' title='bbox 474 1208 582 1246; x_wconf 92' lang='lat' dir='ltr'>nullo</span> <span class='ocrx_word' id='word_1_131' title='bbox 602 1208 718 1246; x_wconf 91' lang='lat' dir='ltr'>modo</span> <span class='ocrx_word' id='word_1_132' title='bbox 737 1208 872 1261; x_wconf 86' lang='lat' dir='ltr'>potest.</span> 
     </span>
    </p>

    <p class='ocr_par' dir='ltr' id='par_1_4' title="bbox 349 1272 1775 2118">
     <span class='ocr_line' id='line_1_16' title="bbox 372 1272 1775 1327; baseline -0.001 -15"><span class='ocrx_word' id='word_1_133' title='bbox 372 1298 376 1301; x_wconf 89' lang='lat'><em>-</em></span> <span class='ocrx_word' id='word_1_134' title='bbox 426 1275 531 1312; x_wconf 88' lang='lat' dir='ltr'>Dein</span> <span class='ocrx_word' id='word_1_135' title='bbox 550 1273 727 1327; x_wconf 84' lang='lat' dir='ltr'>confugis</span> <span class='ocrx_word' id='word_1_136' title='bbox 754 1274 800 1312; x_wconf 88' lang='lat' dir='ltr'>ad</span> <span class='ocrx_word' id='word_1_137' title='bbox 827 1273 1002 1327; x_wconf 85' lang='lat' dir='ltr'>phyficos</span> <span class='ocrx_word' id='word_1_138' title='bbox 1023 1287 1100 1319; x_wconf 87' lang='lat' dir='ltr'>eos,</span> <span class='ocrx_word' id='word_1_139' title='bbox 1125 1274 1194 1326; x_wconf 83' lang='lat' dir='ltr'>qui</span> <span class='ocrx_word' id='word_1_140' title='bbox 1220 1273 1390 1313; x_wconf 85' lang='lat' dir='ltr'>maxime</span> <span class='ocrx_word' id='word_1_141' title='bbox 1416 1273 1458 1312; x_wconf 90' lang='lat' dir='ltr'>in</span> <span class='ocrx_word' id='word_1_142' title='bbox 1484 1273 1694 1312; x_wconf 85' lang='lat' dir='ltr'>Academia</span> <span class='ocrx_word' id='word_1_143' title='bbox 1713 1272 1775 1311; x_wconf 66' lang='lat' dir='ltr'>ir-&#39;</span> 
     </span>
     <span class='ocr_line' id='line_1_17' title="bbox 371 1338 1767 1391; baseline -0.001 -14"><span class='ocrx_word' id='word_1_144' title='bbox 371 1339 567 1384; x_wconf 81' lang='lat' dir='ltr'>ridentur3</span> <span class='ocrx_word' id='word_1_145' title='bbox 591 1353 612 1377; x_wconf 91' lang='lat' dir='ltr'>a</span> <span class='ocrx_word' id='word_1_146' title='bbox 627 1340 768 1391; x_wconf 87' lang='lat' dir='ltr'>quibus</span> <span class='ocrx_word' id='word_1_147' title='bbox 789 1354 836 1377; x_wconf 90' lang='lat' dir='ltr'>ne</span> <span class='ocrx_word' id='word_1_148' title='bbox 855 1349 898 1377; x_wconf 87' lang='lat' dir='ltr'>tu</span> <span class='ocrx_word' id='word_1_149' title='bbox 914 1340 1073 1391; x_wconf 91' lang='lat' dir='ltr'>quidem</span> <span class='ocrx_word' id='word_1_150' title='bbox 1088 1340 1172 1391; x_wconf 88' lang='lat' dir='ltr'>jam</span> <span class='ocrx_word' id='word_1_151' title='bbox 1188 1348 1224 1376; x_wconf 94' lang='lat' dir='ltr'>te</span> <span class='ocrx_word' id='word_1_152' title='bbox 1237 1339 1441 1377; x_wconf 89' lang='lat' dir='ltr'>abstinebis</span> <span class='ocrx_word' id='word_1_153' title='bbox 1457 1354 1465 1376; x_wconf 93' lang='lat'>:</span> <span class='ocrx_word' id='word_1_154' title='bbox 1488 1347 1526 1376; x_wconf 92' lang='lat' dir='ltr'>et</span> <span class='ocrx_word' id='word_1_155' title='bbox 1546 1338 1599 1376; x_wconf 86' lang='lat' dir='ltr'>ais</span> <span class='ocrx_word' id='word_1_156' title='bbox 1617 1339 1767 1376; x_wconf 89' lang='lat' dir='ltr'>Demo-</span> 
     </span>
     <span class='ocr_line' id='line_1_18' title="bbox 371 1405 1767 1457; baseline -0.001 -14"><span class='ocrx_word' id='word_1_157' title='bbox 371 1406 515 1443; x_wconf 86' lang='lat' dir='ltr'>critum</span> <span class='ocrx_word' id='word_1_158' title='bbox 535 1406 671 1449; x_wconf 91' lang='lat' dir='ltr'>dicere,</span> <span class='ocrx_word' id='word_1_159' title='bbox 694 1405 991 1443; x_wconf 90' lang='lat' dir='ltr'>innumerabiles</span> <span class='ocrx_word' id='word_1_160' title='bbox 1022 1405 1093 1442; x_wconf 85' lang='lat' dir='ltr'>effe</span> <span class='ocrx_word' id='word_1_161' title='bbox 1113 1405 1294 1449; x_wconf 89' lang='lat' dir='ltr'>mundos,</span> <span class='ocrx_word' id='word_1_162' title='bbox 1324 1414 1362 1442; x_wconf 94' lang='lat' dir='ltr'>et</span> <span class='ocrx_word' id='word_1_163' title='bbox 1381 1405 1541 1457; x_wconf 85' lang='lat' dir='ltr'>quidem</span> <span class='ocrx_word' id='word_1_164' title='bbox 1571 1405 1622 1442; x_wconf 88' lang='lat' dir='ltr'>fic</span> <span class='ocrx_word' id='word_1_165' title='bbox 1653 1405 1767 1457; x_wconf 91' lang='lat' dir='ltr'>quos-</span> 
     </span>
     <span class='ocr_line' id='line_1_19' title="bbox 372 1469 1770 1523; baseline -0.001 -14"><span class='ocrx_word' id='word_1_166' title='bbox 372 1471 462 1509; x_wconf 90' lang='lat' dir='ltr'>dam</span> <span class='ocrx_word' id='word_1_167' title='bbox 481 1471 580 1509; x_wconf 89' lang='lat' dir='ltr'>inter</span> <span class='ocrx_word' id='word_1_168' title='bbox 598 1471 633 1509; x_wconf 89' lang='lat' dir='ltr'>se</span> <span class='ocrx_word' id='word_1_169' title='bbox 653 1484 730 1508; x_wconf 91' lang='lat' dir='ltr'>non</span> <span class='ocrx_word' id='word_1_170' title='bbox 750 1471 875 1509; x_wconf 89' lang='lat' dir='ltr'>solum</span> <span class='ocrx_word' id='word_1_171' title='bbox 895 1471 1050 1515; x_wconf 81' lang='lat' dir='ltr'>similes,</span> <span class='ocrx_word' id='word_1_172' title='bbox 1080 1471 1141 1508; x_wconf 90' lang='lat' dir='ltr'>sed</span> <span class='ocrx_word' id='word_1_173' title='bbox 1161 1471 1332 1522; x_wconf 87' lang='lat' dir='ltr'>undique</span> <span class='ocrx_word' id='word_1_174' title='bbox 1350 1469 1517 1523; x_wconf 65' lang='lat' dir='ltr'>perfecte</span> <span class='ocrx_word' id='word_1_175' title='bbox 1544 1479 1582 1508; x_wconf 93' lang='lat' dir='ltr'>et</span> <span class='ocrx_word' id='word_1_176' title='bbox 1601 1470 1770 1508; x_wconf 83' lang='lat' dir='ltr'>absolute</span> 
     </span>
     <span class='ocr_line' id='line_1_20' title="bbox 371 1535 1767 1590; baseline -0.001 -15"><span class='ocrx_word' id='word_1_177' title='bbox 371 1537 425 1575; x_wconf 90' lang='lat' dir='ltr'>ita</span> <span class='ocrx_word' id='word_1_178' title='bbox 442 1550 562 1590; x_wconf 86' lang='lat' dir='ltr'>pares,</span> <span class='ocrx_word' id='word_1_179' title='bbox 594 1545 637 1574; x_wconf 89' lang='lat' dir='ltr'>ut</span> <span class='ocrx_word' id='word_1_180' title='bbox 654 1537 753 1574; x_wconf 91' lang='lat' dir='ltr'>inter</span> <span class='ocrx_word' id='word_1_181' title='bbox 773 1549 836 1574; x_wconf 91' lang='lat' dir='ltr'>eos</span> <span class='ocrx_word' id='word_1_182' title='bbox 856 1535 954 1574; x_wconf 88' lang='lat' dir='ltr'>nihil</span> <span class='ocrx_word' id='word_1_183' title='bbox 976 1536 1124 1588; x_wconf 91' lang='lat' dir='ltr'>prorsus</span> <span class='ocrx_word' id='word_1_184' title='bbox 1145 1536 1304 1580; x_wconf 90' lang='lat' dir='ltr'>interfit,</span> <span class='ocrx_word' id='word_1_185' title='bbox 1329 1544 1367 1574; x_wconf 92' lang='lat' dir='ltr'>et</span> <span class='ocrx_word' id='word_1_186' title='bbox 1386 1549 1449 1574; x_wconf 88' lang='lat' dir='ltr'>eos</span> <span class='ocrx_word' id='word_1_187' title='bbox 1469 1535 1628 1588; x_wconf 89' lang='lat' dir='ltr'>quidem</span> <span class='ocrx_word' id='word_1_188' title='bbox 1649 1535 1767 1574; x_wconf 87' lang='lat' dir='ltr'>innu-</span> 
     </span>
     <span class='ocr_line' id='line_1_21' title="bbox 370 1600 1769 1654; baseline -0.001 -14"><span class='ocrx_word' id='word_1_189' title='bbox 370 1603 570 1641; x_wconf 86' lang='lat' dir='ltr'>merabiles</span> <span class='ocrx_word' id='word_1_190' title='bbox 589 1616 598 1639; x_wconf 74' lang='grc' dir='ltr'>ε</span> <span class='ocrx_word' id='word_1_191' title='bbox 620 1603 792 1654; x_wconf 87' lang='lat' dir='ltr'>itemque</span> <span class='ocrx_word' id='word_1_192' title='bbox 812 1600 1003 1640; x_wconf 89' lang='lat' dir='ltr'>homines.</span> <span class='ocrx_word' id='word_1_193' title='bbox 1036 1602 1188 1640; x_wconf 89' lang='lat' dir='ltr'>Deinde</span> <span class='ocrx_word' id='word_1_194' title='bbox 1207 1601 1386 1654; x_wconf 86' lang='lat' dir='ltr'>postulas,</span> <span class='ocrx_word' id='word_1_195' title='bbox 1409 1610 1466 1646; x_wconf 92' lang='lat' dir='ltr'>ut,</span> <span class='ocrx_word' id='word_1_196' title='bbox 1481 1601 1507 1638; x_wconf 93' lang='lat' dir='ltr'>fi</span> <span class='ocrx_word' id='word_1_197' title='bbox 1527 1602 1696 1639; x_wconf 89' lang='lat' dir='ltr'>mundus</span> <span class='ocrx_word' id='word_1_198' title='bbox 1717 1602 1769 1639; x_wconf 82' lang='lat' dir='ltr'>ita</span> 
     </span>
     <span class='ocr_line' id='line_1_22' title="bbox 349 1667 1768 1720; baseline -0.001 -15"><span class='ocrx_word' id='word_1_199' title='bbox 349 1667 414 1719; x_wconf 29' lang='lat' dir='ltr'>‘sit</span> <span class='ocrx_word' id='word_1_200' title='bbox 430 1681 499 1720; x_wconf 90' lang='lat' dir='ltr'>par</span> <span class='ocrx_word' id='word_1_201' title='bbox 517 1667 623 1705; x_wconf 90' lang='lat' dir='ltr'>alteri</span> <span class='ocrx_word' id='word_1_202' title='bbox 645 1667 806 1712; x_wconf 88' lang='lat' dir='ltr'>mundo,</span> <span class='ocrx_word' id='word_1_203' title='bbox 840 1677 882 1705; x_wconf 93' lang='lat' dir='ltr'>ut</span> <span class='ocrx_word' id='word_1_204' title='bbox 902 1667 1002 1705; x_wconf 88' lang='lat' dir='ltr'>inter</span> <span class='ocrx_word' id='word_1_205' title='bbox 1027 1681 1090 1706; x_wconf 88' lang='lat' dir='ltr'>eos</span> <span class='ocrx_word' id='word_1_206' title='bbox 1111 1681 1158 1705; x_wconf 88' lang='lat' dir='ltr'>ne</span> <span class='ocrx_word' id='word_1_207' title='bbox 1178 1667 1392 1705; x_wconf 79' lang='lat' dir='ltr'>minImum</span> <span class='ocrx_word' id='word_1_208' title='bbox 1418 1667 1578 1719; x_wconf 91' lang='lat' dir='ltr'>quidem</span> <span class='ocrx_word' id='word_1_209' title='bbox 1606 1667 1768 1711; x_wconf 81' lang='lat' dir='ltr'>interfit,</span> 
     </span>
     <span class='ocr_line' id='line_1_23' title="bbox 369 1732 1766 1786; baseline -0.001 -15"><span class='ocrx_word' id='word_1_210' title='bbox 369 1733 599 1772; x_wconf 90' lang='lat' dir='ltr'>concedatur</span> <span class='ocrx_word' id='word_1_211' title='bbox 614 1733 700 1778; x_wconf 91' lang='lat' dir='ltr'>tibi,</span> <span class='ocrx_word' id='word_1_212' title='bbox 724 1743 766 1771; x_wconf 90' lang='lat' dir='ltr'>ut</span> <span class='ocrx_word' id='word_1_213' title='bbox 786 1734 826 1771; x_wconf 88' lang='lat' dir='ltr'>in</span> <span class='ocrx_word' id='word_1_214' title='bbox 846 1732 922 1771; x_wconf 91' lang='lat' dir='ltr'>hoc</span> <span class='ocrx_word' id='word_1_215' title='bbox 942 1747 1097 1786; x_wconf 89' lang='lat' dir='ltr'>quoque</span> <span class='ocrx_word' id='word_1_216' title='bbox 1113 1733 1240 1771; x_wconf 88' lang='lat' dir='ltr'>nostro</span> <span class='ocrx_word' id='word_1_217' title='bbox 1259 1733 1408 1771; x_wconf 88' lang='lat' dir='ltr'>mundo</span> <span class='ocrx_word' id='word_1_218' title='bbox 1424 1732 1571 1784; x_wconf 91' lang='lat' dir='ltr'>aliquid</span> <span class='ocrx_word' id='word_1_219' title='bbox 1587 1732 1702 1770; x_wconf 84' lang='lat' dir='ltr'>alicui</span> <span class='ocrx_word' id='word_1_220' title='bbox 1717 1733 1766 1770; x_wconf 89' lang='lat' dir='ltr'>fic</span> 
     </span>
     <span class='ocr_line' id='line_1_24' title="bbox 367 1798 1766 1852; baseline -0.001 -14"><span class='ocrx_word' id='word_1_221' title='bbox 367 1813 435 1852; x_wconf 89' lang='lat' dir='ltr'>par</span> <span class='ocrx_word' id='word_1_222' title='bbox 454 1799 512 1845; x_wconf 91' lang='lat' dir='ltr'>fit,</span> <span class='ocrx_word' id='word_1_223' title='bbox 533 1809 577 1838; x_wconf 94' lang='lat' dir='ltr'>ut</span> <span class='ocrx_word' id='word_1_224' title='bbox 600 1799 699 1838; x_wconf 89' lang='lat' dir='ltr'>nihil</span> <span class='ocrx_word' id='word_1_225' title='bbox 719 1799 882 1845; x_wconf 85' lang='lat' dir='ltr'>differat,</span> <span class='ocrx_word' id='word_1_226' title='bbox 918 1798 1017 1837; x_wconf 87' lang='lat' dir='ltr'>nihil</span> <span class='ocrx_word' id='word_1_227' title='bbox 1037 1799 1196 1839; x_wconf 88' lang='lat' dir='ltr'>interfit.</span> <span class='ocrx_word' id='word_1_228' title='bbox 1228 1801 1310 1837; x_wconf 90' lang='lat' dir='ltr'>Cur</span> <span class='ocrx_word' id='word_1_229' title='bbox 1328 1799 1448 1844; x_wconf 90' lang='lat' dir='ltr'>enim,</span> <span class='ocrx_word' id='word_1_230' title='bbox 1477 1799 1642 1851; x_wconf 88' lang='lat' dir='ltr'>inquies,</span> <span class='ocrx_word' id='word_1_231' title='bbox 1673 1813 1766 1837; x_wconf 89' lang='lat' dir='ltr'>cum</span> 
     </span>
     <span class='ocr_line' id='line_1_25' title="bbox 367 1865 1764 1918; baseline -0.001 -14"><span class='ocrx_word' id='word_1_232' title='bbox 367 1879 415 1905; x_wconf 85' lang='lat' dir='ltr'>ex</span> <span class='ocrx_word' id='word_1_233' title='bbox 432 1867 508 1904; x_wconf 84' lang='lat' dir='ltr'>illis</span> <span class='ocrx_word' id='word_1_234' title='bbox 530 1867 752 1911; x_wconf 88' lang='lat' dir='ltr'>individuis,</span> <span class='ocrx_word' id='word_1_235' title='bbox 773 1867 874 1904; x_wconf 88' lang='lat' dir='ltr'>unde</span> <span class='ocrx_word' id='word_1_236' title='bbox 894 1867 1025 1904; x_wconf 82' lang='lat' dir='ltr'>omnia</span> <span class='ocrx_word' id='word_1_237' title='bbox 1045 1866 1294 1904; x_wconf 88' lang='lat' dir='ltr'>Democritus</span> <span class='ocrx_word' id='word_1_238' title='bbox 1313 1866 1422 1918; x_wconf 87' lang='lat' dir='ltr'>gigni</span> <span class='ocrx_word' id='word_1_239' title='bbox 1441 1865 1619 1910; x_wconf 87' lang='lat' dir='ltr'>affirmat,</span> <span class='ocrx_word' id='word_1_240' title='bbox 1642 1865 1683 1903; x_wconf 91' lang='lat' dir='ltr'>in</span> <span class='ocrx_word' id='word_1_241' title='bbox 1704 1879 1764 1903; x_wconf 89' lang='lat' dir='ltr'>re-</span> 
     </span>
     <span class='ocr_line' id='line_1_26' title="bbox 367 1931 1767 1985; baseline -0.001 -15"><span class='ocrx_word' id='word_1_242' title='bbox 367 1933 484 1985; x_wconf 89' lang='lat' dir='ltr'>liquis</span> <span class='ocrx_word' id='word_1_243' title='bbox 505 1932 675 1977; x_wconf 88' lang='lat' dir='ltr'>mundis,</span> <span class='ocrx_word' id='word_1_244' title='bbox 708 1942 744 1970; x_wconf 88' lang='lat' dir='ltr'>et</span> <span class='ocrx_word' id='word_1_245' title='bbox 764 1932 803 1970; x_wconf 92' lang='lat' dir='ltr'>in</span> <span class='ocrx_word' id='word_1_246' title='bbox 824 1932 884 1970; x_wconf 90' lang='lat' dir='ltr'>his</span> <span class='ocrx_word' id='word_1_247' title='bbox 905 1933 1065 1985; x_wconf 89' lang='lat' dir='ltr'>quidem</span> <span class='ocrx_word' id='word_1_248' title='bbox 1085 1931 1446 1976; x_wconf 89' lang='lat' dir='ltr'>innumerabilibus,</span> <span class='ocrx_word' id='word_1_249' title='bbox 1469 1931 1767 1970; x_wconf 82' lang='lat' dir='ltr'>innumerabiles</span> 
     </span>
     <span class='ocr_line' id='line_1_27' title="bbox 369 1996 1764 2052; baseline -0.001 -16"><span class='ocrx_word' id='word_1_250' title='bbox 369 1999 593 2052; x_wconf 74' lang='lat' dir='ltr'>QLutatii</span> <span class='ocrx_word' id='word_1_251' title='bbox 614 1998 744 2036; x_wconf 89' lang='lat' dir='ltr'>Catuli</span> <span class='ocrx_word' id='word_1_252' title='bbox 766 2012 841 2037; x_wconf 92' lang='lat' dir='ltr'>non</span> <span class='ocrx_word' id='word_1_253' title='bbox 863 1999 979 2037; x_wconf 90' lang='lat' dir='ltr'>modo</span> <span class='ocrx_word' id='word_1_254' title='bbox 1000 1999 1139 2051; x_wconf 79' lang='lat' dir='ltr'>possint</span> <span class='ocrx_word' id='word_1_255' title='bbox 1158 1998 1242 2043; x_wconf 84' lang='lat' dir='ltr'>effe,</span> <span class='ocrx_word' id='word_1_256' title='bbox 1274 1998 1334 2036; x_wconf 91' lang='lat' dir='ltr'>sed</span> <span class='ocrx_word' id='word_1_257' title='bbox 1367 1998 1482 2036; x_wconf 89' lang='lat' dir='ltr'>etiam</span> <span class='ocrx_word' id='word_1_258' title='bbox 1503 1997 1588 2042; x_wconf 93' lang='lat' dir='ltr'>fint,</span> <span class='ocrx_word' id='word_1_259' title='bbox 1620 1998 1661 2035; x_wconf 89' lang='lat' dir='ltr'>in</span> <span class='ocrx_word' id='word_1_260' title='bbox 1689 1996 1764 2036; x_wconf 93' lang='lat' dir='ltr'>hoc</span> 
     </span>
     <span class='ocr_line' id='line_1_28' title="bbox 366 2064 1314 2118; baseline -0.001 -16"><span class='ocrx_word' id='word_1_261' title='bbox 366 2074 473 2103; x_wconf 88' lang='lat' dir='ltr'>tanto</span> <span class='ocrx_word' id='word_1_262' title='bbox 492 2064 640 2103; x_wconf 91' lang='lat' dir='ltr'>mundo</span> <span class='ocrx_word' id='word_1_263' title='bbox 661 2065 821 2102; x_wconf 87' lang='lat' dir='ltr'>Catulus</span> <span class='ocrx_word' id='word_1_264' title='bbox 843 2065 936 2103; x_wconf 83' lang='lat' dir='ltr'>alter</span> <span class='ocrx_word' id='word_1_265' title='bbox 955 2078 1033 2103; x_wconf 88' lang='lat' dir='ltr'>non</span> <span class='ocrx_word' id='word_1_266' title='bbox 1054 2064 1164 2118; x_wconf 86' lang='lat' dir='ltr'>poffit</span> <span class='ocrx_word' id='word_1_267' title='bbox 1184 2064 1314 2102; x_wconf 87' lang='lat' dir='ltr'>effici?</span> 
     </span>
    </p>

    <p class='ocr_par' dir='ltr' id='par_1_5' title="bbox 363 2128 1768 2509">
     <span class='ocr_line' id='line_1_29' title="bbox 421 2128 1768 2182; baseline -0.001 -14"><span class='ocrx_word' id='word_1_268' title='bbox 421 2130 574 2168; x_wconf 91' lang='lat' dir='ltr'>XVIII.</span> <span class='ocrx_word' id='word_1_269' title='bbox 613 2129 790 2167; x_wconf 90' lang='lat' dir='ltr'>Primum</span> <span class='ocrx_word' id='word_1_270' title='bbox 812 2131 972 2182; x_wconf 86' lang='lat' dir='ltr'>quidem</span> <span class='ocrx_word' id='word_1_271' title='bbox 993 2143 1056 2168; x_wconf 90' lang='lat' dir='ltr'>me</span> <span class='ocrx_word' id='word_1_272' title='bbox 1087 2130 1133 2168; x_wconf 91' lang='lat' dir='ltr'>ad</span> <span class='ocrx_word' id='word_1_273' title='bbox 1153 2129 1427 2168; x_wconf 88' lang='lat' dir='ltr'>Democritum</span> <span class='ocrx_word' id='word_1_274' title='bbox 1448 2141 1572 2174; x_wconf 88' lang='lat' dir='ltr'>vocas,</span> <span class='ocrx_word' id='word_1_275' title='bbox 1604 2128 1667 2167; x_wconf 86' lang='lat' dir='ltr'>cui</span> <span class='ocrx_word' id='word_1_276' title='bbox 1687 2142 1768 2167; x_wconf 85' lang='lat' dir='ltr'>non</span> 
     </span>
     <span class='ocr_line' id='line_1_30' title="bbox 364 2194 1764 2249; baseline -0.001 -15"><span class='ocrx_word' id='word_1_277' title='bbox 364 2195 538 2234; x_wconf 85' lang='lat' dir='ltr'>affentior</span> <span class='ocrx_word' id='word_1_278' title='bbox 553 2213 564 2240; x_wconf 84' lang='lat'>;</span> <span class='ocrx_word' id='word_1_279' title='bbox 587 2194 788 2247; x_wconf 87' lang='lat' dir='ltr'>potiusque</span> <span class='ocrx_word' id='word_1_280' title='bbox 805 2195 988 2241; x_wconf 86' lang='lat' dir='ltr'>refellam,</span> <span class='ocrx_word' id='word_1_281' title='bbox 1006 2205 1160 2249; x_wconf 88' lang='lat' dir='ltr'>propter</span> <span class='ocrx_word' id='word_1_282' title='bbox 1180 2195 1232 2245; x_wconf 83' lang='lat' dir='ltr'>id,</span> <span class='ocrx_word' id='word_1_283' title='bbox 1255 2196 1360 2247; x_wconf 88' lang='lat' dir='ltr'>quod</span> <span class='ocrx_word' id='word_1_284' title='bbox 1376 2195 1545 2234; x_wconf 87' lang='lat' dir='ltr'>dilucide</span> <span class='ocrx_word' id='word_1_285' title='bbox 1565 2194 1724 2233; x_wconf 91' lang='lat' dir='ltr'>docetur</span> <span class='ocrx_word' id='word_1_286' title='bbox 1744 2208 1764 2232; x_wconf 89' lang='lat' dir='ltr'>a</span> 
     </span>
     <span class='ocr_line' id='line_1_31' title="bbox 366 2259 1764 2314; baseline -0.001 -16"><span class='ocrx_word' id='word_1_287' title='bbox 366 2260 611 2313; x_wconf 89' lang='lat' dir='ltr'>politioribus</span> <span class='ocrx_word' id='word_1_288' title='bbox 631 2259 810 2313; x_wconf 74' lang='lat' dir='ltr'>physicis,</span> <span class='ocrx_word' id='word_1_289' title='bbox 844 2261 1076 2314; x_wconf 72' lang='lat' dir='ltr'>lingularum</span> <span class='ocrx_word' id='word_1_290' title='bbox 1097 2274 1226 2299; x_wconf 90' lang='lat' dir='ltr'>rerum</span> <span class='ocrx_word' id='word_1_291' title='bbox 1247 2261 1409 2314; x_wconf 76' lang='lat' dir='ltr'>singulas</span> <span class='ocrx_word' id='word_1_292' title='bbox 1438 2260 1685 2313; x_wconf 90' lang='lat' dir='ltr'>proprietates</span> <span class='ocrx_word' id='word_1_293' title='bbox 1705 2259 1764 2297; x_wconf 83' lang='lat' dir='ltr'>es·-</span> 
     </span>
     <span class='ocr_line' id='line_1_32' title="bbox 366 2326 1763 2379; baseline -0.001 -15"><span class='ocrx_word' id='word_1_294' title='bbox 366 2326 413 2364; x_wconf 92' lang='lat' dir='ltr'>se.</span> <span class='ocrx_word' id='word_1_295' title='bbox 470 2327 547 2365; x_wconf 87' lang='lat' dir='ltr'>Fac</span> <span class='ocrx_word' id='word_1_296' title='bbox 567 2327 673 2364; x_wconf 86' lang='lat' dir='ltr'>enim</span> <span class='ocrx_word' id='word_1_297' title='bbox 694 2328 871 2379; x_wconf 88' lang='lat' dir='ltr'>antiquos</span> <span class='ocrx_word' id='word_1_298' title='bbox 892 2327 978 2365; x_wconf 89' lang='lat' dir='ltr'>illos</span> <span class='ocrx_word' id='word_1_299' title='bbox 1000 2328 1190 2373; x_wconf 86' lang='lat' dir='ltr'>Servilios,</span> <span class='ocrx_word' id='word_1_300' title='bbox 1227 2327 1295 2379; x_wconf 87' lang='lat' dir='ltr'>qui</span> <span class='ocrx_word' id='word_1_301' title='bbox 1314 2327 1461 2379; x_wconf 86' lang='lat' dir='ltr'>gemini</span> <span class='ocrx_word' id='word_1_302' title='bbox 1482 2326 1651 2371; x_wconf 89' lang='lat' dir='ltr'>fuerunt,</span> <span class='ocrx_word' id='word_1_303' title='bbox 1683 2335 1763 2363; x_wconf 88' lang='lat' dir='ltr'>tarn</span> 
     </span>
     <span class='ocr_line' id='line_1_33' title="bbox 366 2390 1765 2444; baseline 0.001 -16"><span class='ocrx_word' id='word_1_304' title='bbox 366 2391 506 2429; x_wconf 87' lang='lat' dir='ltr'>fimiles</span> <span class='ocrx_word' id='word_1_305' title='bbox 526 2405 643 2444; x_wconf 91' lang='lat' dir='ltr'>quam</span> <span class='ocrx_word' id='word_1_306' title='bbox 663 2392 871 2437; x_wconf 70' lang='lat' dir='ltr'>dicuntur,</span> <span class='ocrx_word' id='word_1_307' title='bbox 904 2407 1000 2431; x_wconf 90' lang='lat' dir='ltr'>num</span> <span class='ocrx_word' id='word_1_308' title='bbox 1031 2393 1158 2431; x_wconf 87' lang='lat' dir='ltr'>censes</span> <span class='ocrx_word' id='word_1_309' title='bbox 1179 2393 1294 2438; x_wconf 84' lang='lat' dir='ltr'>etiam</span> <span class='ocrx_word' id='word_1_310' title='bbox 1325 2393 1476 2431; x_wconf 85' lang='lat' dir='ltr'>eosdem</span> <span class='ocrx_word' id='word_1_311' title='bbox 1496 2390 1604 2430; x_wconf 70' lang='lat' dir='ltr'>fuifi‘e</span> <span class='ocrx_word' id='word_1_312' title='bbox 1623 2392 1636 2427; x_wconf 92' lang='lat'>?</span> <span class='ocrx_word' id='word_1_313' title='bbox 1669 2391 1765 2429; x_wconf 82' lang='lat' dir='ltr'>Non</span> 
     </span>
     <span class='ocr_line' id='line_1_34' title="bbox 363 2450 1764 2509; baseline -0.001 -15"><span class='ocrx_word' id='word_1_314' title='bbox 363 2450 690 2509; x_wconf 70' lang='lat' dir='ltr'>cognoscebantur</span> <span class='ocrx_word' id='word_1_315' title='bbox 706 2457 813 2504; x_wconf 83' lang='lat' dir='ltr'>foris,</span> <span class='ocrx_word' id='word_1_316' title='bbox 835 2468 872 2496; x_wconf 86' lang='lat' dir='ltr'>at</span> <span class='ocrx_word' id='word_1_317' title='bbox 891 2459 1022 2504; x_wconf 64' lang='lat' dir='ltr'>domi,</span> <span class='ocrx_word' id='word_1_318' title='bbox 1052 2473 1133 2501; x_wconf 78' lang='lat' dir='ltr'>non</span> <span class='ocrx_word' id='word_1_319' title='bbox 1155 2459 1201 2496; x_wconf 88' lang='lat' dir='ltr'>ab</span> <span class='ocrx_word' id='word_1_320' title='bbox 1222 2459 1368 2503; x_wconf 86' lang='lat' dir='ltr'>alienis,</span> <span class='ocrx_word' id='word_1_321' title='bbox 1390 2467 1426 2495; x_wconf 90' lang='lat' dir='ltr'>at</span> <span class='ocrx_word' id='word_1_322' title='bbox 1442 2472 1461 2495; x_wconf 88' lang='lat' dir='ltr'>a</span> <span class='ocrx_word' id='word_1_323' title='bbox 1478 2457 1566 2495; x_wconf 88' lang='lat' dir='ltr'>suis.</span> <span class='ocrx_word' id='word_1_324' title='bbox 1600 2457 1665 2494; x_wconf 89' lang='lat' dir='ltr'>An</span> <span class='ocrx_word' id='word_1_325' title='bbox 1685 2469 1764 2507; x_wconf 87' lang='lat' dir='ltr'>non</span> 
     </span>
    </p>
   </div>
   <div class='ocr_carea' id='block_1_3' title="bbox 366 2521 1762 2630">
    <p class='ocr_par' dir='ltr' id='par_1_6' title="bbox 366 2521 1762 2630">
     <span class='ocr_line' id='line_1_35' title="bbox 366 2521 1762 2578; baseline 0 -18"><span class='ocrx_word' id='word_1_326' title='bbox 366 2522 553 2567; x_wconf 85' lang='lat' dir='ltr'>videmus,</span> <span class='ocrx_word' id='word_1_327' title='bbox 575 2521 650 2561; x_wconf 92' lang='lat' dir='ltr'>hoc</span> <span class='ocrx_word' id='word_1_328' title='bbox 671 2524 738 2562; x_wconf 86' lang='lat' dir='ltr'>usu</span> <span class='ocrx_word' id='word_1_329' title='bbox 759 2526 897 2572; x_wconf 67' lang='lat' dir='ltr'>venire,</span> <span class='ocrx_word' id='word_1_330' title='bbox 930 2535 971 2564; x_wconf 87' lang='lat' dir='ltr'>ut</span> <span class='ocrx_word' id='word_1_331' title='bbox 995 2539 1091 2578; x_wconf 80' lang='lat' dir='ltr'>quos</span> <span class='ocrx_word' id='word_1_332' title='bbox 1123 2538 1323 2578; x_wconf 84' lang='lat' dir='ltr'>nunquam</span> <span class='ocrx_word' id='word_1_333' title='bbox 1344 2521 1575 2577; x_wconf 81' lang='lat' dir='ltr'>putassemus</span> <span class='ocrx_word' id='word_1_334' title='bbox 1604 2535 1625 2562; x_wconf 84' lang='lat' dir='ltr'>a</span> <span class='ocrx_word' id='word_1_335' title='bbox 1651 2521 1762 2562; x_wconf 88' lang='lat' dir='ltr'>nobis</span> 
     </span>
     <span class='ocr_line' id='line_1_36' title="bbox 477 2590 1464 2630; baseline -0.001 -2"><span class='ocrx_word' id='word_1_336' title='bbox 477 2590 611 2629; x_wconf 84' lang='grc' dir='ltr'>ΤοΜ.</span> <span class='ocrx_word' id='word_1_337' title='bbox 643 2590 696 2630; x_wconf 91' lang='grc' dir='ltr'>ΙΙ.</span> <span class='ocrx_word' id='word_1_338' title='bbox 1424 2590 1464 2627; x_wconf 92' lang='lat' dir='ltr'>D</span> 
     </span>
    </p>
   </div>
  </div>
 </body>
</html>
