2330 2983
575 306 654 356 482
834 305 927 343 DE
984 304 1308 343 NATURA
1365 303 1701 343 DEORUM

575 415 680 444 tuam
702 403 801 443 mihi
820 404 900 442 dari
925 404 1056 449 velim,
1084 405 1214 449 Cotta,
1241 404 1517 456 eloquentiam.
1566 404 1659 455 Qo
1686 403 1794 442 enim
1823 411 1868 442 tu
1893 403 1960 443 illa

572 471 690 509 modo
709 470 849 508 diceres
867 470 881 506 ?
911 479 1052 523 quanta
1070 471 1243 523 primum
1263 469 1529 522 intelligentia,
1556 469 1693 508 deinde
1721 468 1957 521 consequen·

572 536 674 574 tium
694 549 822 574 rerum
840 548 932 574 cum
951 535 1086 588 primis
1107 535 1327 587 conjunffio
1345 544 1382 574 et
1402 533 1689 587 comprehensio
1707 533 1796 573 effet
1815 534 1854 572 in
1883 546 1957 572 no-

572 602 632 640 bis
644 620 657 647 ;
688 616 735 640 ex
754 615 833 654 quo
852 601 1043 646 videlicet,
1073 601 1166 654 quid
1185 615 1232 639 ex
1251 601 1466 654 quibusque
1491 601 1602 639 rebus
1622 600 1820 644 efficiatur,
1840 599 1959 652 idque

571 668 729 713 ratione,
750 667 1019 706 concludimus
1036 682 1046 705 ε
1075 667 1312 720 singulasque
1332 681 1389 706 res
1409 667 1629 711 definimus,
1649 665 1957 718 circumscripte-

571 747 647 786 que
665 733 984 786 compleetimum
1006 746 1054 771 ex
1069 746 1147 785 quo
1165 733 1321 770 scientia
1336 733 1565 785 intelligitur
1580 746 1697 784 quam
1712 733 1792 770 vim
1806 731 1956 774 habeat,

571 801 694 852 qualis
715 800 782 844 s1t3
805 813 881 852 qua
895 812 942 836 ne
960 799 1001 836 in
1017 799 1104 836 Deo
1117 798 1275 850 quidem
1290 799 1342 835 est
1357 811 1414 836 res
1430 798 1508 835 ulla
1527 797 1771 850 praestantior.
1803 798 1960 848 Qanta

570 877 660 903 vero
679 864 743 902 illa
762 864 862 909 sunt,
892 877 977 916 quae
996 876 1062 901 vos
1082 863 1304 901 Academici
1325 862 1528 900 infirmatis
1550 872 1589 900 et
1618 862 1768 906 tollitis,
1798 861 1902 913 quod
1920 869 1959 898 et

570 929 748 975 sensibus,
770 939 807 968 et
826 930 955 967 animo
974 943 1029 974 ea,
1060 943 1146 982 quae
1175 938 1282 966 extra
1301 928 1400 974 sunt,
1434 928 1684 982 percipimus,
1714 936 1828 980 atque
1846 939 1958 965 com-

570 994 867 1049 prehendimus!
899 996 962 1034 Ex
990 995 1133 1048 quibus
1161 994 1312 1033 collatis
1335 995 1434 1032 inter
1462 994 1498 1033 se
1523 1003 1561 1033 et
1587 993 1833 1047 comparatis,
1861 993 1958 1030 artes

569 1075 726 1114 quoque
745 1061 948 1107 efficimus,
978 1061 1120 1114 partim
1149 1060 1196 1099 ad
1224 1060 1337 1099 usum
1366 1060 1466 1106 vitae‚
1496 1060 1638 1114 partim
1665 1060 1714 1098 ad
1731 1058 1957 1098 oblectatio·

570 1140 676 1172 nem,
698 1127 927 1166 necessarias.
963 1127 1052 1178 Jam
1071 1140 1159 1165 vero
1177 1126 1335 1165 domina
1353 1139 1480 1165 rerum
1503 1126 1565 1177 (ut
1583 1139 1650 1164 vos
1669 1125 1794 1164 soletis
1814 1123 1955 1174 dicere)

569 1193 775 1245 eloquendi
795 1193 865 1238 vis,
886 1205 1003 1245 quam
1020 1191 1073 1230 est
1091 1191 1280 1244 praeclara,
1297 1204 1491 1244 quamque
1508 1191 1660 1230 divina!
1681 1205 1766 1243 quae
1785 1190 1958 1243 primum

570 1258 702 1303 efficit,
730 1267 773 1295 ut
792 1271 846 1302 ea,
882 1271 966 1309 quae
985 1257 1220 1309 ignoramus,
1252 1256 1405 1301 discere,
1437 1265 1475 1294 et
1494 1269 1549 1301 ea,
1584 1270 1668 1308 quae
1688 1256 1843 1299 scimus,
1862 1255 1956 1292 alios

567 1322 705 1361 docere
723 1322 919 1375 poffimus.
952 1322 1104 1360 Deinde
1122 1320 1194 1359 hac
1214 1320 1474 1366 cohortamur,
1494 1320 1564 1359 hac
1584 1321 1864 1373 persuademus,
1885 1319 1957 1358 hac

568 1386 811 1425 consolamur
838 1385 1013 1431 afflictos,
1046 1385 1119 1424 hae
1148 1386 1376 1425 deducimus
1406 1386 1624 1439 perterritos
1655 1399 1677 1423 a
1702 1385 1853 1429 timore,
1885 1384 1957 1422 hae

568 1453 768 1506 gestientes
787 1453 1099 1506 comprimimus,
1128 1451 1200 1490 hac
1229 1453 1473 1505 cupiditates,
1508 1451 1794 1503 iracundiasque
1823 1449 1958 1488 restin-

568 1519 739 1570 guimus.
773 1519 869 1557 Haec
888 1531 958 1557 nos
972 1519 1085 1570 juris,
1106 1519 1252 1571 legum,
1275 1518 1432 1557 urbium
1450 1517 1626 1556 societate
1645 1517 1817 1556 devinxit
1834 1531 1844 1554 t
1875 1513 1958 1554 haee

568 1597 590 1622 a
608 1585 685 1622 vita
704 1585 866 1622 immani
887 1593 925 1622 et
942 1583 1022 1622 fera
1040 1584 1260 1636 segregavit.

625 1649 686 1688 Ad
707 1649 817 1687 usum
838 1658 966 1686 autem
991 1649 1173 1686 orationis
1193 1648 1419 1687 incredibile
1438 1648 1505 1693 est,
1526 1648 1594 1686 nifi
1613 1649 1815 1701 diligenter
1831 1657 1955 1686 atten-

569 1716 680 1760 deris,
711 1724 852 1766 quanta
873 1728 986 1766 opera
1016 1714 1232 1752 machinata
1251 1724 1383 1752 natura
1401 1714 1460 1752 fit.
1502 1715 1679 1752 Primum
1700 1715 1805 1752 enim
1826 1727 1846 1752 a
1864 1714 1955 1766 pul-

569 1780 749 1818 monibus
780 1780 910 1817 arteria
939 1777 1058 1830 usque
1077 1778 1123 1816 ad
1142 1791 1183 1816 os
1209 1779 1394 1816 intimum
1415 1779 1603 1832 pertinen
1635 1793 1701 1831 per
1721 1792 1839 1831 quam
1865 1791 1954 1823 vox,

569 1846 804 1898 principium
824 1859 845 1883 a
864 1855 993 1883 mente
1012 1845 1170 1889 ducens,
1202 1845 1411 1897 percipitur
1439 1854 1477 1882 et
1506 1844 1695 1883 funditur.
1737 1844 1889 1882 Deinde
1915 1844 1956 1882 in

566 1925 631 1949 ore
652 1912 716 1950 fita
735 1912 866 1964 lingua
884 1911 950 1955 est,
972 1910 1079 1948 finita
1097 1911 1290 1949 dentibus.
1322 1911 1379 1949 Ea
1399 1923 1533 1949 vocem
1552 1909 1802 1948 immoderate
1821 1908 1956 1962 profu-

568 1979 644 2015 sam
666 1977 791 2030 fingit,
811 1986 849 2014 et
869 1977 1048 2014 terminat
1063 1995 1075 2021 ς
1106 1991 1191 2029 quae
1212 1977 1319 2015 sonos
1340 1978 1442 2016 vocis
1461 1977 1656 2016 distinctos
1676 1985 1714 2014 et
1738 1975 1875 2028 press‘os
1895 1975 1955 2014 ef·-

570 2043 664 2087 ficit,
700 2055 791 2080 cum
821 2051 859 2079 et
885 2041 929 2078 ad
956 2041 1100 2086 dentes,
1131 2051 1168 2078 et
1189 2042 1233 2079 ad
1268 2042 1354 2079 alias
1386 2051 1508 2093 partes
1543 2041 1653 2093 pellit
1682 2041 1771 2078 oris.
1821 2041 1956 2092 Itaque

569 2108 700 2160 plectri
722 2107 885 2145 similem
906 2107 1078 2158 linguam
1099 2107 1213 2145 nostri
1234 2106 1352 2145 solent
1372 2107 1521 2150 dicere;
1548 2105 1777 2144 chordarum
1798 2105 1953 2150 dentes,

569 2187 673 2212 nares
695 2173 874 2212 cornibus
895 2173 955 2217 iis,
977 2173 1044 2224 qui
1065 2173 1110 2210 ad
1130 2186 1262 2210 nervos
1285 2172 1454 2210 resonant
1475 2173 1512 2210 in
1534 2172 1723 2209 cantibus.

623 2241 711 2279 LX.
744 2241 873 2291 Qam
894 2252 982 2276 vcro
1010 2249 1128 2291 aptas,
1149 2251 1343 2291 quamque
1365 2238 1575 2276 multarum
1599 2238 1740 2275 artium
1767 2235 1954 2275 ministras

569 2319 704 2344 manus
725 2315 856 2343 natura
874 2303 1023 2342 homini
1042 2305 1167 2342 dedit!
1203 2305 1426 2357 Digitorum
1456 2304 1561 2342 enim
1588 2303 1795 2342 contractio
1814 2301 1953 2347 facilis,

569 2372 763 2424 facilisque
784 2371 982 2424 porrectio,
1017 2380 1169 2423 propter
1189 2371 1323 2409 molles
1344 2370 1619 2414 commiffuras,
1650 2379 1689 2407 et
1707 2378 1823 2414 artus,
1845 2368 1954 2407 nullo

570 2439 607 2475 in
630 2448 738 2476 motu
760 2437 913 2474 laborat.
961 2437 1092 2488 Itaque
1112 2437 1157 2473 ad
1179 2437 1429 2488 pingendum,
1457 2436 1502 2473 ad
1524 2435 1760 2488 fingendum,
1793 2434 1839 2472 ad
1858 2434 1953 2472 scal-

571 2504 754 2556 pendum,
786 2503 829 2540 ad
852 2516 1053 2540 nervorum
1074 2502 1280 2539 eliciendos
1301 2501 1408 2540 sonos
1429 2514 1469 2539 ac
1490 2502 1687 2546 tibiarum,
1713 2511 1799 2553 apta
1818 2513 1952 2538 manus

564 2570 633 2613 est,
654 2570 871 2607 admotione
891 2569 1116 2622 digitorum.
1154 2571 1282 2620 Atque
1303 2567 1383 2606 haec
1403 2568 1680 2612 oblectationis,
1710 2567 1777 2605 illa
1796 2564 1952 2604 necem·

570 2635 679 2679 tatis;
702 2635 828 2673 cultus
850 2634 936 2674 dico
955 2648 1145 2688 agrorum,
1163 2634 1492 2686 extructionesque
1512 2635 1714 2678 tectorum,
1731 2639 1954 2685 tegumenta
