2330 2983
645 177 923 218 LIBER
980 178 1412 231 QUINTUS.
1649 195 1726 237 227

333 289 462 319 autem
495 280 715 324 Praetorem,
745 278 882 331 eosque
911 278 1028 317 salvos
1062 279 1234 332 reliquit,
1272 288 1310 318 et
1345 288 1417 319 tres
1448 279 1543 318 filias
1575 290 1724 333 nuptas,

333 360 426 386 cum
445 345 523 400 ipse
544 344 705 389 Consul,
735 344 879 383 Censor
897 345 1014 384 etiam
1035 347 1249 399 Augurque
1269 345 1408 392 fuisset,
1436 355 1474 384 et
1493 344 1725 399 triumphas-

332 411 399 456 set,
444 420 489 450 ut
521 410 666 463 sapiens
696 408 826 455 fuerit,
862 423 990 449 nonne
1022 411 1167 449 beatior
1196 425 1329 463 quam,
1370 421 1414 450 ut
1458 412 1551 450 item
1584 412 1725 465 sapiens

330 476 462 522 fuerit,
483 477 550 529 qui
569 477 611 515 in
629 476 811 530 potestate
831 475 1015 522 hostium,
1029 477 1170 530 vigiliis
1191 485 1229 516 et
1248 477 1374 516 inedia
1392 486 1544 516 necatus
1565 478 1629 523 est,
1647 479 1726 517 Re-

329 542 443 595 gulus
461 542 475 579 ?

386 607 581 646 XXVIII.
612 606 722 659 Qid
741 619 805 645 me
824 606 923 645 istud
949 620 1069 660 rogas,
1098 607 1286 660 inquam?
1318 606 1464 646 Stoicos
1486 620 1587 660 roga.
1621 608 1728 659 Qid

330 673 463 726 igitur,
484 673 629 726 inquit,
649 686 713 712 eos
734 673 971 726 responsuros
990 682 1101 727 putas
1119 674 1132 711 ?
1155 672 1297 712 Nihilo
1317 673 1527 712 beatiorem
1546 672 1616 711 effe
1634 674 1728 712 Me-
1788 668 1793 674 ’

330 738 486 783 tellum,
521 751 639 791 quam
660 738 874 790 Regulum.
923 739 1018 777 Inde
1050 739 1183 792 igitur,
1217 739 1360 792 inquit,
1393 738 1627 777 audiendum
1660 739 1726 777 est.

332 804 486 842 Tamen
505 817 526 842 a
544 803 751 858 propolim,
781 803 955 856 inquam,
982 804 1252 843 aberravimus.
1284 804 1379 844 Non
1398 804 1520 849 enim,
1551 804 1726 856 inquam.

333 882 476 921 quaero,
497 869 594 922 quid
612 882 759 914 verum,
781 868 842 907 sed
861 869 956 922 quid
975 870 1117 922 cuique
1136 869 1345 909 dicendum
1363 869 1425 909 fit.
1454 870 1618 908 Utinam
1639 870 1728 922 qui-

332 935 424 974 dem
443 936 613 974 dicerent
633 935 754 974 alium
772 935 846 974 alio
866 935 1099 974 beatiorem!
1135 937 1224 987 Jam
1245 936 1371 974 ruinas
1389 935 1532 974 videres
1551 951 1560 973 ι
1590 936 1631 974 in
1650 936 1728 974 vir-

332 1009 416 1039 tute
433 1001 540 1039 enim
559 1000 636 1039 sola
646 1009 684 1039 et
704 1001 745 1038 in
763 1000 844 1053 ipso
861 1000 1021 1039 honesto
1036 1014 1128 1039 cum
1146 1002 1191 1039 fit
1205 1001 1354 1039 bonum
1365 1001 1545 1053 positum,
1562 1013 1731 1053 cumque

333 1078 405 1103 nec
425 1066 559 1110 virtus,
580 1074 625 1103 ut
643 1065 768 1118 placet
798 1065 890 1110 illis,
921 1079 991 1104 nec
1021 1064 1227 1104 honesturn
1257 1066 1410 1110 crescat,
1446 1065 1562 1118 idque
1583 1066 1730 1104 bonum

331 1130 458 1170 solum
476 1131 535 1176 fit,
556 1144 635 1183 quo
653 1131 722 1183 qui
741 1131 922 1184 potiatur,
944 1131 1087 1170 neceffe
1106 1131 1159 1170 est
1177 1131 1308 1170 beatus
1329 1132 1388 1177 fit,
1421 1145 1515 1170 curn
1544 1131 1584 1169 id
1603 1132 1731 1184 augeri

332 1209 411 1236 non
431 1197 555 1250 poffit,
586 1197 628 1235 in
658 1210 736 1249 quo
764 1211 840 1236 uno
859 1197 1026 1250 positum
1045 1197 1097 1236 est
1118 1197 1274 1236 beatum
1293 1197 1365 1236 effe
1379 1215 1392 1242 ς
1423 1198 1491 1250 qui
1510 1197 1632 1250 potest
1660 1197 1732 1235 effe

332 1262 537 1314 quisquam
570 1262 667 1300 alius
700 1261 774 1301 alio
806 1263 950 1301 beatior
967 1263 980 1300 ?
1012 1263 1190 1308 Videsne,
1221 1271 1265 1301 ut
1298 1261 1380 1301 haec
1410 1263 1617 1300 concinant
1635 1262 1647 1298 ?
1679 1263 1731 1299 Et

334 1327 491 1368 hercule
521 1326 740 1379 (fatendum
759 1328 812 1366 est
831 1329 937 1366 enim
957 1329 1063 1380 quod
1087 1328 1224 1380 sentio)
1243 1328 1430 1366 mirabilis
1451 1327 1504 1365 est
1521 1327 1623 1380 apud
1643 1327 1732 1366 illos

334 1401 538 1431 contextus
569 1405 713 1431 rerum.
758 1393 1007 1446 Respondent
1026 1402 1195 1432 extrema
1213 1394 1364 1446 primis,
1400 1393 1526 1431 media
1545 1392 1729 1445 utrisque,

335 1459 467 1499 omnia
485 1459 666 1497 omnibus
684 1473 693 1496 :
725 1459 819 1511 quid
839 1459 1027 1512 sequatur,
1049 1460 1143 1511 quid
1163 1468 1363 1512 repugnet,
1383 1458 1530 1496 vident.
1572 1459 1617 1496 In
1637 1471 1732 1511 geo-

335 1525 471 1564 metria
489 1525 615 1577 prima
633 1523 660 1562 fi
679 1523 842 1569 dederis,
874 1524 996 1562 danda
1018 1524 1105 1562 sunt
1123 1524 1267 1563 omnia.
1327 1523 1506 1563 Concede
1536 1522 1637 1562 nihil
1662 1523 1734 1561 effe

335 1591 497 1635 bonum,
519 1589 588 1628 nisi
607 1588 711 1641 quod
729 1587 935 1628 honestum
955 1590 1022 1628 fit:
1045 1589 1336 1628 concedendum
1354 1589 1421 1634 est,
1441 1589 1482 1627 in
1502 1588 1642 1626 virtute
1657 1588 1733 1626 sola

332 1655 496 1709 pofitam
514 1653 585 1693 effe
604 1655 755 1694 beatam
771 1655 905 1694 vitam.
964 1655 1065 1694 Vide
1084 1654 1208 1694 rursus
1229 1664 1343 1694 retro.
1392 1655 1496 1693 Dato
1514 1653 1606 1699 hoc,
1637 1653 1732 1692 dan-

334 1721 432 1760 dum
451 1720 523 1759 erit
541 1720 638 1759 illud
655 1740 667 1766 3
699 1720 804 1773 quod
823 1716 933 1759 vestri
953 1735 1031 1759 non
1052 1721 1164 1759 item.

391 1787 488 1825 Tria
504 1799 642 1839 genera
661 1787 868 1825 bonorum.
900 1786 1112 1825 Proclivius
1133 1786 1252 1824 currit
1270 1786 1418 1824 oratio:
1449 1784 1555 1823 venit
1583 1785 1629 1823 ad
1662 1799 1731 1824 ex-

336 1863 533 1891 tremum:
565 1851 682 1891 haeret
711 1852 752 1890 in
784 1852 946 1891 salebra:
977 1853 1087 1906 cupit
1105 1853 1213 1891 enim
1246 1852 1384 1897 dicere,
1414 1851 1531 1891 Nihil
1560 1851 1660 1905 poss'e
1686 1850 1731 1889 ad

338 1919 488 1957 beatam
507 1918 627 1957 vitam
646 1918 765 1957 deeffe
781 1918 951 1972 sapienti.
993 1919 1164 1958 Honesta
1182 1919 1317 1963 oratio,
1340 1918 1541 1962 Socratica,
1563 1917 1731 1956 Platonis

335 1985 468 2023 etiam.
512 1984 650 2022 Audeo
669 1985 808 2030 dicere,
829 1985 971 2037 inquit.
1018 1985 1112 2024 Non
1142 1984 1276 2038 potest,
1308 1984 1376 2023 nifi
1409 1983 1614 2022 retexueris
1641 1983 1705 2021 illa
1717 2002 1731 2028 5

337 2059 536 2104 paupertas
557 2050 584 2088 fi
603 2050 752 2088 malum
771 2050 838 2095 est,
854 2051 1054 2089 mendicus
1074 2051 1204 2089 beatus
1224 2049 1294 2088 effe
1309 2063 1424 2088 nemo
1439 2049 1574 2102 potest,
1592 2062 1731 2101 quam-

338 2116 394 2154 vis
415 2115 463 2153 fit·
479 2114 636 2168 sapiens.
673 2117 728 2153 At
749 2116 858 2154 Zeno
876 2129 967 2154 eum
988 2130 1065 2155 non
1087 2116 1241 2154 beatum
1262 2115 1393 2160 modo,
1415 2115 1475 2153 sed
1494 2115 1610 2153 etiam
1631 2114 1731 2151 divi-

336 2189 433 2225 tem,
454 2179 577 2217 dicere
596 2179 704 2218 ausus
723 2179 789 2218 est.
849 2180 1003 2226 Dolere,
1036 2180 1211 2219 malum:
1243 2180 1283 2218 in
1315 2193 1469 2218 crucem
1494 2179 1561 2231 qui
1592 2178 1730 2230 agitur,

339 2245 470 2283 beatus
490 2244 560 2282 effe
579 2258 656 2283 non
677 2245 811 2297 potest.
856 2246 1026 2292 Bonum,
1047 2246 1158 2285 liberi
1177 2261 1186 2285 :
1220 2246 1352 2284 misera
1369 2245 1524 2284 orbitas.
1563 2245 1730 2287 Bonum,

340 2309 488 2362 patria:
518 2309 699 2348 miserum
718 2310 894 2350 exilium.
925 2313 1094 2358 Bonum,
1114 2311 1315 2350 valetudo:
1338 2310 1534 2354 miserum,
1556 2308 1730 2346 morbus.

340 2376 508 2420 Bonum,
530 2375 725 2428 integritas
744 2378 912 2430 corporis
931 2392 941 2416 ε
961 2378 1094 2417 misera
1112 2376 1302 2416 debilitas.
1335 2377 1502 2419 Bonum,
1524 2373 1731 2411 incolumis

339 2440 461 2478 acies:
493 2441 628 2479 misera
645 2443 806 2481 caecitas.
853 2445 951 2495 Qae
971 2444 996 2482 fi
1027 2443 1150 2497 potest
1169 2442 1314 2495 fingula
1343 2439 1571 2479 consolando
1596 2438 1730 2484 levare,

340 2504 510 2545 universa
539 2519 617 2559 quo
650 2507 767 2547 modo
797 2507 1024 2549 sustinebit?
1056 2509 1111 2549 Sit
1141 2509 1246 2548 enim
1276 2506 1379 2545 idem
1411 2517 1548 2551 caecus,
1578 2504 1729 2548 debilis,

1308 2573 1340 2611 F
1365 2571 1389 2610 f
1408 2584 1429 2610 2
