2330 2983
617 286 695 324 224
1039 272 1143 312 DE
1201 271 1585 313 FINIBUS

671 370 802 412 XXV.
835 372 938 424 Saepe
958 370 1005 410 ab
1025 371 1243 418 Aristotele,
1278 386 1299 411 a
1318 371 1585 426 Theophrasto
1605 370 1831 412 mirabiliter
1855 373 1908 412 est
1925 373 2011 413 lau-

615 439 702 477 data
719 451 786 491 per
804 436 839 475 se
857 436 935 490 ipsa
953 450 1081 476 rerum
1108 437 1278 478 scientia.
1323 439 1415 477 Hoc
1435 452 1513 478 uno
1531 447 1664 492 captus
1686 438 1861 478 Herillus
1888 439 2013 478 scien-

615 505 711 543 tiam
730 503 929 542 summum
950 502 1098 541 bonum
1116 503 1188 542 effe
1207 503 1391 550 defendit,
1423 517 1494 543 nec
1514 518 1597 543 rem
1617 505 1737 543 ullam
1756 505 1870 543 aliam
1891 518 1958 558 per
1977 504 2014 543 se

615 569 882 624 expetendam.
928 569 1060 608 Multa
1090 569 1177 608 sunt
1196 570 1295 609 dieta
1314 571 1361 610 ab
1386 571 1556 624 antiquis
1575 571 1622 610 de
1652 571 1944 610 contemnendis
1970 583 2014 609 ac

616 635 866 689 despiciendis
887 635 998 673 rebus
1018 634 1213 674 humanis.
1272 637 1365 675 Hoc
1395 650 1520 675 unum
1539 636 1668 676 Aristo
1696 637 1822 675 tenuit
1836 655 1849 682 ς
1880 644 2014 690 praeter

615 703 709 741 vitia
726 711 841 754 atque
861 701 1018 739 virtutes
1050 702 1202 754 negavit
1232 715 1314 740 rem
1333 701 1404 744 effe
1434 702 1554 741 ullam
1584 711 1650 741 aut
1679 701 1920 755 fugiendam,
1950 711 2015 740 aut

615 767 881 821 expetendam.
927 766 1099 805 Pofitum
1118 766 1171 804 est
1200 780 1221 804 a
1249 766 1384 805 nostris
1404 767 1445 805 in
1470 768 1517 806 iis
1537 767 1664 811 rebus,
1699 780 1784 819 quae
1804 767 2015 805 secundum

616 843 792 872 naturam
810 831 937 876 essent,
959 844 1036 869 non
1067 832 1207 870 dolere.
1246 833 1338 871 Hoc
1359 833 1624 884 Hieronymus
1645 832 1846 871 summum
1865 832 2014 871 bonum

617 899 688 938 effe
706 899 818 937 dixit.
863 899 919 936 At
938 910 1025 935 vero
1052 896 1249 951 Callipho,
1279 906 1317 936 et
1347 897 1431 951 post
1449 912 1540 937 eum
1561 898 1773 944 Diodorus,
1807 911 1902 936 cum
1922 897 2018 935 alter

617 965 857 1018 voluptatem
876 962 1129 1010 adamaviffet,
1159 963 1254 1002 alter
1272 964 1503 1003 vacuitatem
1523 964 1664 1003 doloris
1680 982 1692 1009 ς
1725 973 1858 1003 neuter
1877 962 2016 1003 hones-

617 1041 695 1071 tate
713 1044 836 1070 carere
856 1031 997 1084 potuit,
1019 1044 1104 1083 quae
1123 1030 1176 1069 est
1195 1044 1216 1069 a
1235 1030 1369 1069 nostris
1390 1031 1539 1070 laudata
1558 1031 1742 1070 maxime.

673 1098 901 1150 Qinetiam
932 1097 1000 1149 ipsi
1020 1096 1225 1150 voluptarii
1254 1097 1479 1136 diverticula
1498 1106 1682 1151 quaerant,
1703 1107 1741 1136 et
1761 1097 1920 1136 virtutes
1946 1095 2016 1135 ha-

619 1165 734 1203 beant
764 1164 804 1202 in
835 1176 897 1202 ore
928 1172 1029 1201 totos
1048 1163 1142 1207 dies,
1176 1163 1494 1216 voluptatemque
1521 1163 1649 1216 primo
1681 1163 1865 1201 duntaxat
1891 1163 2019 1216 expeti

618 1231 776 1274 dicant3
807 1229 944 1268 deinde
973 1228 1248 1267 consuetudine
1279 1229 1382 1282 quasi
1409 1230 1565 1268 alteram
1597 1238 1771 1268 naturam
1791 1229 1906 1274 effici,
1942 1242 2020 1282 qua

619 1296 775 1349 impulfi
796 1295 921 1333 multa
939 1293 1100 1339 faciunt,
1122 1295 1271 1333 nullam
1290 1305 1498 1347 quaerentes
1519 1295 1773 1348 voluptatem.
1820 1295 1938 1334 Stoici
1959 1309 2018 1333 re-

618 1363 738 1401 stant:
771 1360 813 1399 hi
840 1361 999 1414 quidem
1033 1374 1110 1399 non
1131 1374 1248 1399 unam
1281 1360 1453 1413 aliquam
1484 1370 1549 1399 aut
1579 1361 1736 1399 alteram
1757 1373 1778 1398 a
1796 1360 1922 1405 nobis,
1958 1360 2020 1400 sed

618 1438 741 1468 totam
775 1427 821 1465 ad
852 1427 886 1465 se
906 1426 1071 1466 nostram
1092 1425 1378 1480 philosophiam
1399 1427 1682 1466 transtulerunt.
1729 1427 1874 1479 Atque,
1895 1435 1938 1465 ut
1958 1439 2019 1465 re-

618 1495 718 1547 liqui
737 1493 855 1539 fures,
885 1506 1017 1531 earum
1036 1506 1178 1538 rerum,
1208 1505 1303 1545 quas
1323 1501 1520 1546 ceperunt,
1543 1492 1646 1546 signa
1664 1501 1911 1532 commutant
1923 1510 1936 1538 5
1970 1493 2020 1532 s1c

618 1561 692 1606 illi,
715 1570 758 1599 ut
778 1560 971 1599 sententiis
992 1559 1125 1598 nostris
1146 1573 1215 1612 pro
1236 1558 1310 1598 suis
1331 1568 1542 1605 uterentur,
1565 1560 1736 1605 nomina,
1754 1569 1938 1613 tanquam
1958 1567 2020 1598 re-

622 1641 709 1667 rum
730 1636 852 1672 notas,
867 1634 1124 1665 mutaverunt.
1168 1626 1226 1664 Ita
1245 1626 1475 1678 relinquitur
1495 1625 1569 1665 sola
1588 1625 1670 1665 haec
1690 1625 1891 1679 disciplina
1905 1626 2022 1680 digna

621 1693 790 1733 studiofis
824 1694 1077 1746 ingenuarum
1108 1692 1264 1737 artium,
1295 1692 1411 1745 digna
1440 1692 1612 1738 eruditis,
1643 1693 1759 1746 digna
1778 1692 1886 1731 claris
1913 1692 2020 1738 viris,

620 1761 737 1813 digna
756 1759 1012 1812 principibus,
1033 1759 1150 1811 digna
1169 1759 1337 1811 regibus.

667 1827 766 1878 Qae
785 1839 878 1864 cum
898 1824 1062 1869 dixisset,
1080 1825 1317 1878 paulumque
1338 1824 1541 1871 institiffet,
1562 1825 1657 1879 quid
1676 1825 1742 1871 est,
1765 1825 1892 1877 inquit
1910 1825 1924 1862 ?
1956 1827 2022 1863 Sa-

621 1892 718 1931 tisne
737 1892 845 1930 vobis
864 1891 993 1930 videor
1013 1905 1082 1944 pro
1103 1905 1189 1929 meo
1210 1892 1295 1943 jure
1316 1892 1354 1930 in
1382 1891 1511 1930 vestris
1531 1892 1685 1930 auribus
1705 1901 1991 1930 commentatus
2008 1891 2022 1927 ?

622 1959 675 1998 Et
695 1972 779 2012 ego,
801 1959 866 1996 Tu
888 1970 990 2002 vero,
1024 1959 1199 2009 inquam,
1232 1957 1332 2002 Piso,
1361 1967 1402 1995 ut
1424 1958 1518 2010 saepe
1538 1959 1641 2002 alias,
1674 1958 1723 1996 lic
1744 1957 1860 1996 hodie
1880 1958 1931 1995 ita
1958 1957 2024 1996 ista

622 2024 724 2064 nosse
744 2024 842 2063 visus
862 2036 915 2069 es,
949 2032 1006 2068 ut,
1039 2023 1064 2061 s1
1087 2023 1142 2060 tui
1164 2023 1274 2076 copia
1296 2023 1404 2062 nobis
1426 2023 1571 2076 semper
1591 2023 1710 2068 fieret,
1746 2037 1823 2062 non
1851 2022 2022 2062 multum

622 2091 768 2130 Graecis
791 2089 1084 2143 supplicandum
1106 2098 1295 2142 putarem,
1326 2089 1443 2139 Qod
1464 2089 1623 2141 quidem
1643 2103 1688 2127 eo
1708 2089 1863 2142 probavi
1885 2091 2022 2142 magis,

622 2157 712 2210 quia
732 2156 910 2200 memini,
933 2154 1096 2194 Staseam
1118 2155 1434 2208 Neapolitanum,
1457 2155 1650 2193 doctorem
1666 2155 1779 2193 illum
1801 2164 1928 2198 tuum,
1953 2169 2024 2194 no·

623 2224 743 2263 bilem
775 2223 859 2261 sane
892 2222 1204 2275 Peripateticum,
1240 2222 1438 2274 aliquanto
1470 2221 1534 2259 ista
1556 2221 1659 2260 secus
1694 2222 1818 2260 dicere
1851 2221 2023 2267 solitum,

621 2290 881 2329 assentientem
917 2289 977 2333 iis,
1008 2289 1076 2341 qui
1109 2288 1281 2327 multum
1317 2289 1354 2326 in
1390 2287 1543 2327 fortuna
1570 2289 1732 2327 secunda
1764 2297 1828 2326 aut
1861 2288 2023 2333 adversa,

622 2355 797 2394 multum
827 2355 866 2392 in
902 2354 1013 2392 bonis
1047 2362 1111 2391 aut
1147 2353 1256 2391 malis
1291 2354 1459 2406 corporis
1493 2363 1691 2406 ponerent.
1753 2353 1818 2391 Est
1840 2363 1881 2391 ut
1912 2353 2023 2397 dicis,

622 2421 778 2474 inquit:
811 2420 870 2459 sed
902 2419 982 2459 haec
1017 2419 1063 2458 ab
1086 2418 1296 2463 Antiocho,
1330 2419 1455 2457 nostro
1476 2419 1669 2464 familiari,
1698 2419 1879 2457 dicuntur
1899 2419 2026 2457 multo

622 2487 762 2526 melius
782 2497 819 2526 et
840 2486 992 2531 fortius,
1015 2499 1132 2539 quam
1154 2499 1174 2523 a
1190 2485 1311 2524 Stasea
1326 2486 1564 2524 dicebantur.
1599 2488 1834 2539 Qanquam
1855 2498 1926 2537 ego
1948 2498 2024 2523 non

621 2567 763 2606 quaero,
799 2553 894 2606 quid
928 2553 998 2592 tibi
1035 2566 1054 2590 a
1075 2566 1137 2591 me
1159 2552 1363 2605 probatum
1387 2551 1443 2596 sit,
1478 2552 1537 2591 scd
1570 2551 1661 2592 huic
1683 2551 1863 2592 Ciceroni
1885 2550 2025 2596 nostro,

621 2633 739 2676 quem
760 2619 994 2673 discipulum
1014 2619 1131 2673 cupio
1151 2632 1171 2658 a
1191 2628 1226 2657 te
1246 2618 1446 2658 abducere.
