2330 2983
644 228 919 268 LIBER
977 227 1408 280 QUARTUS.
1652 225 1723 277 183

326 345 403 371 non
434 331 480 370 ad
500 330 641 370 summi
663 331 754 369 boni
785 331 1028 383 adeptionem
1059 330 1278 383 pertineret.
1316 328 1423 380 Qid
1443 336 1571 366 autem
1593 327 1722 366 minus

326 398 619 436 consentaneum
649 397 715 440 est,
747 409 878 448 quam,
901 397 1005 448 quod
1025 397 1145 440 aiunt,
1167 396 1324 448 cognito
1345 395 1496 433 summo
1524 394 1639 437 bono,
1662 407 1721 431 re-

324 463 418 501 verti
439 462 474 500 se
504 463 549 500 ad
581 471 770 506 naturam,
807 470 849 499 ut
869 461 915 498 ab
935 475 977 498 ea
996 471 1127 513 petant
1148 461 1283 512 agendi
1310 461 1560 513 principium,
1594 459 1633 497 id
1653 459 1720 504 est,

322 526 473 564 officii?
505 526 599 564 Non
618 526 724 563 enim
745 526 901 564 aetionis
930 535 995 563 aut
1024 525 1143 562 officii
1176 524 1271 562 ratio
1291 524 1457 576 impellit
1484 524 1529 560 ad
1549 537 1602 567 ea,
1636 538 1721 575 qua:

322 591 532 630 secundum
555 600 730 629 naturam
764 591 864 636 sunt,
895 590 1132 643 appetenda;
1165 589 1226 627 sed
1247 590 1293 628 ab
1312 588 1373 627 his
1407 598 1445 626 et
1475 589 1659 641 appetitio
1683 599 1721 626 et

321 657 418 696 affio
438 665 720 695 commovetur.

376 723 530 762 XVIII.
553 723 674 761 Nunc
694 722 806 760 venio
825 722 871 760 ad
891 722 956 760 illa
975 731 1040 760 tua
1061 721 1199 767 brevia,
1222 735 1306 774 quae
1327 720 1552 759 conse&aria
1565 719 1637 758 effe
1657 719 1718 757 di-

321 790 456 828 cebas:
492 798 530 827 et
551 789 723 841 primum
743 789 854 833 illud,
876 802 955 841 quo
975 788 1074 827 nihil
1101 788 1222 841 potest
1255 787 1326 826 effe
1355 788 1534 831 brevius;
1565 787 1719 825 Bonum

321 868 452 899 omne,
474 854 663 892 laudabile
679 873 689 899 5
713 854 901 892 laudabile
921 863 1050 893 autem
1070 867 1199 898 omne,
1213 853 1442 891 honestum:
1465 853 1583 905 igitur
1602 865 1720 890 omne

323 922 486 965 bonum,
506 919 723 959 honestum.
756 921 793 958 O
815 920 1046 973 plumbeum
1066 918 1302 973 pugionem!
1337 919 1437 970 Qis
1455 920 1559 957 enim
1575 919 1647 956 tibi
1666 918 1717 955 il-

322 987 389 1025 lud
408 987 581 1039 primum
601 985 849 1024 concesserit?
871 1000 949 1039 quo
970 986 1128 1038 quidem
1148 984 1335 1029 conceffo,
1357 983 1457 1023 nihil
1477 998 1571 1037 opus
1589 984 1641 1022 est
1660 983 1718 1021 se-

321 1051 461 1089 cundo.
505 1051 543 1089 Si
561 1051 666 1088 enim
686 1064 802 1088 omne
822 1051 971 1088 bonum
997 1050 1185 1088 laudabile
1203 1050 1268 1094 est,
1301 1063 1415 1087 omne
1434 1048 1623 1086 laudabile
1642 1047 1717 1086 ho-

320 1115 468 1154 nestum
483 1116 549 1154 est.
569 1116 669 1167 Qis
689 1115 761 1153 tibi
781 1129 871 1167 ergo
887 1115 985 1153 istud
1005 1115 1124 1160 dabit,
1142 1123 1278 1167 praeter
1292 1113 1545 1166 Pyrrhonem,
1567 1113 1717 1152 Aristo-

321 1195 426 1228 nem,
443 1195 623 1220 eorumve
643 1182 784 1220 ssmiles
803 1183 816 1219 ?
847 1195 942 1234 quos
965 1191 1007 1220 tu
1027 1195 1105 1220 non
1133 1181 1283 1234 probas.
1326 1180 1562 1225 Aristoteles,
1584 1181 1715 1219 Xeno-

319 1258 452 1294 crates,
472 1258 551 1287 tota
565 1248 632 1286 illa
646 1247 805 1292 familia,
824 1261 900 1286 non
917 1248 1023 1286 dabit
1036 1267 1048 1293 5
1071 1248 1215 1300 quippe
1235 1247 1303 1299 qui
1315 1247 1587 1291 valetudinem,
1605 1247 1716 1292 vires,

319 1315 485 1360 divitias,
516 1314 693 1367 gloriam,
729 1314 853 1352 multa
883 1314 968 1359 alia,
1003 1314 1104 1352 bona
1131 1313 1203 1351 esse
1234 1313 1382 1358 dicunt,
1414 1313 1619 1350 laudabilia
1637 1327 1718 1352 non

321 1381 463 1419 dicant.
519 1381 572 1418 Et
591 1378 634 1417 hi
654 1379 813 1431 quidem
846 1379 898 1417 ita
918 1393 995 1417 non
1016 1379 1090 1417 sola
1109 1379 1249 1417 virtute
1269 1378 1388 1416 finem
1409 1378 1600 1416 bonorum
1617 1391 1715 1416 con-

320 1445 435 1483 tineri
468 1453 618 1498 putant,
650 1454 693 1482 ut
726 1444 836 1482 rebus
874 1453 1002 1482 tamen
1036 1444 1218 1482 omnibus
1252 1444 1435 1481 virtutem
1466 1452 1714 1496 anteponant.

322 1509 431 1563 Qid
449 1510 575 1548 censes
594 1523 657 1548 eos
688 1509 758 1547 effe
776 1508 956 1555 facturos,
978 1509 1048 1562 qui
1076 1508 1237 1547 omnino
1267 1508 1451 1547 virtutem
1473 1521 1494 1546 a
1523 1508 1715 1547 bonorum

320 1577 396 1616 fine
415 1576 713 1629 segregaverunt,
744 1576 974 1628 Epicurum,
996 1576 1302 1627 Hieronymum,
1323 1574 1410 1612 illos
1440 1574 1572 1619 etiam,
1599 1574 1626 1613 fi
1646 1575 1716 1628 qui

321 1642 580 1682 Carneadeum
600 1641 720 1679 finem
741 1642 838 1679 tueri
858 1641 1022 1680 volunt?
1053 1642 1142 1693 Jam
1162 1648 1226 1679 aut
1249 1639 1445 1693 Callipho,
1476 1649 1541 1678 aut
1561 1641 1714 1680 Diodo-

318 1721 394 1754 rus,
426 1721 504 1761 quo
523 1708 642 1746 modo
661 1716 842 1761 poterunt
862 1708 935 1746 tibi
954 1707 1053 1746 istud
1072 1707 1293 1751 concedere,
1322 1707 1391 1759 qui
1409 1706 1456 1744 ad
1474 1704 1715 1747 honestatem

316 1774 419 1813 aliud
439 1774 660 1827 adjungant,
683 1774 788 1827 quod
807 1787 853 1812 ex
875 1774 1012 1812 eodem
1031 1787 1166 1826 genere
1186 1787 1263 1811 non
1283 1773 1355 1810 fit?

378 1840 507 1878 Placet
528 1840 646 1893 igitur
666 1841 753 1885 tibi,
785 1841 896 1885 Cato,
927 1853 1019 1878 cum
1040 1853 1095 1877 res
1116 1837 1318 1892 sumpseris
1337 1852 1416 1877 non
1442 1838 1644 1885 concessas,
1666 1853 1715 1878 ex

318 1906 395 1944 illis
416 1905 566 1943 efficere
587 1905 691 1957 quod
712 1905 831 1944 velis?
862 1905 950 1957 Jam
971 1906 1036 1944 ille
1055 1905 1198 1950 sorites,
1212 1905 1251 1943 in
1265 1918 1343 1958 quo
1365 1903 1463 1943 nihil
1484 1906 1625 1958 putatis
1642 1905 1714 1944 effe

316 1971 498 2016 vitiosius,
531 1971 650 2022 Qod
670 1971 818 2009 bonum
844 1971 902 2017 fit,
931 1972 970 2009 id
1000 1971 1069 2009 effe
1089 1970 1288 2024 optabile,
1320 1971 1425 2023 quod
1455 1971 1638 2024 optabile,
1673 1971 1714 2009 id

315 2037 386 2076 effe
405 2037 660 2090 expetendum
677 2055 689 2082 ς
721 2038 825 2090 quod
855 2038 1127 2091 expetendum,
1159 2037 1349 2075 laudabile
1363 2055 1376 2082 3
1408 2037 1544 2075 deinde
1574 2037 1713 2089 reliqui

313 2102 477 2156 gradus:
509 2102 571 2140 sed
603 2115 675 2155 ego
708 2103 748 2141 in
769 2102 844 2141 hoc
865 2103 1003 2142 refisto.
1034 2104 1186 2141 Eodem
1206 2103 1312 2142 enim
1343 2103 1460 2141 modo
1490 2103 1562 2141 tibi
1596 2116 1713 2142 nemo

313 2168 433 2214 dabit,
455 2168 559 2220 quod
578 2169 836 2221 expetendum
858 2169 915 2214 fit,
937 2169 976 2207 id
996 2169 1065 2207 effe
1087 2169 1288 2207 laudabile.
1316 2169 1420 2207 Illud
1441 2181 1527 2206 vero
1547 2169 1712 2207 minime

314 2233 602 2278 consestarium,
637 2233 700 2271 sed
719 2234 759 2271 in
779 2235 915 2287 primis
935 2233 1052 2273 hebes
1085 2235 1258 2279 illorum,
1293 2234 1519 2287 gloriatione
1552 2234 1710 2287 dignam

314 2299 384 2337 effe
404 2299 553 2337 beatam
573 2299 707 2344 vitam,
739 2300 844 2352 quod
864 2315 941 2339 non
961 2301 1073 2354 poffit
1093 2301 1168 2340 fine
1187 2299 1380 2339 honestate
1400 2300 1634 2352 contingere,
1667 2308 1710 2339 ut

308 2366 394 2416 jure
414 2363 616 2415 quisquam
635 2364 832 2416 glorietur.

370 2429 490 2468 Dabit
510 2427 584 2467 hoc
606 2430 755 2469 Zenoni
776 2431 962 2471 Polemon
980 2451 990 2477 ;
1027 2433 1143 2471 etiam
1172 2431 1348 2485 magister
1367 2433 1461 2483 ejus,
1489 2439 1527 2468 et
1547 2438 1625 2468 tota
1644 2429 1711 2468 illa

313 2507 420 2549 gens,
442 2504 480 2532 et
500 2495 651 2548 reliqui,
669 2498 738 2550 qui
753 2498 935 2538 virtutem
953 2499 1135 2538 omnibus
1154 2499 1264 2537 rebus
1279 2498 1405 2536 multo
1421 2504 1708 2550 anteponentes,

399 2562 436 2600 T
447 2574 470 2599 0
482 2573 532 2599 M.
565 2561 618 2601 11.
1334 2565 1368 2600 A
1389 2575 1409 2600 a
