2330 2983
553 275 632 325 496
814 269 907 309 DE
966 265 1293 306 NATURA
1351 263 1692 303 DEORUM

553 371 661 423 Qid
692 370 795 407 enim
817 367 859 405 sit
891 365 1044 410 melius,
1072 364 1170 417 quid
1189 362 1451 417 praestabilius,
1478 362 1573 415 quid
1593 362 1693 400 inter
1712 368 1887 399 naturam
1911 369 1950 399 et

551 437 740 476 rationem
771 431 930 476 interfit,
963 444 1044 469 -non
1073 429 1333 482 distinguitur.
1380 428 1581 480 Idemque,
1614 427 1640 465 fi
1669 427 1745 465 Dei
1766 439 1842 465 non
1862 426 1949 471 fint,

555 510 665 553 negat
685 498 756 537 effe
786 499 826 536 in
847 497 956 536 omni
985 506 1118 534 natura
1143 495 1358 548 quidquam
1379 492 1539 532 homine
1558 493 1711 532 melius.
1758 491 1804 530 Id
1823 499 1953 529 autem

555 576 688 621 putare
709 577 945 618 quemquam
966 561 1183 607 hominem,
1215 559 1316 600 nihil
1335 559 1495 599 homine
1515 559 1586 598 effe
1607 559 1760 603 melius,
1793 557 1953 595 summae

554 631 777 684 arrogantiae
796 628 922 668 censet
941 626 1025 666 effe.
1059 627 1115 665 Sit
1134 627 1218 664 sane
1238 625 1460 678 arrogantis,
1477 624 1596 678 pluris
1617 625 1654 662 se
1673 632 1818 677 putare,
1836 635 1953 674 quarn

556 698 767 737 mundum.
817 697 872 734 At
902 694 1001 732 illud
1033 707 1110 732 non
1131 693 1248 731 modo
1278 705 1355 730 non
1385 692 1606 744 arrogantis,
1637 690 1696 729 sed
1713 689 1840 743 potius
1861 701 1954 741 pru-

555 765 696 809 dentis,
728 761 942 813 intelligere
973 759 1008 797 se
1048 758 1188 797 habere
1218 757 1366 796 sensum
1399 766 1438 795 et
1471 758 1673 801 rationem,
1714 755 1795 793 haec
1825 754 1957 792 eadem

558 832 751 869 Orionem
772 837 808 866 et
830 825 1059 866 Caniculam
1087 837 1165 862 non
1185 822 1336 862 habere.
1369 823 1435 868 Et,
1451 822 1494 873 st
1508 821 1626 860 domus
1637 821 1795 874 pulchra
1805 821 1876 871 fit,
1899 820 1957 857 in·

559 897 759 949 telligamus
788 907 862 932 eam
887 890 1044 935 dominis,
1076 890 1219 942 inquit,
1249 889 1461 942 aedfficatam
1494 887 1566 941 effi,
1597 901 1665 926 non
1699 886 1886 930 muribus;
1903 885 1960 936 stc

558 963 677 1014 {gitur
695 959 861 998 mundum
876 959 1039 997 Deorum
1058 956 1194 995 domum
1208 955 1403 1009 exssimare
1420 953 1589 993 debemus.
1623 954 1680 992 Ita
1695 951 1844 1006 prorsus
1861 950 1962 989 exis·

561 1029 756 1070 timarem‚
786 1026 812 1063 fi
844 1025 958 1062 illum
985 1022 1232 1068 aedificatum,
1264 1035 1357 1067 non,
1388 1020 1720 1074 quemadmodum
1750 1018 1912 1063 docebo,
1942 1029 1963 1054 a

562 1104 695 1132 natura
709 1091 1010 1136 conformatum,
1030 1099 1220 1144 putarem.

619 1161 693 1198 XI.
725 1160 780 1196 At
810 1158 915 1196 enim
936 1157 1073 1208 quaerit
1098 1155 1200 1208 apud
1221 1153 1525 1207 Xenophontem
1546 1154 1729 1197 Socrates,
1758 1151 1859 1190 unde
1879 1151 1962 1188 ani-

566 1240 672 1265 mam
693 1224 977 1277 arripuerimus,
995 1222 1021 1260 fi
1038 1221 1146 1259 nulla
1164 1219 1282 1259 fuerit
1302 1220 1341 1257 in
1359 1219 1522 1258 mundo.
1544 1219 1597 1257 Et
1616 1232 1689 1272 ego
1704 1232 1846 1271 quaero,
1865 1218 1965 1255 unde

564 1292 795 1334 orationem,
825 1289 927 1326 unde
947 1299 1143 1331 numeros,
1175 1286 1277 1324 unde
1296 1295 1444 1324 cantus.
1490 1285 1576 1323 Nifi
1602 1298 1691 1322 vero
1717 1285 1827 1336 loqui
1847 1284 1966 1321 solem

565 1371 659 1396 cum
679 1356 772 1395 luna
801 1364 997 1408 putamus,
1028 1366 1122 1390 cum
1142 1352 1300 1405 propius
1320 1349 1510 1389 accesserit
1522 1368 1534 1394 ς
1566 1358 1631 1387 aut
1659 1349 1706 1387 ad
1724 1348 1969 1387 harmoniam

567 1437 701 1463 canere
733 1422 942 1465 mundum,
985 1428 1028 1457 ut
1063 1417 1297 1471 Pythagoras
1335 1417 1539 1455 existimat.
1585 1415 1745 1454 Naturae
1776 1414 1842 1452 ista
1867 1414 1969 1459 sunt,

569 1490 701 1533 Balbe,
732 1497 875 1526 naturae
905 1499 983 1524 non
1014 1483 1214 1522 artificiose
1245 1482 1493 1527 ambulantis,
1525 1490 1568 1520 ut
1600 1481 1653 1519 ait
1691 1481 1800 1519 Zeno
1836 1479 1971 1533 (quod

569 1555 730 1607 quidem
749 1553 862 1606 quale
881 1552 940 1596 sit,
968 1551 1051 1603 jam
1071 1549 1308 1601 videbimus)
1341 1548 1401 1586 sed
1421 1548 1552 1587 omnia
1582 1547 1718 1586 cientis
1739 1555 1776 1585 et
1795 1545 1972 1599 agitantis

572 1620 744 1660 motibus
765 1628 802 1656 et
823 1617 1103 1655 mutationibus
1125 1615 1213 1652 suis.

629 1686 762 1737 Itaque
783 1682 848 1721 illa
868 1680 966 1720 mihi
987 1680 1161 1733 placebat
1192 1678 1312 1717 oratio
1328 1678 1375 1716 de
1405 1677 1684 1722 convenientia,
1715 1678 1976 1731 consensuque

575 1760 731 1793 naturae,
766 1760 884 1800 quam
905 1745 1008 1798 quasi
1027 1745 1257 1797 cognatione
1277 1743 1540 1781 continuatam
1567 1743 1779 1796 conspirare
1805 1743 1973 1781 dicebas.

575 1816 680 1855 Illud
706 1828 783 1853 non
804 1812 1030 1866 probabam,
1058 1810 1164 1863 quod
1195 1810 1357 1863 negabas
1388 1809 1429 1847 id
1448 1809 1618 1848 accidere
1638 1808 1813 1862 potuisse,
1847 1809 1915 1847 nifi
1935 1822 1979 1847 ea

577 1896 656 1920 uno
686 1880 818 1919 divino
837 1878 972 1932 spiritu
992 1877 1265 1915 contineretur.
1310 1875 1382 1914 Illa
1407 1888 1498 1914 vero
1517 1874 1682 1914 cohaeret
1712 1884 1751 1913 et
1780 1883 1979 1927 permanet

579 1957 721 1987 naturae
741 1946 901 1989 viribus,
929 1957 1007 1981 non
1034 1943 1209 1981 Deorum
1224 1961 1236 1988 3
1267 1942 1396 1995 estque
1424 1941 1465 1980 in
1491 1955 1534 1979 ea
1552 1941 1620 1979 iste
1638 1940 1742 1994 quafi
1762 1939 1980 1985 consensus,

578 2027 698 2067 quam
718 2005 925 2059 συμπάθειαν
945 2009 1074 2047 Graeci
1094 2017 1244 2047 vocant.
1277 2009 1348 2046 Sed
1365 2021 1421 2052 ea,
1443 2021 1522 2060 quo
1542 2007 1606 2046 sua
1624 2007 1757 2060 sponte
1777 2008 1898 2058 major
1913 2006 1979 2051 est,

582 2094 627 2119 eo
648 2079 777 2118 minus
798 2076 926 2114 divina
946 2076 1091 2114 ratione
1111 2074 1192 2113 fieri
1212 2073 1461 2112 existimanda
1480 2073 1547 2112 est.

630 2146 724 2184 XII.
757 2143 828 2181 Illa
843 2151 985 2188 autem,
1008 2156 1093 2195 quae
1111 2140 1322 2180 Carneades
1343 2138 1535 2184 afferebat,
1552 2138 1883 2192 quemadmodum
1904 2137 1981 2177 dis-

584 2211 728 2252 solvitis
745 2211 757 2248 ?
779 2209 817 2248 Si
838 2209 990 2247 nullum
1007 2221 1144 2261 corpus
1160 2206 1379 2246 immortale
1399 2206 1456 2251 fit,
1472 2205 1626 2244 nullum
1643 2204 1713 2243 effe
1726 2218 1864 2258 corpus
1883 2204 1983 2243 sem-

587 2279 797 2332 piternum.
831 2277 981 2328 Corpus
1003 2284 1131 2312 autem
1152 2273 1372 2312 immortale
1390 2271 1549 2311 nullum
1567 2271 1652 2317 effe,
1675 2285 1722 2310 ne
1737 2270 1984 2309 individuum

587 2343 762 2397 quidem,
794 2354 862 2380 nec
883 2341 987 2393 quod
1008 2340 1152 2385 dirimi,
1183 2338 1385 2378 distrahive
1405 2352 1482 2377 non
1502 2338 1625 2391 poffit.
1668 2339 1849 2390 Cumque
1867 2350 1985 2375 omne

590 2409 732 2449 animal
754 2407 953 2462 patibilem
975 2416 1149 2445 naturam
1175 2405 1325 2451 habeat,
1356 2405 1511 2444 nullum
1542 2404 1594 2442 est
1622 2418 1771 2449 eorum,
1803 2404 1908 2456 quod
1927 2402 1986 2441 ef-

591 2475 716 2528 fugiat
735 2474 947 2528 accipiendi
967 2473 1114 2526 aliquid
1131 2472 1379 2516 extrinsecus,
1411 2471 1451 2509 id
1470 2471 1537 2515 est,
1564 2470 1667 2523 quasi
1689 2469 1835 2509 ferendi
1854 2478 1893 2508 et
1919 2482 1986 2522 pa-

594 2541 727 2584 tiendi,
750 2540 1018 2579 necestitatem.
1052 2539 1118 2584 Et,
1148 2538 1174 2577 si
1195 2551 1310 2576 omne
1330 2537 1469 2575 animal
1492 2537 1652 2575 mortale
1671 2537 1736 2582 est,
1768 2533 1986 2575 immortale

594 2606 747 2646 nullum
768 2607 833 2645 cst.
877 2608 982 2661 Ergo
1001 2605 1137 2645 itidem
1157 2605 1183 2644 si
1203 2618 1319 2645 omne
1338 2603 1479 2643 animal
1501 2603 1611 2642 secari
1640 2617 1682 2642 ac
1702 2601 1820 2642 dividi
1852 2599 1986 2654 potest,
