2330 2983
562 307 642 344 422
817 291 910 329 DE
968 283 1293 328 NATURA
1350 285 1690 330 DEORUM

564 391 785 428 Vulcanum
797 395 902 432 enm,
915 396 1035 439 quem
1047 385 1140 425 fecit
1151 384 1380 426 Alcamenes
1389 405 1402 432 ς
1418 387 1458 425 in
1473 398 1553 440 quo
1565 387 1684 426 stante
1697 395 1809 440 atque
1820 389 1950 430 vestito

560 454 694 493 leviter
712 460 864 507 apparet
882 452 1110 491 claudicatio
1128 461 1207 491 non
1228 452 1426 492 deformis.
1467 453 1664 492 Claudum
1683 454 1803 507 igitur
1829 452 1948 494 habe-

562 520 692 558 bimus
714 520 858 562 Deum,
879 518 1064 570 quoniam
1086 517 1131 555 de
1152 518 1328 556 Vulcano
1345 518 1397 557 fic
1415 519 1648 572 accepimus.

608 587 708 638 Age,
725 593 762 622 et
779 583 841 621 'his
863 583 1059 622 vocabulis
1076 584 1181 621 Deos
1201 583 1270 622 effe
1287 583 1466 629 facimus,
1493 585 1635 637 quibus
1651 584 1800 623 anobis
1820 585 1949 623 nomi-

562 660 715 690 nantur.
738 651 793 688 At
813 650 985 702 primum
1001 658 1094 701 quot
1110 648 1317 688 hominum
1337 650 1491 703 linguae,
1514 658 1570 689 tot
1585 651 1742 689 nomina
1758 651 1948 688 Deorum.

561 710 657 755 Non
677 716 796 760 enim,
818 722 861 753 u‘t
887 723 930 752 tu
950 715 1134 759 Velleius,
1155 727 1389 767 quocunque
1407 717 1565 761 veneris,
1586 716 1636 754 fic
1656 716 1760 755 idem
1780 716 1820 753 in
1840 714 1950 753 Italia

562 781 776 824 Vulcanus,
807 779 910 816 idem
930 779 970 815 in
990 777 1135 823 Africa,
1157 779 1261 816 idern
1278 779 1318 816 in
1339 779 1536 832 Hispania.
1575 781 1725 818 Deinde
1745 781 1952 818 nominum

563 859 639 883 non
662 857 822 896 magnus
843 856 1040 887 numerus,
1058 856 1105 880 ne
1125 843 1165 880 in
1178 843 1396 882 pontificiis
1417 844 1573 895 quidem
1595 844 1753 887 nostris;
1775 845 1953 881 Deorum

563 918 692 948 autem
712 907 1016 946 innumerabilis.
1062 902 1125 946 An
1158 908 1234 945 fine
1263 908 1489 946 nominibus
1510 908 1625 946 sunt?
1670 907 1774 946 Istud
1792 907 1954 959 quidem

561 976 615 1013 ita
633 975 741 1013 vobis
761 974 886 1012 dicere
914 973 1056 1011 necess‘e
1083 974 1136 1012 est
1151 992 1163 1019 ς
1195 973 1291 1026 quid
1318 974 1423 1012 enim
1442 973 1591 1019 attinet,
1621 985 1716 1012 curn
1745 985 1822 1011 una
1839 971 1952 1011 facies

562 1041 621 1085 fit,
643 1040 752 1093 plura
771 1039 841 1077 effe
862 1039 1045 1077 nomina?

624 1106 756 1156 Qam
790 1104 938 1142 bellum
969 1114 1061 1149 erat,
1096 1105 1236 1150 Vellei,
1279 1104 1454 1143 confiteri
1481 1103 1615 1156 apotius
1648 1102 1804 1148 nescire,
1847 1103 1951 1155 quod

562 1171 738 1215 nescires,
760 1183 876 1222 quam
897 1169 963 1208 ista
976 1169 1216 1208 effutientem
1235 1170 1423 1215 nausetre,
1452 1179 1566 1222 atque
1582 1169 1708 1222 ipsum
1729 1168 1798 1207 fibi
1819 1169 1952 1221 displi-

559 1237 680 1274 cere?
712 1238 775 1272 An
797 1244 839 1271 tu
860 1236 937 1271 mei
955 1235 1120 1272 similem
1152 1243 1260 1286 putas
1291 1233 1376 1279 effe,
1405 1243 1469 1272 aut
1489 1235 1561 1280 tui,
1594 1234 1752 1273 Deum?
1784 1233 1954 1287 profecto

563 1314 641 1338 non
661 1309 786 1353 putas.
833 1298 942 1349 Qid
979 1299 1097 1351 ergo?
1129 1299 1246 1337 solem
1278 1299 1421 1343 dicam,
1455 1308 1521 1337 aut
1546 1301 1693 1343 lunam,
1714 1310 1779 1338 aut
1798 1300 1951 1344 caelum,

559 1366 725 1404 Deum?
754 1364 980 1417 ergo‘eti‘am
1000 1364 1153 1402 beatum.
1196 1364 1351 1416 Qibus
1371 1363 1564 1402 fruentem
1594 1364 1885 1416 voluptatibus?
1915 1374 1954 1403 et

548 1432 761 1485 sapientem.
809 1429 891 1480 Q?
921 1429 1042 1481 potest
1068 1428 1138 1466 effe
1171 1429 1212 1467 in
1238 1429 1425 1480 ejusmodi
1454 1437 1591 1466 trunco
1621 1428 1826 1481 sapientia?
1857 1429 1954 1467 Haec

559 1496 680 1534 vestra
699 1497 799 1534 sunt.
831 1495 869 1533 Si
890 1495 1008 1546 igitur
1028 1507 1097 1532 nec
1118 1493 1289 1532 humano
1308 1494 1403 1539 visu,
1420 1494 1525 1546 quod
1542 1493 1656 1532 docui
1673 1511 1684 1538 ς
1708 1506 1777 1531 nec
1797 1493 1862 1531 tali
1882 1494 1953 1532 ali-

557 1575 658 1612 quo,
690 1560 794 1613 quod
825 1559 896 1596 tibi
930 1558 1146 1610 persuasum
1165 1558 1217 1596 est
1232 1578 1244 1603 ;
1275 1559 1370 1611 quid
1396 1559 1547 1597 dubitas
1575 1571 1711 1611 negare
1731 1558 1835 1597 Deos
1854 1558 1956 1597 esse?

564 1625 660 1664 Non
680 1625 807 1662 audes.
841 1623 1034 1675 Sapienter
1059 1622 1099 1660 id
1129 1623 1303 1674 quidem.
1349 1623 1429 1660 Etfi
1461 1622 1535 1661 hoc
1562 1623 1648 1661 loco
1667 1635 1743 1660 non
1764 1623 1953 1675 populum

565 1691 721 1734 metuis,
744 1690 804 1727 sed
820 1688 917 1741 ipsos
935 1689 1052 1727 Deos.
1082 1689 1187 1727 Novi
1207 1702 1278 1741 ego
1297 1689 1505 1741 Epicureos
1525 1689 1656 1726 omnia
1675 1687 1795 1741 sigilla
1814 1702 1953 1727 nume-

566 1764 688 1795 rantes
704 1770 712 1793 :
736 1766 957 1806 quanquam
975 1753 1086 1791 video
1101 1754 1296 1791 nonnullis
1312 1753 1445 1798 videri,
1462 1754 1693 1805 Epicurum,
1711 1767 1756 1791 ne
1773 1754 1811 1791 in
1827 1754 1952 1791 offen-

566 1821 707 1859 fionem
722 1818 1014 1858 Atheniensium
1030 1818 1191 1862 caderet,
1212 1817 1336 1856 verbis
1353 1817 1540 1871 reliquiss‘e
1559 1817 1677 1863 Deos,
1699 1818 1951 1857 re-sustuliffe.

558 1887 761 1939 ltaquein
778 1885 854 1923 illis
876 1884 1016 1922 selectis
1040 1885 1119 1936 ejus
1139 1883 1390 1936 brevibusque
1410 1884 1618 1928 sententiis,
1645 1896 1738 1935 quas
1758 1884 1954 1935 appellatis

568 1947 689 1997 seveiae:
707 1944 811 1999 δόξας,
842 1948 938 1994 haec,
960 1958 1003 1986 ut
1021 1949 1171 2001 opinor,
1192 1949 1316 2002 prima
1335 1949 1516 1987 sententia
1534 1949 1586 1987 est
1600 1967 1613 1994 ,ς
1644 1949 1748 2001 Qod
1762 1948 1900 1987 beatum
1921 1959 1956 1988 et

567 2015 761 2055 immortale
779 2014 836 2066 est,
859 2013 899 2052 id
912 2028 973 2052 nec
991 2013 1110 2058 habet,
1131 2028 1192 2053 nec
1210 2015 1348 2052 exhibet
1368 2015 1542 2067 cuiquam,
1562 2015 1750 2066 negotium.

624 2080 776 2119 XXXI.
796 2080 840 2117 In
861 2078 931 2116 hac
953 2079 1003 2116 ita
1021 2079 1185 2131 exposita
1200 2079 1394 2123 sententia,
1418 2079 1502 2116 sunt
1515 2079 1583 2130 qui
1602 2079 1831 2121 existiment,
1849 2079 1954 2130 quod

569 2146 635 2185 ille
655 2145 804 2183 inscitia
824 2144 934 2196 plane
962 2144 1143 2195 loquendi
1165 2143 1309 2188 fecerit,
1338 2143 1462 2182 fecili‘e
1482 2143 1669 2181 consulto.
1715 2144 1776 2181 De
1797 2142 1954 2181 homine

570 2212 732 2250 minime
763 2208 867 2247 vafro
888 2209 985 2247 male
1005 2210 1232 2248 existimant.
1278 2210 1455 2248 Dubium
1475 2210 1526 2247 est
1557 2209 1676 2253 enim,
1705 2207 1834 2246 utrum
1853 2209 1954 2246 dicat

570 2276 716 2329 aliquid
737 2275 802 2313 iste
820 2275 976 2313 beatum
996 2285 1033 2312 et
1055 2276 1285 2320 immortale,
1316 2288 1376 2320 an,
1408 2275 1432 2313 fi
1454 2275 1557 2327 quod
1578 2275 1621 2313 sit
1638 2274 1806 2319 beatum,
1827 2274 1865 2312 id
1885 2274 1954 2312 esse

571 2340 803 2380 immortale.
827 2340 918 2378 Non
939 2340 1257 2385 animadvertunt,
1286 2339 1349 2378 hic
1362 2353 1451 2378 eum
1468 2340 1647 2392 ambigue
1661 2339 1836 2377 locutum
1856 2338 1949 2384 esse;

573 2406 634 2445 sed
654 2405 787 2444 multis
809 2405 890 2442 aliis
911 2404 1020 2450 locis,
1039 2415 1075 2442 et
1091 2405 1220 2449 illum,
1241 2414 1278 2443 et
1296 2405 1564 2443 Metrodorum
1584 2414 1661 2442 tam
1681 2415 1820 2458 aperte,
1838 2417 1954 2457 quam

575 2472 687 2524 paulo
707 2469 793 2509 ante
814 2478 864 2509 te.
910 2470 981 2508 Ille
1011 2483 1097 2508 vcro
1127 2471 1228 2508 Deos
1247 2471 1318 2509 ess'e
1348 2480 1454 2523 putat
1473 2489 1482 2514 ;
1517 2483 1584 2508 nec
1605 2483 1841 2523 quemquam
1862 2469 1952 2514 vidi,

574 2537 642 2590 qui
663 2537 783 2591 magis
801 2549 858 2583 ea,
889 2536 958 2590 qui
978 2536 1148 2597 timenda
1166 2535 1237 2576 effe
1254 2547 1421 2590 negaret,
1444 2537 1594 2576 timeret
1608 2555 1620 2584 5
1651 2547 1830 2581 mortem,
1850 2535 1951 2579 dico,
