2330 2983
552 225 628 264 268
856 225 1635 268 TUSCULANARUM

591 327 721 365 XLII.
744 326 817 365 Nae
836 339 908 378 ego
926 325 1028 364 haud
1047 326 1163 379 paulo
1182 325 1288 364 hunc
1307 327 1484 366 animum
1503 327 1654 372 malim,
1676 339 1794 380 quam
1809 339 1945 367 eorum

549 393 729 430 omnium
748 391 935 436 fortunas,
966 392 1034 444 qui
1053 392 1100 430 de
1118 390 1194 430 hoc
1218 391 1501 444 judicaverunt.
1561 392 1655 437 Etfi,
1687 392 1792 445 quod
1811 402 1948 446 praeter

550 457 655 494 Deos
689 465 801 508 negat
831 455 924 494 scire
957 470 1210 510 quemquam,
1238 457 1279 496 id
1312 457 1381 496 scit
1410 457 1501 510 ipse,
1531 467 1663 497 utrum
1696 458 1835 497 melius
1866 457 1943 497 fit:

549 535 639 559 nam
660 521 758 560 dixit
777 530 877 559 ante.
924 522 995 559 Sed
1015 522 1127 560 suum
1148 522 1259 568 illud,
1291 522 1391 561 nihil
1414 533 1456 561 ut
1485 524 1663 568 affirmet,
1684 532 1789 562 tenet
1807 523 1854 562 ad
1872 535 1943 562 ex·

549 596 734 626 tremum.
768 587 853 625 Nos
873 597 1003 626 autem
1023 596 1234 633 teneamus,
1257 598 1300 627 ut
1319 587 1416 627 nihil
1439 589 1658 628 censeamus
1686 589 1756 628 effe
1777 589 1943 633 malum,

547 654 653 706 quod
673 654 718 692 s1t
737 667 756 691 a
777 664 909 691 natura
926 654 1059 692 datum
1080 655 1262 693 omnibus
1277 673 1290 699 ς
1316 655 1665 709 intelligamusque,
1685 655 1712 694 fi
1733 668 1837 694 mors
1857 668 1943 693 ma-

548 717 633 756 lum
653 718 711 762 s1t,
746 717 817 756 effe
837 718 1111 770 sempiternum
1131 719 1294 758 malum.
1337 720 1443 758 Nam
1465 721 1551 758 vitae
1570 719 1714 758 miserae
1733 732 1836 758 mors
1855 719 1944 758 finis

546 784 618 822 effe
638 784 788 822 videtur
801 802 814 829 5
846 784 996 829 mortis,
1027 784 1054 822 fi
1084 785 1136 823 est
1155 785 1303 830 misera,
1330 785 1416 823 finis
1437 785 1508 823 effe
1528 785 1659 823 nullus
1677 784 1812 838 potest.
1871 784 1946 822 Sed

546 849 640 901 quid
671 863 742 902 ego
763 850 972 894 Socratem,
1002 860 1067 888 aut
1093 849 1395 895 Theramenem,
1425 850 1638 904 praestantes
1670 851 1771 889 viros
1790 849 1945 889 virtutis

545 924 585 953 et
604 915 792 968 sapientiae
821 915 956 968 gloria,
986 929 1269 962 commemoro,
1304 930 1396 955 cum
1422 916 1737 956 Lacaedemonius
1767 915 1948 969 quidam,

546 981 656 1032 cujus
686 994 734 1019 ne
767 994 909 1020 nomen
928 982 1088 1033 quidem
1117 983 1317 1035 proditum
1339 982 1407 1028 est,
1437 992 1605 1021 mortem
1631 991 1826 1035 tantopere
1845 994 1943 1019 con-

545 1045 755 1098 tempserit,
787 1055 843 1090 ut,
863 1059 958 1084 cum
977 1046 1022 1084 ad
1042 1060 1127 1085 eam
1147 1047 1361 1092 duceretur,
1396 1047 1599 1086 damnatus
1624 1047 1672 1086 ab
1691 1045 1876 1100 Ephoris,
1904 1054 1944 1084 et

545 1110 637 1149 effet
669 1111 780 1150 vultu
813 1110 927 1150 hilari
946 1121 1061 1165 atque
1093 1113 1195 1158 laeto,
1225 1112 1452 1166 dixissetque
1484 1114 1520 1151 ei
1553 1113 1712 1165 quidam
1742 1112 1944 1157 inimicus,

546 1177 790 1230 Contemng'sne
821 1177 909 1230 leges
937 1178 1134 1231 Lycurgi?
1178 1178 1425 1231 responderit,
1455 1179 1535 1232 Ego
1563 1193 1650 1218 vero
1674 1178 1729 1217 illi
1753 1177 1944 1217 maximam

539 1243 704 1294 gratiam
723 1242 843 1286 habeo,
875 1243 939 1295 qui
953 1257 1006 1280 me
1022 1258 1063 1281 ea
1086 1251 1195 1295 poena
1213 1244 1440 1288 multaverit,
1471 1259 1576 1296 quam
1588 1245 1672 1295 stne
1688 1244 1883 1283 mutatione
1906 1251 1942 1281 et

530 1307 612 1358 fine
631 1308 782 1360 vetfitra
793 1307 917 1360 poſjZ’m
946 1306 1137 1360 dsso'lvere.
1188 1309 1226 1348 O
1248 1309 1374 1347 virum
1396 1310 1525 1361 Sparta
1550 1308 1740 1360 dignum!
1769 1317 1813 1346 ut
1842 1306 1947 1346 mihi

543 1373 718 1423 quidem,
749 1374 817 1424 qui
851 1382 931 1411 tam
961 1386 1103 1426 magno
1132 1374 1264 1413 animo
1288 1373 1418 1419 fuerit,
1439 1374 1624 1412 innocens
1651 1373 1852 1413 damnatus
1871 1371 1944 1412 effe

545 1439 728 1477 videatur.

600 1505 715 1542 Tales
749 1505 1045 1543 innumerabiles
1077 1505 1200 1544 nostra
1229 1507 1362 1545 civitas
1394 1506 1498 1545 tulit.
1544 1506 1615 1545 Sed
1645 1506 1740 1559 quid
1760 1506 1876 1545 duces
1904 1514 1947 1544 et

547 1571 739 1623 principes
773 1571 990 1615 nominem,
1020 1584 1112 1609 cum
1146 1572 1314 1624 legiones
1346 1572 1482 1611 scribat
1503 1575 1601 1611 Cato
1631 1572 1726 1625 saepe
1745 1572 1881 1610 alacres
1902 1572 1942 1610 in

543 1650 634 1674 eum
654 1636 784 1674 locum
805 1634 1005 1688 profectas,
1036 1637 1137 1675 unde
1155 1638 1338 1676 redituras
1358 1638 1394 1675 se
1414 1651 1490 1676 non
1511 1638 1779 1676 arbitrarentur
1797 1637 1810 1674 ?
1856 1637 1942 1676 Pari

544 1703 676 1739 animo
696 1701 978 1740 Laced-aemonii
1009 1702 1049 1740 in
1066 1701 1344 1756 Thermopylis
1364 1703 1603 1749 occiderunt,
1634 1703 1674 1742 in
1694 1716 1793 1756 quos
1812 1702 1941 1741 Simo-

545 1767 650 1805 nides
667 1785 679 1812 ς

678 1832 757 1872 Dic
776 1832 891 1885 hospes
911 1833 1071 1885 Spartae,
1092 1847 1153 1873 nos
1169 1843 1205 1872 te
1222 1834 1281 1874 hic
1295 1834 1596 1888 vidfffi·jacentes,

735 1899 840 1937 Dum
843 1898 985 1951 sanc‘lis
997 1899 1138 1950 patriae
1155 1899 1287 1951 legibus
1306 1900 1535 1953 obsequimur.

545 1962 652 2015 Qid
672 1962 735 2000 ille
755 1963 833 2000 dux
855 1962 1045 2001 Leonidas
1065 1963 1161 2002 dicit
1184 1965 1196 2000 ?
1247 1965 1397 2017 Pergite
1431 1965 1546 2003 auimo
1559 1963 1678 2016 sorti,
1712 1963 1940 2004 Lacedaemo·

543 2031 618 2074 nii;
658 2028 755 2067 hodie
771 2028 872 2081 apud
896 2029 1026 2081 itfi’ros
1040 2029 1195 2083 sortaſji’
1213 2031 1436 2069 caenabimus.
1483 2032 1574 2070 Fuit
1596 2029 1676 2068 haec
1695 2043 1788 2082 gens
1813 2029 1940 2074 fortis.

543 2095 640 2133 dum
669 2095 838 2146 Lycurgi
861 2094 960 2147 leges
982 2095 1173 2147 vigebant.
1230 2096 1263 2134 E
1285 2096 1425 2148 quibus
1447 2110 1558 2141 unus,
1589 2109 1681 2134 cum
1704 2095 1828 2133 Perses
1848 2094 1938 2134 hos-

545 2162 592 2198 tis
624 2160 662 2198 in
695 2160 892 2212 colloquio
912 2160 1060 2199 dixisset
1091 2161 1270 2214 glorians,
1303 2163 1428 2200 Solem
1455 2176 1530 2215 prae
1557 2161 1778 2214 jaculorum
1800 2161 1938 2200 multi-

544 2227 678 2264 tudine
712 2236 750 2263 et
784 2225 1003 2278 sagittarum
1041 2241 1116 2265 non
1146 2227 1323 2266 videbitis
1341 2246 1352 2273 ς
1384 2230 1429 2267 In
1464 2228 1604 2272 umbra,
1646 2227 1788 2279 inquit,
1825 2227 1940 2280 igitur

538 2292 791 2345 pugnabimus.
830 2292 942 2329 Viros
963 2306 1243 2332 commemoro.
1281 2294 1416 2345 Qalis
1438 2296 1592 2333 tandem
1615 2292 1803 2333 Lacaena?
1837 2307 1938 2345 quae,

544 2373 635 2396 cum
658 2357 782 2396 filium
805 2358 843 2396 in
866 2358 1039 2411 praelium
1061 2359 1228 2404 milill‘ct,
1258 2370 1296 2398 ct
1324 2360 1568 2399 interfec‘tum
1588 2359 1756 2405 audifl‘et,
1787 2359 1938 2405 Idcirco,

545 2425 686 2476 inquit,
713 2438 920 2476 genueram,
951 2435 991 2463 ut
1012 2425 1088 2479 ‹Jffi‘t
1108 2427 1171 2479 qui
1193 2435 1262 2479 pro
1276 2426 1406 2478 patria
1425 2436 1571 2465 mortem
1591 2441 1657 2465 non
1677 2425 1860 2465 dubitaret
1878 2440 1939 2466 oc·

544 2490 714 2529 cumbere.

600 2556 749 2594 XLIII.
783 2556 901 2596 Esto:
933 2555 1048 2597 fortes
1082 2567 1120 2597 et
1152 2558 1237 2597 duri
1269 2558 1488 2613 Spartiatae:
1521 2572 1702 2613 magnam
1721 2557 1837 2598 habet
1856 2557 1938 2597 vim
