2330 2983
733 220 1009 260 LIBER
1072 221 1434 262 PRIMUS.
1707 226 1782 278 263

385 318 565 373 fugiffet;
610 333 705 365 non,
734 321 906 360 exercitu
937 321 1083 366 amisso,
1118 322 1243 360 nudus
1279 323 1318 361 in
1349 323 1543 362 servorum
1571 322 1716 363 ferrum
1746 335 1784 363 et

386 399 522 424 manus
541 386 729 424 incidiffet
741 405 754 431 ς
785 400 864 425 non
883 387 994 425 liberi
1014 387 1166 433 defleti;
1191 402 1268 427 non
1288 388 1451 428 fortunae
1470 402 1604 428 omnes
1621 403 1641 427 a
1661 391 1784 429 vidro-

386 452 491 490 ribus
511 452 800 504 poffiderentur.
831 452 930 503 Qi,
951 452 976 490 fi
998 461 1165 491 mortem
1194 463 1280 491 tum
1300 454 1448 499 obisset,
1473 455 1513 493 in
1543 456 1783 508 ampliffimis

383 516 550 555 fortunis
580 517 801 563 occidiffet,
831 518 864 556 is
893 517 1166 571 propagatione
1197 519 1284 558 vitae
1317 527 1427 571 quot,
1463 530 1637 573 quantas,
1667 536 1790 574 quam

384 583 630 622 incredibiles
649 582 772 622 haufit
792 584 1025 623 calamitates
1044 585 1057 621 ?

438 649 630 687 XXXVI.
663 650 760 687 Haec
781 659 905 688 morte
923 648 1177 702 effugiuntur,
1212 650 1328 688 etiam
1349 651 1375 689 fi
1397 665 1474 689 non
1494 652 1703 697 evenerint,
1726 661 1786 690 ta-

383 727 475 752 men
494 716 586 767 quia
603 716 758 768 poffunt
776 717 937 755 evenire.
961 717 1031 755 Sed
1051 716 1228 755 homines
1249 730 1291 755 ea
1310 717 1379 755 fibi
1399 717 1568 756 accidere
1585 717 1687 771 poffe
1706 732 1784 757 non

383 781 568 833 cogitant.
591 782 749 820 Metelli
766 782 888 836 sperat
906 783 977 821 fibi
996 783 1158 835 quisque
1178 782 1375 822 fortunam
1394 799 1402 822 :
1426 784 1586 836 proinde
1601 785 1704 836 quafi
1721 795 1786 823 aut

383 847 511 899 plures
531 847 717 887 fortunati
737 849 809 887 sint
842 862 960 902 quam
986 848 1176 894 infelices,
1206 858 1272 887 aut
1305 850 1401 888 certi
1427 850 1643 902 quidquam
1673 851 1718 889 fit
1743 852 1784 889 in

383 913 494 952 rebus
514 913 710 959 humanis,
740 924 806 953 aut
826 916 969 968 sperare
989 915 1033 953 fit
1053 915 1278 968 prudentius
1298 929 1415 968 quam
1437 916 1584 954 timere.
1618 917 1689 955 Sed
1709 916 1784 955 hoc

382 978 510 1030 ipsum
541 980 787 1024 concedatur,
822 981 932 1018 bonis
967 980 1079 1018 rebus
1113 979 1293 1018 homines
1327 989 1452 1019 morte
1484 981 1622 1034 privari
1638 1000 1650 1026 ς
1693 995 1785 1034 ergo

381 1045 498 1082 etiam
516 1058 640 1083 carere
659 1055 833 1084 mortuos
854 1047 941 1084 vitae
960 1047 1192 1091 commodis,
1208 1046 1326 1098 idque
1345 1045 1416 1084 effe
1435 1046 1618 1084 miserum
1635 1048 1647 1084 ?
1671 1049 1784 1086 Certe

381 1109 434 1148 ita
453 1110 581 1149 dicant
600 1110 743 1149 neceffe
762 1111 827 1150 est.
869 1113 935 1150 An
954 1112 1076 1165 potest
1096 1113 1142 1157 is,
1172 1112 1241 1163 qui
1262 1125 1340 1150 non
1360 1111 1426 1156 est,
1457 1125 1496 1149 re
1518 1112 1595 1150 ulla
1624 1127 1748 1152 carere
1763 1114 1784 1151 ,ἒ

382 1176 510 1214 Triste
528 1178 634 1215 enirn
655 1177 707 1215 est
727 1191 869 1216 nomen
889 1178 1017 1231 ipsum
1045 1177 1213 1222 carendi,
1244 1178 1336 1230 quia
1365 1178 1567 1230 subjicitur
1587 1177 1668 1216 haec
1695 1179 1750 1217 vis
1768 1198 1781 1224 ς

381 1241 553 1288 Habuit,
578 1257 658 1281 non
689 1242 805 1282 habet
820 1262 833 1289 ς
865 1243 1059 1288 defiderat,
1090 1243 1268 1295 requirit,
1302 1243 1464 1295 indiget.
1498 1244 1665 1296 Opinor,
1700 1243 1782 1283 haec

381 1308 632 1349 incommoda
655 1310 744 1348 sunt
762 1311 939 1349 carentis.
971 1311 1085 1348 Caret
1104 1310 1242 1354 oculis,
1271 1309 1399 1348 odiosa
1427 1309 1601 1356 caecita55
1634 1310 1781 1356 liberis,

381 1374 537 1414 orbitas.
569 1376 682 1414 Valet
699 1375 775 1414 hoc
806 1375 847 1414 in
866 1375 991 1414 vivis:
1022 1385 1267 1414 mortuorum
1297 1384 1426 1413 autem
1453 1389 1531 1414 non
1551 1377 1669 1414 modo
1694 1377 1782 1415 vitae

381 1442 614 1487 commodis,
635 1442 697 1479 sed
719 1455 766 1480 ne
785 1442 862 1480 vita
882 1441 1040 1494 quidem
1061 1441 1153 1494 ipsa,
1174 1441 1378 1494 quisquam
1397 1451 1511 1479 caret.
1534 1442 1597 1480 De
1617 1443 1781 1481 mortuis

380 1507 533 1560 loquor,
566 1508 633 1560 qui
654 1508 754 1546 nulli
783 1508 884 1546 sunt.
917 1509 1017 1552 Nos,
1047 1508 1117 1559 qui
1136 1507 1283 1552 sumus,
1318 1521 1429 1551 nurn,
1460 1516 1525 1545 aut
1550 1507 1576 1545 fi
1598 1508 1780 1546 cornibus

379 1587 566 1620 caremus,
592 1583 656 1611 aut
675 1574 825 1626 pennis,
847 1574 891 1612 fit
911 1574 980 1625 qui
999 1573 1040 1611 id
1060 1573 1201 1612 dixerit
1219 1574 1233 1611 ?
1265 1574 1379 1612 Certe
1398 1587 1528 1612 nemo.
1561 1574 1670 1625 Qid
1696 1575 1777 1612 ita?

380 1641 484 1693 Qia
498 1654 590 1679 cum
607 1640 647 1678 id
666 1654 744 1679 non
763 1639 915 1685 habeas,
933 1640 1037 1692 quod
1054 1640 1124 1678 tibi
1142 1653 1213 1678 nec
1231 1639 1313 1685 usu,
1330 1654 1399 1679 nec
1417 1650 1549 1678 natura
1564 1640 1608 1679 fit
1628 1651 1787 1694 aptum,

377 1720 456 1746 non
475 1721 611 1753 careas,
632 1707 749 1745 etiam
770 1707 796 1745 fi
817 1707 950 1746 sentias
971 1716 1008 1745 te
1027 1721 1105 1745 non
1125 1706 1279 1745 habere.

433 1775 525 1812 Hoc
544 1774 798 1827 premendum
819 1774 936 1812 etiam
964 1782 1079 1825 atque
1098 1774 1213 1811 etiam
1243 1772 1296 1811 est
1315 1781 1602 1825 argumentum,
1634 1773 1779 1812 confir·

376 1850 483 1879 mato
501 1840 585 1885 illo,
617 1840 663 1878 de
683 1853 774 1892 qu0,
811 1840 836 1878 fi
858 1840 1037 1878 mortales
1058 1840 1179 1878 animi
1199 1839 1300 1884 sunt,
1331 1839 1507 1877 dubitare
1536 1852 1614 1877 non
1643 1839 1775 1892 possu-

378 1921 480 1952 mus,
512 1907 607 1959 quin
629 1916 755 1945 tantus
786 1907 962 1944 interitus
993 1907 1033 1944 in
1054 1915 1177 1944 morte
1197 1906 1256 1950 fit,
1289 1914 1332 1944 ut
1357 1919 1405 1943 ne
1433 1905 1597 1944 minima
1616 1907 1785 1957 quidem-

377 1972 538 2025 suspicio
558 1971 681 2010 sensus
702 1972 952 2024 relinquatur.
982 1972 1073 2010 Hoc
1093 1972 1213 2024 igitur
1232 1971 1352 2024 probe
1367 1971 1534 2009 stabilito
1553 1980 1591 2009 et
1610 1971 1703 2016 fixo,
1724 1972 1776 2009 il-

376 2037 444 2075 lud
463 2037 740 2076 excutiendum
767 2037 832 2082 est,
855 2047 897 2075 ut
917 2037 1069 2082 sciatur,
1100 2037 1194 2089 quid
1219 2037 1263 2075 fit
1284 2037 1434 2081 Carere,
1464 2050 1512 2074 ne
1540 2036 1778 2089 relinquatur

375 2104 524 2156 aliquid
543 2103 677 2142 erroris
698 2104 737 2141 in
758 2104 888 2142 verbo.
921 2105 1057 2142 Carere
1088 2103 1205 2156 igitur
1236 2102 1311 2141 hoc
1342 2102 1542 2155 fignificat,
1572 2115 1681 2154 egere
1715 2116 1785 2147 eo,-

376 2170 481 2221 quod
502 2169 638 2207 habere
659 2169 765 2207 velis.
812 2169 909 2207 Inest
929 2169 1034 2207 enim
1066 2169 1163 2206 velle
1197 2169 1236 2206 in
1269 2169 1455 2213 carend03
1488 2169 1556 2206 nisi
1589 2181 1681 2206 cum
1707 2169 1771 2213 fic,

376 2246 560 2287 tanquam
591 2236 632 2273 in
665 2234 778 2279 febri,
810 2236 965 2279 dicitur,
997 2235 1068 2272 alia
1098 2235 1262 2287 quadam
1284 2234 1439 2272 notione
1465 2235 1583 2272 verbi.
1618 2234 1775 2271 Dicitur

376 2301 481 2337 enim
502 2300 576 2338 alio
607 2300 724 2338 modo
744 2301 858 2338 etiam
880 2302 1029 2345 Carere,
1061 2314 1152 2338 cum
1184 2300 1331 2352 aliquid
1352 2313 1429 2338 non
1450 2299 1602 2343 habeas,
1637 2308 1675 2335 et
1695 2312 1773 2336 non

378 2364 514 2402 habere
536 2374 571 2402 te
593 2365 742 2410 sentias,
775 2367 889 2404 etiam
912 2366 936 2403 fi
963 2367 1001 2403 id
1023 2365 1134 2404 facile
1155 2366 1308 2418 patiare.
1343 2366 1480 2403 Carere
1499 2374 1625 2401 autern
1652 2364 1771 2408 malo,

377 2433 415 2469 id
437 2445 512 2469 non
534 2432 701 2477 dicitur,
733 2446 800 2470 nec
831 2434 936 2470 enim
967 2432 1057 2471 effet
1086 2432 1311 2470 dolendum.
1345 2432 1501 2469 Dicitur
1527 2429 1637 2473 illud,
1668 2429 1772 2467 bono

374 2511 527 2541 carcre;
559 2498 662 2549 quod
695 2498 745 2536 est
775 2499 936 2536 malum.
970 2499 1040 2536 Sed
1070 2512 1117 2536 ne
1148 2499 1257 2535 vivus
1279 2497 1437 2549 quidem
1469 2496 1570 2533 bono
1599 2504 1713 2540 caret,
1744 2495 1781 2533 fi.

377 2577 422 2601 eo
443 2577 518 2601 non
542 2563 699 2616 indiget.
733 2565 802 2603 Sed
824 2565 862 2602 in
884 2565 968 2602 vivo
989 2564 1154 2615 intelligi
1175 2573 1301 2601 tamen
1326 2561 1459 2614 potest,
1482 2574 1599 2614 regno
1617 2574 1768 2607 carere,

457 2630 578 2666 Toxi.
614 2629 664 2666 ΙΙ.
