2330 2983
527 307 610 345 494
791 289 882 328 DE
940 259 1267 326 NATURA
1325 283 1662 323 DEORUM

530 392 577 429 de
597 387 844 431 divinatione,
859 386 904 424 de
924 384 1026 424 fato:
1050 385 1191 437 quibus
1212 384 1257 422 de
1277 383 1550 436 quaestionibus
1572 391 1614 421 tu
1634 381 1794 435 quidem
1814 382 1921 421 stric-

530 457 618 499 tim,
649 453 764 492 nostri
794 460 924 490 autem
954 451 1078 490 multa
1097 450 1217 488 solent
1250 450 1388 488 dicere.
1435 449 1506 488 Sed
1537 449 1583 487 ab
1610 447 1682 487 hac
1702 448 1921 501 quaestione,

529 534 614 573 quae
634 532 737 558 nunc
753 519 792 557 in
812 517 991 556 manibus
1007 517 1073 562 est,
1091 516 1319 569 separantur.
1342 517 1486 567 Qare,
1503 514 1528 553 si
1545 514 1707 559 videtur,
1722 514 1802 552 noli
1817 526 1924 566 agere

529 584 686 624 confuse
700 603 713 630 5
745 593 788 622 ut
806 583 882 622 hoc
901 583 1139 636 explicemus
1159 580 1231 619 hac
1251 581 1520 634 disputatione,
1542 580 1646 633 quod
1667 580 1861 632 quaeritur.

585 651 763 703 Optime,
784 649 913 701 inquit
933 649 1062 686 Cotta.
1098 649 1248 699 Itaque,
1269 647 1454 698 quoniam
1474 655 1637 698 quatuor
1657 645 1698 683 in
1718 654 1841 698 partes
1862 652 1922 682 to-

529 727 610 756 tam
630 716 878 770 quaestionem
895 714 1063 759 divifisti,
1085 714 1132 751 de
1152 713 1351 765 primaque
1367 713 1552 757 diximus,
1568 711 1849 750 confideremus
1867 710 1922 748 se-

530 783 722 828 cundam;
755 795 839 834 quae
860 780 959 819 mihi
980 780 1064 817 talis
1084 779 1234 816 videtur
1253 777 1376 822 fuiss'e,
1394 787 1450 822 ut,
1471 791 1564 815 cum
1584 777 1777 815 ostendere
1793 776 1922 820 velles,

529 849 660 902 quales
689 849 759 887 Dii
785 847 913 891 essent,
944 844 1153 884 ostenderes
1173 843 1301 882 nullos
1322 842 1407 881 effe.
1450 844 1487 881 A
1517 842 1794 881 consuetudine
1819 841 1925 879 enim

528 915 734 952 oculorum
754 913 929 950 animum
945 910 1130 949 abducere
1145 909 1427 948 difficillimum
1443 908 1593 946 dicebas
1611 922 1620 946 ε
1643 906 1719 952 sed,
1733 920 1825 945 cum
1841 906 1926 944 Deo

529 978 629 1017 nihil
650 977 884 1032 praestantius
905 975 1008 1021 effet‚
1038 989 1117 1014 non
1137 974 1354 1018 dubitabas,
1384 974 1479 1026 quin
1501 972 1669 1011 mundus
1696 971 1784 1010 effet
1803 972 1924 1015 Deus,

529 1058 608 1097 quo
627 1042 726 1082 nihil
746 1043 787 1081 in
806 1055 936 1081 rerum
955 1050 1090 1080 natura
1108 1040 1248 1079 melius
1260 1039 1368 1084 esset,
1389 1038 1506 1077 modo
1526 1037 1716 1091 poss‘emus
1736 1050 1826 1075 eum
1842 1037 1925 1074 ani-

529 1119 702 1148 mantem
732 1109 914 1161 cogitare‚
953 1108 1010 1145 vel
1031 1107 1174 1160 potius,
1206 1116 1250 1144 ut
1280 1115 1412 1144 caetera
1441 1104 1578 1150 oculis,
1606 1104 1658 1143 fic
1690 1103 1821 1141 animo
1851 1101 1926 1140 hoc

528 1189 694 1214 cernere.
739 1174 809 1213 Sed
829 1187 921 1211 cum
942 1173 1090 1211 mundo
1109 1185 1222 1224 negas
1243 1171 1457 1223 quidquam
1477 1170 1547 1208 effe
1566 1170 1720 1214 melius,
1750 1168 1844 1221 quid
1864 1168 1925 1206 di-

529 1242 585 1279 cis
606 1241 744 1278 melius
761 1240 774 1276 ?
804 1239 831 1276 fi
853 1237 1068 1291 pulchrius,
1089 1237 1262 1274 assentior
1279 1255 1290 1280 5
1313 1237 1338 1274 fi
1359 1236 1484 1287 aptius
1498 1235 1544 1273 ad
1565 1235 1748 1274 utilitates
1769 1233 1925 1278 nostras,

530 1307 570 1345 id
589 1319 745 1358 quoque
762 1303 960 1342 assentior:
982 1303 1036 1340 fin
1055 1311 1186 1340 autem
1207 1301 1247 1340 id
1267 1301 1378 1345 dicis,
1400 1300 1499 1338 nihil
1521 1301 1592 1338 ess‘e
1611 1301 1759 1338 mundo
1779 1300 1926 1352 sapien-

531 1373 606 1411 tius
620 1391 632 1417 5
665 1371 774 1410 nullo
795 1369 912 1408 modo
938 1368 1088 1422 prorsus
1108 1367 1282 1406 affentior
1299 1382 1308 1405 :
1341 1380 1418 1405 non
1444 1366 1550 1418 quod
1570 1365 1728 1404 difficile
1749 1366 1793 1403 fit
1813 1379 1926 1403 men-

530 1449 611 1478 tem
631 1439 678 1477 ab
698 1438 820 1477 oculis
840 1436 1008 1474 sevocare
1020 1454 1033 1481 ;
1055 1435 1117 1473 sed
1137 1448 1216 1488 quo
1236 1433 1359 1487 magis
1376 1433 1522 1478 sevoco,
1543 1446 1588 1471 eo
1603 1431 1732 1470 minus
1752 1431 1806 1477 id,
1824 1432 1929 1485 quod

531 1514 575 1544 tu
594 1506 664 1550 vis,
688 1503 838 1557 possum
859 1511 989 1541 mente
1012 1500 1350 1555 comprehendere.

586 1571 658 1608 IX.
691 1568 807 1608 Nihil
827 1568 880 1606 est
906 1567 1056 1606 mundo
1090 1567 1231 1605 melius
1262 1567 1302 1604 in
1333 1579 1463 1605 rerum
1484 1573 1640 1610 natura;
1672 1578 1719 1603 ne
1750 1564 1790 1603 in
1822 1565 1930 1603 terris

531 1635 692 1688 quidem
713 1633 806 1672 urbe
827 1632 962 1671 nostra.
1013 1631 1126 1669 Num
1154 1631 1273 1682 igitur
1293 1630 1437 1667 idcirco
1457 1631 1496 1667 in
1520 1631 1612 1667 urbe
1632 1630 1703 1667 effe
1723 1630 1926 1674 rationem,

532 1700 821 1753 cogitationem,
844 1706 1015 1735 mentem
1034 1693 1173 1748 putas?
1195 1704 1273 1740 aut,
1295 1695 1478 1748 quoniam
1500 1708 1576 1732 non
1594 1694 1650 1739 s1t,
1668 1707 1764 1732 num
1785 1694 1930 1733 idcirco

531 1765 721 1804 existimas
752 1762 958 1801 formicam
978 1760 1285 1813 anteponendam
1315 1759 1386 1797 effe
1411 1758 1504 1798 huic
1535 1758 1804 1812 pulcherrimae
1825 1760 1927 1804 urbi,

533 1830 637 1883 quod
657 1830 697 1868 in
719 1829 812 1867 urbe
833 1827 958 1866 sensus
978 1826 1023 1864 sit
1043 1826 1187 1871 nullus,
1222 1826 1262 1863 in
1283 1824 1445 1864 formica
1464 1839 1541 1864 non
1563 1825 1680 1863 modo
1700 1823 1838 1870 sensus,
1867 1824 1929 1862 sed

532 1898 648 1936 etiarn
670 1909 793 1941 mens,
824 1895 932 1939 ratio,
966 1893 1179 1931 memoria?
1210 1892 1351 1930 Videre
1371 1901 1534 1945 oportet,
1567 1891 1698 1935 Balbe,
1733 1890 1828 1942 quid
1859 1891 1930 1929 tibi

533 1962 792 2006 concedatur,
824 1974 901 1998 non
923 1969 959 1996 te
979 1959 1120 2011 ipsum,
1141 1959 1245 2012 quod
1266 1959 1374 2004 velis,
1395 1958 1555 1997 sumere.

590 2029 711 2067 Istum
732 2027 838 2065 enim
859 2026 990 2063 locum
1013 2034 1140 2063 totum
1160 2025 1227 2063 illa
1245 2034 1351 2062 vetus
1374 2025 1544 2062 Zenonis
1565 2023 1702 2067 brevis,
1725 2031 1776 2066 et,
1795 2032 1837 2060 ut
1858 2023 1929 2060 tibi

534 2095 746 2139 videbatur,
777 2102 886 2131 acuta
915 2091 1109 2130 conclusio
1142 2091 1327 2130 dilatavit.
1377 2091 1486 2128 Zeno
1505 2090 1610 2127 enim
1632 2089 1682 2127 ita
1702 2088 1927 2134 concludit;

534 2161 638 2214 Qtod
665 2161 803 2199 ratione
822 2160 956 2203 utitur,
986 2159 1106 2197 melius
1136 2157 1193 2211 cst,
1229 2171 1334 2210 quam
1353 2156 1401 2201 id,
1437 2155 1530 2209 quod
1545 2156 1682 2194 ratione
1701 2168 1768 2193 non
1793 2155 1928 2193 utitur.

535 2228 646 2267 Nihil
659 2236 777 2265 autem
808 2225 932 2263 mundo
962 2225 1080 2263 melius
1092 2243 1103 2269 5
1135 2224 1273 2262 ratione
1298 2223 1414 2275 igitur
1433 2221 1580 2260 mundus
1599 2221 1734 2259 utitur.
1785 2221 1875 2258 Hoc
1905 2220 1931 2258 ίὶ

536 2293 675 2346 placet,
701 2293 782 2343 jam
803 2290 957 2335 efficies,
990 2299 1030 2327 ut
1054 2288 1219 2328 mundus
1240 2289 1388 2341 optime
1420 2287 1564 2325 librum
1597 2286 1718 2338 legere
1744 2285 1928 2323 videatur.

538 2358 707 2396 Zenonis
728 2357 833 2395 enim
855 2355 1020 2407 vestigiis
1052 2354 1125 2393 hoc
1158 2354 1275 2392 modo
1296 2352 1480 2391 rationem
1504 2351 1644 2406 poteris
1672 2351 1928 2396 concludere;

537 2424 654 2476 Qod
676 2424 868 2462 literatum
889 2423 954 2466 est,
976 2421 1014 2459 id
1035 2421 1086 2459 est
1107 2421 1260 2464 melius,
1275 2434 1392 2473 quam
1413 2420 1515 2471 quod
1537 2432 1613 2457 non
1635 2417 1687 2456 est
1707 2418 1900 2456 literatum
1919 2433 1928 2455 :

538 2490 634 2529 nihil
667 2500 793 2528 autem
827 2488 974 2527 mundo
1001 2488 1137 2526 melius
1155 2506 1165 2531 ;
1199 2487 1366 2524 literatus
1398 2486 1515 2538 igitur
1545 2485 1596 2523 cst
1628 2483 1812 2522 mundus.
1856 2483 1930 2521 Isto

537 2556 655 2596 modo
676 2557 790 2594 ctiam
812 2555 984 2599 disertus,
1015 2564 1053 2591 et
1084 2553 1240 2606 quidem
1272 2551 1580 2595 mathematicus,
1610 2550 1791 2594 musicus,
1821 2549 1928 2587 omni

536 2622 701 2676 denique
729 2623 898 2661 doftrina
926 2621 1110 2666 cruditus,
1143 2619 1331 2673 postremo
1364 2617 1613 2671 philosophus
1644 2617 1715 2655 crit
1747 2615 1927 2653 mundus.
