2330 2983
599 300 674 339 170
1022 286 1127 325 DE
1183 284 1576 326 FINIBUS,

592 401 676 439 quae
696 385 936 439 requirebant
955 385 1169 425 orationem
1186 395 1361 426 ornatam
1380 396 1418 426 et
1448 399 1617 440 gravem,
1648 398 1769 439 quam
1786 387 1998 440 magnifice

591 453 676 490 sunt
697 453 797 490 dieta
821 452 870 490 ab
888 451 996 490 illis!
1024 465 1146 504 quam
1165 452 1387 506 splendide!
1418 452 1465 491 de
1488 453 1649 505 justitia,
1681 453 1729 492 de
1748 452 1993 499 fortitudine,

592 518 638 555 dc
656 518 838 562 amicitia,
870 517 915 555 de
934 527 1040 555 aetate
1061 517 1243 570 degenda,
1270 518 1316 556 de
1333 517 1590 571 philosophia,
1617 518 1664 556 de
1691 518 1910 571 capessenda
1929 533 1992 558 re-

590 583 761 637 publica,
791 584 838 622 de
857 584 1121 636 temperantia,
1153 583 1199 622 de
1218 583 1447 623 fortitudine
1465 583 1688 629 hominum,
1709 586 1733 610 ³⁵
1755 586 1780 611 ³⁵
1801 585 1824 610 ἕ
1845 584 1892 623 de
1912 584 1990 637 spi-

592 663 656 688 nas
685 650 926 694 vellentium,
957 659 1001 688 ut
1031 649 1165 694 Stoici,
1195 663 1266 688 nec
1295 649 1371 689 offa
1389 650 1634 695 undantium,
1656 650 1717 689 sed
1745 663 1895 695 eorum,
1921 649 1994 702 qui

590 716 748 768 grandia
779 725 907 754 ornate
939 715 1096 760 vellent,
1126 715 1322 754 enucleate
1350 715 1511 760 minora,
1542 715 1682 754 dicere.
1742 716 1877 768 Itaque
1905 729 1992 768 quae

591 782 679 820 sunt
708 795 842 820 eorum
872 780 1178 820 consolationes?
1208 793 1294 832 quae
1318 779 1628 820 cohortationes?
1661 794 1746 833 quae
1764 782 1883 820 etiam
1902 795 1997 820 mo·—

591 847 671 884 nita
697 855 734 884 et
753 845 922 889 consilia,
952 845 1090 898 scripta
1119 844 1170 884 ad*
1191 844 1364 884 summos
1389 845 1518 883 viros?
1551 846 1651 883 Erat.
1663 845 1771 883 enim
1790 845 1892 898 apud
1910 858 2001 891 eos..

591 921 634 949 ut
655 911 706 948 est
725 924 854 949 rerum
870 909 1037 962 ipsarum
1052 919 1198 955 ruitura,
1214 909 1264 949 fic
1285 909 1439 950 dicendi
1454 910 1689 955 exercitatio,
1703 910 1861 963 duplex.
1884 910 2000 951 Nam.

590 977 782 1030 quidquid
802 976 1001 1029 quaeritur,
1024 976 1065 1015 id
1083 975 1200 1015 habet
1219 985 1284 1015 aut
1302 977 1450 1030 generis
1469 976 1584 1030 ipfius
1605 977 1683 1016 fine
1700 976 1869 1030 personis
1888 985 1994 1015 tem·

590 1043 837 1097 poribusque,
867 1052 932 1081 aut
967 1043 1013 1081 iis
1045 1043 1253 1095 adjunctis,
1278 1042 1373 1082 faeti
1395 1052 1461 1081 aut
1475 1043 1592 1095 juris,
1619 1052 1686 1082 aut
1705 1042 1876 1083 nominiS
1894 1056 1999 1082 con·

590 1109 824 1148 troversiam.
866 1109 971 1162 Ergo
989 1109 1032 1147 in
1051 1119 1215 1162 utroque
1233 1109 1507 1149 exercebamur
1525 1124 1534 1148 ε
1566 1122 1685 1161 eaque
1710 1108 1912 1162 disciplina
1930 1107 1997 1148 ef-

589 1175 683 1216 fecit
704 1184 848 1214 tantam
868 1175 1029 1213 illorum
1048 1184 1212 1227 utroque
1231 1175 1273 1213 in
1291 1188 1429 1228 genere
1447 1175 1604 1214 dicendi
1620 1175 1787 1229 copiam.

644 1243 798 1280 Totum
828 1252 948 1294 genus
979 1239 1056 1279 hoc
1086 1250 1124 1279 et
1146 1241 1269 1286 Zeno,
1299 1251 1336 1279 et
1355 1241 1402 1279 ab
1427 1240 1479 1280 'eo
1501 1241 1572 1294 qui
1589 1240 1692 1285 sunt,
1723 1250 1788 1278 aut
1819 1254 1896 1280 non
1917 1253 1996 1294 po-

590 1315 761 1351 ruerunt,
782 1315 846 1343 aut
867 1305 1088 1350 noluerunt,
1109 1315 1210 1346 cette
1231 1306 1485 1358 reliquerunt.
1508 1307 1745 1358 Qanquam
1764 1305 1910 1359 scripsit
1928 1319 1997 1344 ar·

590 1382 670 1410 tem
691 1370 919 1409 rhetoricam
942 1369 1165 1415 Cleanthes,
1188 1369 1424 1424 Chrysippus
1444 1371 1576 1416 etiam,
1597 1371 1659 1408 sed
1678 1371 1743 1415 fic,
1766 1379 1824 1415 ut,
1855 1371 1883 1409 fi
1903 1371 1994 1423 quis

589 1436 853 1476 obmutescere
887 1436 1128 1490 concupierit
1144 1465 1157 1481 ,
1201 1435 1301 1475 nihil
1340 1437 1445 1475 aliud
1478 1437 1604 1490 legere
1641 1436 1789 1475 debeat.
1856 1437 1992 1489 Itaque

588 1503 708 1547 vides,
739 1516 819 1556 quo
837 1503 955 1541 modo
974 1502 1195 1554 loquantur.
1241 1503 1355 1541 Nova
1373 1503 1488 1541 verba
1506 1502 1660 1556 fingunt
1675 1521 1688 1548 5
1719 1502 1894 1541 deserunt
1914 1502 1993 1540 ufi-

587 1579 677 1608 tata.
710 1571 764 1608 At
785 1577 927 1622 quanta
941 1577 1127 1606 conantur
1146 1569 1158 1606 ?
1189 1568 1384 1607 mundum
1402 1567 1508 1606 hunc
1529 1582 1690 1607 omnem
1709 1568 1900 1623 oppidum
1919 1567 1998 1608 effe

589 1636 774 1675 nostrum.
808 1635 985 1674 Incendit
1010 1635 1130 1687 igitur
1149 1648 1230 1680 eos,
1257 1635 1326 1688 qui
1346 1635 1522 1673 audiunt.
1553 1635 1686 1680 Vides,
1702 1645 1886 1688 quantam
1906 1648 1995 1673 rem

588 1716 674 1756 agas
690 1721 702 1747 3
725 1712 782 1747 ut,
805 1703 950 1741 Circeis
971 1702 1039 1754 qui
1056 1700 1221 1747 habitet,
1241 1711 1370 1740 totum
1390 1701 1496 1740 hunc
1513 1702 1708 1740 mundum
1721 1702 1833 1740 suum
1854 1703 1990 1739 muni-

588 1769 736 1821 cipium
756 1767 828 1806 effe
843 1767 1048 1806 existimet.
1081 1767 1216 1819 Qid?
1250 1767 1315 1805 ille
1334 1768 1512 1806 incendat
1530 1769 1543 1806 ?
1575 1767 1782 1820 restinguet
1801 1767 1932 1811 citius,
1962 1767 1994 1806 si

588 1834 781 1873 ardentem
814 1835 1015 1886 acceperit.
1063 1833 1135 1872 Ista
1159 1833 1249 1887 ipsa,
1278 1847 1363 1886 quae
1384 1843 1426 1872 tu
1448 1834 1625 1879 breviter,
1651 1847 1795 1887 regem,
1824 1833 1989 1872 dist-ato-

587 1915 684 1946 rem,
715 1900 876 1939 divitem
897 1900 1022 1939 solum
1051 1899 1122 1938 esse
1142 1899 1363 1953 sapientem,
1392 1914 1412 1938 a
1443 1910 1479 1939 te
1499 1901 1661 1953 quidem
1681 1909 1767 1954 apte
1786 1913 1830 1938 ac
1851 1909 1991 1938 rotun-

587 1968 659 2005 de:
692 1968 861 2020 quippe;
894 1966 1009 2005 habes
1039 1967 1145 2004 enim
1179 1980 1200 2004 a
1225 1965 1457 2005 rhetoribus.
1506 1967 1670 2006 Illorum
1700 1981 1788 2005 vero
1817 1965 1886 2004 ista
1913 1966 1994 2019 ipsa

589 2047 706 2086 quam
727 2033 841 2071 exilia
859 2034 871 2070 ?
901 2033 962 2071 De
982 2033 1133 2072 virtutis
1147 2033 1200 2077 vi,
1215 2046 1331 2084 quam
1350 2043 1494 2071 tantam
1515 2033 1651 2071 volunt
1665 2028 1750 2077 effe,
1773 2042 1816 2071 ut
1832 2032 1992 2070 beatum

587 2099 709 2153 perse
743 2099 892 2137 efficere
913 2098 1038 2152 poffit,
1071 2108 1263 2151 pungunt,
1297 2099 1398 2151 quali
1419 2099 1574 2143 aculeis,
1612 2097 1989 2151 interrogatiunculis

588 2166 780 2219 angustis;
827 2166 968 2217 quibus
1005 2165 1121 2203 etiam
1154 2166 1221 2218 qui
1257 2165 1517 2210 afl‘cntiuntur,
1564 2164 1661 2204 nihil
1697 2174 1990 2203 commutantur

587 2234 730 2278 animo,
765 2241 803 2270 ct
836 2232 951 2270 iidem
983 2232 1138 2276 abeunt,
1170 2233 1236 2284 qui
1269 2242 1474 2270 venerant:
1509 2246 1563 2269 res
1583 2232 1688 2270 enim
1712 2230 1857 2269 fortaffe
1876 2245 1987 2275 νεῖ-ω,

587 2308 686 2337 certe
718 2311 862 2352 graves,
897 2311 973 2337 non
1005 2299 1056 2336 ita
1078 2300 1298 2343 tractantur,
1330 2308 1371 2337 ut
1402 2298 1557 2342 debent,
1591 2298 1650 2336 sed
1678 2298 1874 2350 aliquanto
1909 2297 1987 2335 mi-

587 2365 732 2404 nutius.

643 2432 712 2470 IV.
745 2431 925 2484 Sequitur
958 2430 1155 2469 disserendi
1183 2430 1288 2476 ratio,
1325 2431 1572 2482 cognitioque
1601 2439 1754 2468 naturae.
1814 2429 1920 2467 Nam
1940 2428 1989 2467 de

589 2497 740 2536 summo
775 2498 877 2536 bono
906 2511 1012 2542 mox,
1048 2507 1089 2535 ut
1109 2497 1206 2540 dixi,
1239 2497 1468 2541 videbimus,
1501 2507 1538 2534 ct
1571 2497 1615 2534 ad
1644 2496 1681 2534 id
1712 2494 1987 2549 explicandum

586 2563 883 2617 disputationem
904 2577 1063 2603 omnem
1083 2561 1342 2602 conferemus.
1376 2563 1418 2601 In
1442 2563 1486 2601 iis
1510 2563 1626 2616 igitur
1647 2561 1816 2616 partibus
1836 2559 1987 2599 duabus
