2330 2983
657 277 930 315 LIBER
987 276 1403 315 TERTIUS.
1644 291 1716 331 301

335 377 462 415 traditi
483 375 626 420 sumus,
649 385 734 414 tum
753 377 805 414 ita
822 377 933 414 variis
960 377 1176 415 imbuimur
1193 377 1396 422 erroribus,
1417 385 1460 414 ut
1479 376 1635 415 vanitati
1653 391 1719 416 ve-

334 443 436 487 ritas,
457 451 495 479 et
513 441 686 493 opinioni
706 442 939 479 confirmatae
958 451 1092 479 natura
1110 442 1200 493 ipsa,
1221 443 1341 480 cedat.

379 508 432 545 ΙΙ.
455 505 659 544 Accedunt
678 507 793 544 etiam
814 515 934 558 poetae
949 523 960 550 3
982 506 1064 557 qui,
1085 518 1177 543 cum
1197 518 1377 557 magnam
1397 507 1560 558 speciem
1577 507 1719 545 doctri-

291 586 300 592 ·
332 584 388 609 nae
409 570 671 622 sapientiaeque
690 584 765 622 prae
785 570 820 608 se
836 571 1019 614 tulerunt,
1037 570 1257 615 audiuntur,
1275 571 1469 623 leguntur,
1488 571 1718 617 ediscuntur,

331 645 369 673 et
388 634 639 674 inhaerescunt
669 636 820 687 penitus
841 636 881 673 in
901 635 1111 674 mentibus.
1152 636 1259 674 Cum
1285 649 1373 674 vero
1392 637 1538 674 accedit
1569 636 1718 681 eodem,

333 701 434 752 quafi
455 701 647 739 maximus
665 700 822 752 quidam
843 701 1032 753 magister,
1063 701 1245 754 populus,
1269 710 1382 753 atque
1403 702 1529 740 omnis
1550 701 1722 753 undique

331 765 376 803 ad
394 765 485 803 vitia
514 765 748 803 consentiens
780 766 1007 810 multitudo,
1029 775 1114 804 tum
1135 766 1246 819 plane
1274 766 1473 805 inficimur
1491 766 1721 819 opinionum

333 831 528 882 pravitate,
559 843 579 867 a
598 839 804 882 naturaque
823 830 1065 869 desciscimus
1082 849 1095 875 ;
1126 841 1169 869 ut
1197 832 1306 870 nobis
1336 832 1524 884 optimam
1546 840 1720 869 naturam

332 895 503 933 invidisse
532 895 742 940 videantur,
776 896 845 947 qui
865 895 962 934 nihil
983 897 1120 934 melius
1146 896 1312 942 homini,
1342 896 1442 934 nihil
1461 896 1583 948 magis
1603 909 1720 948 expe-

331 961 506 1005 tendum,
539 960 637 998 nihil
666 960 898 1013 praestantius
923 961 1150 1008 honoribus,
1182 963 1366 1015 imperiis,
1400 962 1573 1015 populari
1601 962 1722 1014 gloria

325 1025 592 1075 judicaverunt
608 1043 620 1070 ς
651 1025 697 1062 ad
717 1039 833 1076 quam
853 1025 973 1064 fertur
991 1027 1163 1079 optimus
1182 1027 1357 1079 quisque,
1388 1040 1592 1078 veramque
1612 1026 1721 1064 illam

330 1088 566 1127 honestatem
601 1098 794 1141 expetens,
823 1103 939 1141 quam
966 1103 1082 1127 unam
1117 1102 1250 1128 natura
1275 1091 1445 1129 maxime
1470 1090 1646 1142 inquirit,
1679 1091 1720 1127 in

330 1154 478 1192 summa
498 1155 679 1192 inanitate
698 1154 874 1199 versatur,
889 1155 1200 1208 consectaturque
1220 1156 1367 1193 nullam
1385 1156 1618 1193 eminentem
1635 1155 1720 1193 effi-

329 1220 433 1271 giem
453 1220 618 1264 virtutis,
640 1219 699 1257 sed
715 1219 979 1258 adumbratam
997 1221 1207 1272 imaginem
1224 1221 1376 1273 gloriae:
1399 1220 1451 1258 est
1465 1221 1569 1257 enim
1585 1219 1720 1272 gloria,

329 1284 445 1322 solida
459 1285 633 1336 quaedam
655 1297 712 1322 res
733 1294 770 1321 et
789 1285 968 1337 expreffa,
985 1299 1062 1323 non
1079 1286 1315 1324 adumbrata.
1338 1286 1396 1323 Ea
1415 1285 1467 1322 est
1482 1284 1720 1322 consentiens

329 1350 410 1387 laus
443 1351 647 1394 bonorum,
683 1351 903 1402 incorrupta
930 1363 1005 1388 vox
1025 1351 1120 1388 bene
1147 1352 1407 1402 judicantium
1434 1351 1480 1388 de
1509 1349 1720 1388 excellente

328 1416 481 1453 virtute.
506 1416 565 1453 Ea
582 1415 714 1453 virtuti
734 1415 892 1460 resonat,
915 1425 1094 1467 tanquam
1116 1416 1257 1469 imago.
1281 1418 1392 1468 Qae,
1410 1417 1500 1468 quia
1519 1417 1617 1453 recte
1637 1414 1725 1453 fac«

328 1489 457 1519 torum
477 1480 705 1534 plerumque
724 1493 854 1519 comes
874 1481 940 1525 est,
963 1494 1039 1518 non
1059 1481 1111 1519 est
1131 1481 1240 1519 bonis
1261 1482 1350 1519 viris
1370 1480 1614 1532 repudianda.

385 1546 456 1583 Illa
475 1554 618 1590 autem,
648 1559 733 1596 quae
753 1545 788 1582 se
808 1546 892 1596 ejus*
908 1546 1155 1583 imitatricem
1176 1545 1245 1583 effe
1264 1546 1362 1590 vult,
1392 1546 1588 1583 temeraria
1607 1553 1721 1596 atque

330 1609 613 1653 inconfiderata‚
645 1617 683 1646 et
715 1608 942 1660 plerumque
962 1618 1206 1660 peccatorum
1235 1609 1494 1661 vitiorumque
1517 1609 1720 1652 laudatrix,

329 1674 430 1712 fama
449 1674 656 1726 popularis,
687 1673 925 1712 simulatione
958 1673 1160 1712 honestatis
1191 1674 1357 1712 formam
1391 1675 1471 1726 ejus
1497 1673 1719 1726 pulchritu-

327 1740 534 1791 dinemque
553 1739 780 1791 corrumpit.
811 1739 899 1790 Qa
918 1739 1083 1777 caecitate
1098 1739 1289 1783 homines,
1304 1753 1395 1777 cum
1412 1739 1584 1790 quaedam
1601 1739 1718 1776 etiam

326 1805 501 1858 praeclara
531 1813 728 1856 cuperent,
759 1817 877 1856 eaque
911 1804 1096 1841 nescirent
1130 1818 1199 1841 nec
1232 1805 1298 1842 ubi
1330 1817 1399 1842 nec
1426 1803 1553 1855 qualia
1585 1801 1715 1847 essent,

328 1869 503 1907 funditus
523 1870 587 1906 alii
607 1878 822 1906 everterunt
842 1869 921 1906 suas
942 1869 1126 1914 civitates,
1156 1869 1220 1906 alii
1239 1869 1307 1921 ipfi
1327 1869 1550 1906 occiderunt
1567 1883 1576 1906 z
1605 1878 1718 1919 atque

326 1933 369 1972 hi
395 1933 552 1986 quidem
583 1934 730 1986 optima
759 1942 945 1986 petente5‚
980 1946 1056 1971 non
1087 1943 1163 1971 tam
1199 1933 1405 1978 voluntate,
1441 1946 1557 1985 quam
1589 1932 1716 1970 cursus

326 2012 463 2043 errore,
481 1997 681 2036 falluntur.
725 1998 846 2048 Qid‚
869 1999 937 2050 qui
956 1999 1126 2050 pecu'niae
1146 1998 1366 2050 cupiditate,
1389 1999 1455 2050 qui
1475 1997 1718 2050 voluptatum

327 2065 503 2110 libidine,
538 2063 740 2108 feruntur;
771 2077 1014 2116 quorumque
1045 2065 1097 2102 ita
1115 2064 1385 2117 perturbantur
1404 2064 1537 2108 animi,
1571 2073 1613 2101 ut
1639 2077 1717 2100 non

328 2129 501 2168 multum
520 2129 640 2167 absint
660 2130 706 2167 ab
726 2129 880 2173 insania,
902 2129 1004 2180 quod
1026 2129 1290 2181 insipientibus
1311 2129 1502 2181 contingit
1518 2129 1715 2172 omnibus,

328 2195 389 2233 his
409 2194 562 2232 nullane
581 2194 633 2232 est
652 2194 867 2232 adhibenda
886 2195 1058 2232 curatio?
1091 2192 1248 2238 Utrum,
1277 2195 1380 2245 quod
1402 2195 1530 2232 minus
1557 2202 1716 2231 noceant

329 2259 446 2296 animi
467 2259 739 2311 aegrotationes,
761 2271 876 2310 quam
897 2259 1091 2310 corporis?
1114 2272 1173 2303 an,
1191 2259 1295 2311 quod
1314 2271 1470 2311 corpora
1486 2258 1607 2296 curari
1626 2257 1714 2309 pos-

330 2324 416 2367 sint,
437 2324 653 2361 animorum
674 2323 863 2360 medicina
883 2323 987 2361 nulla
1007 2323 1077 2361 fit?

386 2389 459 2426 111.
493 2389 546 2426 At
574 2396 612 2425 et
632 2388 754 2426 morbi
775 2388 1068 2440 perniciofiores,
1101 2388 1300 2440 pluresque
1319 2387 1404 2425 sunt
1432 2387 1563 2430 animi,
1597 2399 1715 2437 quam

331 2452 514 2505 corporis.
559 2453 616 2490 Hi
635 2453 738 2490 enim
760 2453 825 2505 ipsi
846 2453 961 2490 odiosi
984 2452 1081 2497 sunt,
1111 2453 1214 2505 quod
1243 2452 1288 2489 ad
1318 2453 1491 2488 animum
1510 2450 1714 2502 pertinent,

330 2530 496 2570 eumque
517 2517 747 2562 sollicitant,
779 2518 1001 2568 animusque
1021 2531 1128 2569 aeger,
1163 2527 1203 2554 ut
1234 2517 1284 2553 ait
1305 2517 1468 2559 Ennius,
1485 2516 1627 2567 stmper
1654 2529 1714 2552 er-

328 2592 406 2628 rat,
449 2597 556 2636 neque
580 2583 678 2637 pati,
722 2596 829 2635 neque
854 2582 999 2635 perpeti
1025 2582 1135 2635 potss
1152 2600 1164 2626 ;
1213 2589 1338 2633 cupere
1373 2594 1551 2633 nunquam
1579 2579 1722 2631 ιίςβηῐΐ.Δ
