2330 2983
554 269 633 307 206
962 267 1065 306 DE
1152 263 1537 307 FINIBUS

552 366 669 417 quam
691 365 728 403 in
752 365 902 417 optimo
923 364 976 402 sui
996 365 1144 417 generis
1164 363 1284 404 statu:
1307 373 1353 404 ut
1370 364 1514 404 neceffe
1529 364 1588 410 fit,
1603 364 1785 403 omnium
1806 376 1950 408 rerum,

551 442 636 482 qua:
658 431 789 468 natura
808 431 974 483 vigeant,
1004 430 1169 469 similem
1189 431 1260 470 effe
1278 431 1411 477 finem,
1443 444 1520 470 non
1555 431 1738 470 eundem.
1776 430 1839 469 Ex
1871 443 1952 483 quo

551 497 716 550 intelligi
736 496 862 542 debet,
892 496 1045 535 homini
1065 497 1105 536 id
1125 497 1196 536 effe
1217 498 1257 536 in
1278 498 1388 537 bonis
1407 499 1608 544 ultimum,
1639 497 1848 537 fecundum
1880 510 1948 535 na-

553 572 678 601 turam
699 563 822 601 vivere
838 581 849 608 ;
880 563 984 616 quod
1005 563 1056 601 ita
1086 564 1396 617 interpretemur,
1418 565 1542 603 vivere
1560 577 1608 603 ex
1627 563 1799 602 hominis
1820 573 1956 602 natura.

552 629 723 682 undique
744 627 907 683 perfesta
925 638 964 667 et
984 628 1081 668 nihil
1102 631 1331 683 requirente.
1364 631 1462 669 Haec
1482 631 1601 683 igitur
1619 630 1730 669 nobis
1749 629 1949 683 explican-

554 696 600 733 da
619 695 731 734 sunt:
764 695 841 741 sed,
862 696 886 734 fi
907 697 1120 741 enodatius,
1151 710 1216 735 vos
1237 697 1456 750 ignoscetis,
1487 697 1621 749 Hujus
1651 697 1756 735 enim
1781 696 1896 742 aetati,
1914 704 1953 733 et

552 761 645 800 huic
666 775 769 800 nunc
801 761 876 800 hoc
904 763 1078 815 primum
1113 762 1263 801 fortasse
1286 763 1471 808 audienti,
1507 763 1642 801 servire
1661 763 1861 800 debemus.
1894 762 1952 800 Ita

551 827 716 880 prorsus,
737 828 911 880 inquam.
973 828 1051 866 Etsi
1070 841 1113 866 ea
1140 829 1314 880 quidem,
1345 842 1431 881 quae
1450 827 1577 867 adhuc
1595 828 1739 872 dixisti,
1773 827 1954 880 quamvis

552 893 598 931 ad
618 902 768 932 aetatem
789 895 888 931 reste
907 893 977 931 isto
999 894 1117 932 modo
1136 893 1366 932 dicerentur.

606 959 659 998 X.
682 959 865 1012 Expofita
884 959 1016 1012 igitur,
1037 960 1179 1012 inquit,
1202 960 1470 999 terminatione
1490 973 1617 998 rerum
1637 959 1954 1012 expetendarum,

551 1038 620 1063 cur
641 1025 707 1063 ista
726 1025 762 1063 se
782 1037 839 1063 res
869 1025 922 1062 ita
941 1024 1093 1071 habeat,
1124 1035 1167 1064 ut
1186 1026 1285 1071 dixi,
1312 1026 1494 1079 deinceps
1515 1025 1856 1064 demonstrandum
1884 1025 1950 1063 est.

551 1091 819 1142 Qamobrem
848 1091 1044 1130 ordiamur
1072 1092 1120 1130 ab
1148 1106 1207 1137 eo,
1237 1092 1344 1144 quod
1376 1092 1550 1145 primum
1570 1092 1695 1146 posui,
1721 1091 1826 1144 quod
1845 1091 1953 1130 idem

551 1158 676 1211 reapse
706 1158 880 1211 primum
913 1158 980 1204 est,
1016 1167 1060 1197 ut
1092 1158 1370 1212 intelligamus,
1401 1172 1517 1197 omne
1542 1159 1684 1197 animal
1705 1157 1869 1211 seipsum
1887 1157 1951 1196 di-

549 1223 680 1276 ligere.
712 1223 832 1275 Qod
851 1237 1074 1276 quanquam
1093 1224 1377 1263 dubitationem
1396 1238 1473 1263 non
1493 1223 1624 1270 habet,
1657 1224 1727 1276 (est
1747 1225 1853 1262 enim
1887 1224 1951 1262 in-

550 1289 674 1329 fixum
694 1291 735 1328 in
754 1289 831 1343 ipsa
851 1298 995 1336 natura,
1016 1290 1358 1344 comprehenditur
1377 1291 1451 1330 suis
1471 1291 1657 1345 cujusque
1677 1291 1858 1337 sensibus,
1884 1291 1952 1336 fic,

550 1365 606 1401 ut,
627 1365 760 1395 contra
780 1355 806 1394 fi
826 1356 912 1408 quis
932 1355 1056 1394 dicere
1075 1356 1181 1402 velit,
1199 1370 1277 1395 non
1297 1357 1488 1409 audiatur)
1512 1366 1658 1402 tamen,
1678 1370 1725 1395 ne
1742 1357 1837 1409 quid
1852 1369 1952 1409 prae-

550 1423 824 1466 terminamus,
856 1422 1018 1460 rationes
1048 1435 1218 1475 quoque,
1251 1422 1416 1461 cur·hoc
1446 1424 1499 1461 ita
1518 1423 1579 1468 fit,
1606 1422 1812 1461 afferendas
1840 1432 1951 1476 puto.

550 1488 630 1527 Etfi
652 1489 720 1541 qui
739 1487 861 1541 potest
886 1488 1052 1541 intelligi
1078 1497 1143 1526 aut
1173 1489 1351 1541 cogitari,
1378 1488 1450 1526 effe
1479 1488 1637 1541 aliquod
1657 1488 1816 1534 animal,
1846 1489 1954 1542 quod

551 1554 586 1592 fe
605 1554 727 1592 oderit
746 1555 759 1591 ?
791 1554 869 1591 Res
899 1553 1004 1591 enim
1027 1563 1257 1592 concurrent
1275 1555 1486 1592 contrariae.
1518 1554 1625 1592 Nam
1646 1567 1738 1593 cum
1758 1555 1953 1607 appetitus

551 1621 615 1658 ille
636 1621 756 1658 animi
776 1619 924 1671 aliquid
943 1619 989 1657 ad
1009 1619 1044 1657 se
1062 1618 1210 1658 trahere
1230 1621 1389 1673 coeperit
1409 1619 1601 1665 consulto,
1626 1620 1732 1672 quod
1752 1621 1820 1658 fibi
1841 1621 1959 1666 obsit,

548 1687 638 1739 quia
658 1686 700 1724 sit
722 1686 790 1724 fibi
809 1685 1017 1730 inimicus;
1049 1698 1141 1723 cum
1174 1685 1212 1724 id
1237 1685 1300 1723 sua
1330 1685 1440 1724 causa
1459 1684 1597 1730 faciet;
1628 1695 1667 1724 et
1692 1685 1815 1724 oderit
1834 1685 1882 1729 se,
1914 1696 1952 1724 et

550 1752 661 1790 fimul
693 1751 827 1804 diliget
845 1765 854 1789 :
897 1752 1002 1803 quod
1031 1750 1113 1789 fieri
1141 1765 1218 1790 non
1251 1752 1385 1805 potest.
1431 1752 1590 1791 Necesse
1621 1752 1674 1790 est
1708 1752 1882 1804 quidem,
1925 1752 1951 1790 fi

549 1820 634 1871 quis
666 1817 821 1871 sibiipsi
856 1816 1038 1856 inimicus
1072 1817 1139 1863 est,
1169 1831 1274 1863 eum,
1303 1832 1390 1872 quae
1420 1819 1520 1857 bona
1540 1818 1641 1864 sunt,
1672 1818 1772 1857 mala
1789 1827 1950 1871 putare;

548 1887 648 1925 bona
667 1884 813 1930 contra,
831 1898 917 1937 quae
937 1884 1037 1923 mala
1058 1900 1067 1924 :
1098 1894 1150 1930 et,
1170 1899 1255 1938 quae
1274 1886 1499 1940 appetenda,
1521 1885 1653 1940 fugere
1669 1904 1682 1931 ;
1713 1895 1764 1931 et,
1783 1900 1868 1939 quae
1887 1885 1952 1924 fu-

548 1953 698 2005 gienda,
720 1960 917 2004 appetere:
950 1965 1034 2003 quae
1051 1951 1126 1989 sine
1145 1951 1266 1990 dubio
1285 1953 1372 1991 vitae
1391 1953 1478 1991 sunt
1497 1953 1649 1992 eversio.
1672 1952 1812 2006 Neque
1830 1953 1952 1998 enim,

550 2019 575 2057 fi
595 2018 772 2057 nonnulli
793 2017 1048 2070 reperiuntur,
1071 2017 1138 2069 qui
1159 2026 1223 2055 aut
1254 2018 1426 2070 laqueos,
1456 2027 1522 2056 aut
1541 2018 1614 2056 alia
1633 2019 1749 2057 exitia
1768 2029 1953 2071 quaerant,

550 2095 628 2129 aut,
660 2095 702 2122 ut
723 2083 788 2121 ille
806 2082 907 2136 apud
928 2083 1175 2128 Terentium,
1197 2083 1264 2136 qui
1285 2084 1451 2123 decrevit
1472 2084 1648 2138 tantisper
1658 2086 1704 2138 se
1721 2084 1837 2122 minus
1855 2084 1952 2136 inju—

551 2153 692 2205 ricestm
706 2150 967 2205 gnatofizcere,
1000 2160 1043 2189 ut
1063 2151 1113 2189 ait
1135 2150 1225 2204 ipse,
1255 2151 1336 2191 dum
1341 2152 1420 2205 fiat
1439 2153 1554 2206 mfir,
1576 2152 1758 2191 inimicus
1786 2151 1864 2205 ipse
1884 2152 1953 2190 fibi

549 2214 739 2271 putandu‘s
759 2217 824 2256 cst.

583 2285 654 2322 Sed
676 2285 738 2322 alii
760 2283 889 2322 dolore
911 2293 1127 2329 moventur,
1145 2284 1208 2322 alii
1229 2285 1464 2337 cupiditate:
1488 2285 1682 2324 iracundia
1699 2285 1816 2323 etiam
1837 2284 1952 2323 multi

550 2350 783 2395 efferuntur,
805 2359 842 2388 et
862 2363 953 2388 cum
976 2351 1014 2388 in
1037 2350 1134 2388 mala
1153 2350 1308 2389 scientes
1329 2352 1494 2396 irruunt,
1512 2361 1639 2391 tamen
1658 2352 1692 2390 se
1713 2352 1862 2405 optime
1884 2351 1951 2389 fibi

550 2417 743 2455 consuler<-
764 2417 995 2455 arbitrantur
1013 2432 1021 2454 z
1055 2417 1182 2469 itaque
1203 2417 1352 2462 dicunt,
1376 2432 1444 2456 nec
1464 2418 1658 2463 dubitant,

689 2485 849 2536 Mihistc
869 2485 947 2538 usits
967 2484 1012 2537 est
1023 2500 1036 2523 .·
1067 2484 1137 2522 tibi
1153 2494 1193 2522 ut
1213 2494 1298 2537 opus
1317 2485 1488 2538 sslijo,
1504 2486 1608 2538 juce.

556 2551 683 2593 Velut,
705 2552 772 2602 qui
795 2551 860 2603 ipsi
884 2551 949 2589 libi
972 2550 1118 2589 bellum
1151 2550 1381 2596 indixissent,
1413 2553 1574 2590 cruciari
1595 2552 1688 2597 dies,
1722 2553 1848 2589 nostes
1871 2559 1948 2587 tor-

551 2619 672 2670 queri,
704 2617 843 2656 vellent
862 2636 873 2662 5
917 2632 984 2656 nec
1022 2632 1109 2656 vcro
1144 2616 1214 2656 sese
1247 2618 1311 2671 ipsi
1343 2618 1558 2658 accusarent
1588 2619 1639 2658 ob
1673 2631 1756 2657 eam
1783 2616 1948 2660 caulium,
