2330 2983
542 289 588 317 12
864 274 927 312 M.
985 265 1618 311 T.CICERONIS

536 368 700 412 videtur,
723 366 796 405 tale
815 365 941 404 dicam
958 364 1042 409 effe,
1060 363 1171 416 quale
1191 362 1374 400 videatur.
1418 359 1609 412 Epicurus
1631 355 1708 395 hoc
1723 354 1873 400 viderit,
1893 361 1934 394 et

539 434 664 473 multa
682 434 766 471 alia.
799 433 895 470 Meo
909 440 1040 469 autem
1052 430 1201 482 judicio
1220 429 1271 466 ita
1290 427 1343 465 est
1362 427 1531 465 maxima
1545 425 1585 463 in
1601 422 1767 462 sensibus
1783 421 1936 466 veritas,

539 500 567 538 fi
586 509 624 538 et
645 499 722 537 sani
741 498 841 542 sunt,
863 506 900 535 et
919 497 1099 540 valentes,
1123 504 1161 532 et
1180 494 1312 532 omnia
1331 500 1588 535 removentur,
1622 502 1706 542 quae
1726 488 1877 526 obstant
1895 495 1936 525 et

539 564 771 617 impediunt.
795 564 928 614 Itaque
947 572 985 600 et
1003 561 1136 599 lumen
1157 559 1296 598 mutari
1317 558 1411 610 saepe
1429 557 1624 600 volumus,
1641 564 1679 592 et
1698 554 1789 592 situs
1804 565 1936 591 earum

541 643 685 674 rerum,
702 642 794 681 quas
808 628 1028 671 intuemur,
1049 635 1088 664 et
1104 624 1301 663 intervalla
1320 632 1384 661 aut
1404 620 1683 664 contrahimus,
1696 627 1762 657 aut
1781 617 1938 656 diduci-

541 709 655 740 mus,
677 694 877 745 multaque
897 691 1060 731 facimus
1074 691 1192 743 usque
1211 704 1270 734 eo,
1290 690 1386 728 dum
1404 688 1572 741 aspectus
1592 686 1670 739 ipse
1685 685 1802 724 fidem
1821 683 1937 722 faciat

543 761 599 799 sui
613 760 766 812 judicii.
799 758 918 810 Qod
937 758 1043 795 idem
1061 756 1105 794 fit
1124 757 1168 794 in
1183 755 1357 798 vocibus,
1372 755 1411 792 in
1431 753 1561 797 odore,
1573 752 1612 790 in
1629 751 1756 803 sapore
1768 768 1782 795 ς
1802 759 1846 787 ut
1865 761 1941 787 ne-

543 839 610 864 mo
629 826 674 864 sit
693 824 878 867 nostrum,
910 823 979 874 qui
998 835 1073 859 non
1095 821 1134 858 in
1155 820 1319 858 sensibus
1340 819 1396 857 sui
1415 817 1598 869 cujusque
1617 816 1766 868 generis
1788 813 1940 867 judici-

543 905 612 930 um
632 890 798 942 requirat
816 888 958 926 acrius.
998 884 1188 924 Adhibita
1202 897 1292 922 vero
1311 883 1587 922 exercitatione
1600 889 1638 919 et
1657 888 1749 924 arte,
1770 887 1814 917 ut
1833 877 1942 917 oculi

538 957 687 1010 pictura
706 963 917 998 teneantur,
938 961 977 990 et
993 965 1098 990 aures
1118 951 1307 994 cantibus,
1329 949 1415 1002 quis
1435 947 1501 993 est,
1519 948 1613 1000 quin
1633 954 1776 990 cernat,
1797 952 1944 997 quanta.

526 1023 599 1061 ‘vis
620 1022 664 1060 fit
683 1021 723 1059 in
742 1019 906 1058 senfibus
924 1019 938 1055 ?
969 1019 1101 1070 Qam
1121 1016 1245 1054 multa
1263 1015 1394 1054 vident
1424 1005 1584 1068 pie‘iores
1605 1013 1645 1050 in
1664 1011 1812 1050 umbris
1832 1019 1871 1047 et
1896 1009 1938 1047 in

543 1087 766 1131 eminentia,
779 1098 865 1138 quae
883 1097 952 1122 nos
973 1097 1050 1121 non
1069 1082 1245 1120 videmus
1261 1081 1274 1118 ?
1292 1082 1423 1132 Qam
1440 1079 1576 1123 multa,
1593 1091 1677 1131 quae
1693 1090 1761 1115 nos
1780 1075 1943 1129 fugiunt

544 1153 585 1191 in
608 1162 737 1198 cantu,
758 1149 967 1190 exaudiunt
985 1149 1025 1186 in
1045 1147 1120 1186 hoc
1150 1161 1287 1200 genere
1317 1145 1539 1185 exercitati?
1570 1145 1638 1197 qui
1659 1143 1787 1197 primo
1805 1140 1940 1180 inflatu

545 1218 720 1257 tibicinis
748 1217 961 1269 Antiopam
990 1213 1060 1252 effe
1079 1213 1201 1258 aiunt,
1228 1222 1293 1250 aut
1323 1209 1653 1254 Andromacham,
1677 1222 1769 1247 cum
1799 1207 1840 1245 id
1871 1218 1944 1244 nos

546 1296 593 1321 ne
613 1283 846 1337 suspicemur
866 1280 1038 1334 quidem.
1097 1277 1214 1318 Nihil
1236 1277 1376 1316 necesse
1395 1277 1448 1315 est
1481 1276 1527 1314 de
1546 1275 1696 1328 gustatu
1723 1283 1762 1312 et
1781 1273 1942 1312 odoratu

545 1348 654 1402 loqui
669 1367 682 1393 3
703 1349 744 1386 in
763 1346 905 1400 quibus
925 1343 1193 1396 intelligentia,
1214 1343 1279 1380 etsi
1298 1341 1445 1386 vitiosa,
1462 1341 1514 1379 est
1533 1340 1707 1393 quaedam
1727 1349 1869 1377 tamen.

601 1413 710 1466 Qid
739 1412 786 1451 de
818 1412 936 1455 tactu,
973 1418 1011 1448 et
1039 1423 1084 1447 eo
1113 1408 1287 1461 quidem,
1313 1420 1432 1460 quem
1462 1403 1683 1459 philosophi
1718 1403 1943 1442 interiorem

544 1488 696 1524 vocant,
726 1487 792 1516 aut
824 1477 980 1521 doloris,
1010 1484 1075 1513 aut
1094 1474 1316 1526 voluptatis,
1347 1473 1387 1510 in
1419 1485 1498 1524 quo
1517 1470 1719 1522 Cyrenaici
1752 1468 1832 1508 solo
1866 1481 1942 1522 pu-

546 1553 629 1584 tant
647 1544 726 1582 veri
745 1542 816 1581 effe
830 1541 1042 1595 judicium,
1064 1540 1155 1592 quia
1173 1539 1370 1577 sentiatur.
1405 1536 1580 1576 Potestne
1599 1536 1719 1589 igitur
1738 1534 1947 1588 quisquam

547 1611 686 1655 dicere,
717 1609 816 1647 inter
835 1621 925 1646 eum
954 1606 1021 1659 qui
1055 1605 1195 1650 doleat,
1225 1614 1262 1642 et
1282 1604 1381 1642 inter
1399 1616 1488 1641 eum
1509 1603 1577 1655 qui
1596 1602 1637 1640 in
1657 1601 1852 1654 voluptate
1882 1599 1945 1644 fit,

546 1675 647 1715 nihil
668 1673 837 1713 interesse
854 1674 867 1711 ?
898 1681 977 1717 aut,
1011 1672 1063 1709 ita
1082 1671 1151 1724 qui
1170 1670 1318 1714 sentiat,
1340 1683 1416 1707 non
1436 1667 1664 1722 apertiffime
1681 1667 1840 1706 insaniat
1857 1667 1870 1704 ?

601 1741 726 1792 Atqui
747 1739 874 1792 qualia
892 1738 979 1777 sunt
998 1736 1096 1782 haee,
1116 1750 1201 1789 quae
1216 1735 1381 1774 sensibus
1399 1734 1546 1788 percipi
1561 1733 1728 1772 dicimus
1742 1751 1753 1778 5
1776 1733 1865 1771 talia
1885 1732 1944 1771 se-

547 1815 720 1860 quuntur
738 1818 794 1849 ea,
810 1818 894 1857 quae
914 1817 991 1842 non
1011 1802 1176 1841 sensibus
1196 1801 1282 1854 ipsis
1303 1801 1448 1855 percipi
1467 1800 1665 1845 dicuntur,
1691 1799 1755 1837 sed
1773 1799 1948 1851 quodam

548 1872 665 1910 modo
699 1869 891 1909 sensibus:
923 1878 966 1907 ut
992 1867 1097 1912 haec3
1129 1867 1233 1906 Illud
1252 1867 1304 1905 est
1323 1866 1472 1911 album,
1501 1864 1577 1904 hoc
1598 1865 1726 1910 dulce,
1758 1877 1949 1903 canorum.

548 1937 658 1982 illud,
680 1935 756 1974 hoe
787 1935 883 1973 bene
911 1935 1031 1979 olens,
1062 1932 1136 1971 hoc
1157 1933 1345 1986 asperum.
1403 1932 1550 1970 Animo
1564 1932 1646 1984 jam
1666 1930 1748 1969 haec
1768 1940 1949 1969 tenemus

547 2001 834 2055 comprehensa,
866 2014 943 2039 non
973 1999 1152 2038 sensibus.
1212 1998 1282 2036 Ille
1302 1998 1480 2051 deinceps
1510 2010 1631 2050 equus
1651 1997 1716 2042 est,
1738 1996 1804 2034 ille
1823 1997 1945 2034 canis.

549 2069 694 2107 Caetera
714 2067 821 2106 series
842 2066 978 2105 deinde
999 2065 1180 2118 sequitur,
1207 2065 1348 2116 majora
1369 2066 1518 2102 nectens
1534 2082 1544 2108 ς
1574 2073 1617 2101 ut
1636 2061 1718 2101 haec
1738 2076 1824 2115 quae
1841 2062 1946 2114 quasi

548 2134 741 2187 expletam
762 2146 890 2170 rerum
925 2130 1303 2184 comprehensionem
1333 2130 1631 2183 amplectuntur,
1663 2129 1700 2167 Si
1727 2128 1848 2167 homo
1875 2128 1950 2173 est,

547 2199 688 2237 animal
706 2198 771 2244 est,
802 2198 974 2242 mortale,
999 2197 1152 2235 rationis
1173 2197 1374 2249 particeps.
1426 2197 1518 2248 Qo
1543 2208 1563 2232 e
1583 2208 1719 2248 genere
1740 2195 1850 2232 nobis
1872 2208 1944 2232 no-

549 2265 642 2303 titiae
663 2277 790 2302 rerum
813 2263 1118 2315 imprimuntur;
1151 2262 1224 2300 sine
1251 2261 1393 2314 quibus
1425 2274 1494 2299 nec
1514 2260 1683 2313 intelligi
1715 2259 1948 2312 quidquam,

551 2343 617 2367 nec
639 2329 757 2381 quaeri
777 2338 841 2366 aut
861 2327 1055 2380 disputari,
1074 2327 1208 2380 potest.

604 2395 722 2447 Qod
742 2394 766 2432 si
787 2393 900 2432 essent
922 2393 1020 2432 falsae
1041 2394 1201 2437 notitiae,
1234 2389 1359 2443 (imm
1388 2392 1493 2431 enim
1514 2392 1668 2430 notitias
1689 2391 1876 2444 appellare
1903 2401 1951 2430 tu

549 2459 741 2510 videbare)
775 2460 798 2497 fi
820 2459 937 2513 igitur
956 2459 1071 2497 effent
1102 2458 1160 2497 hae
1182 2457 1295 2502 salsius,
1324 2468 1388 2496 aut
1418 2458 1606 2510 ejusmodi
1632 2457 1717 2495 visis
1747 2455 1950 2510 impressae,

550 2525 678 2577 qualia
697 2525 770 2563 visa
790 2539 809 2563 a
829 2525 928 2563 falsis
957 2524 1116 2563 discerni
1148 2538 1226 2562 non
1259 2523 1403 2577 poll‘ent
1422 2542 1431 2569 ς
1463 2537 1542 2576 quo
1564 2523 1717 2562 tandem
1739 2522 1798 2561 his
1828 2522 1954 2560 modo

553 2591 774 2630 uteremur?
798 2592 1008 2644 Qomodo
1028 2601 1172 2636 autem,
1190 2590 1285 2643 quid
1305 2591 1446 2643 cuique
1467 2591 1519 2629 rei
1534 2590 1829 2630 consentaneum
1842 2587 1950 2634 effct,
