2330 2983
623 227 898 268 LIBER
962 227 1319 267 PRIMUS.
1595 238 1666 276 335

278 329 443 368 nostram
463 327 509 366 ad
528 335 693 372 aetatem,
724 334 767 365 ut
787 339 864 364 non
892 326 1078 371 multum,
1109 334 1174 364 aut
1194 324 1293 364 nihil
1314 325 1490 369 omnino,
1523 324 1667 361 Graecis

274 395 487 432 cederetur.
530 390 776 444 Philosophia
789 390 912 442 jacuit
938 391 1054 442 usque
1076 391 1121 428 ad
1142 389 1240 428 hanc
1260 400 1424 434 aetatem,
1453 403 1520 427 nec
1541 389 1666 427 ullum

277 458 413 496 habuit
432 457 566 495 lumen
586 457 781 495 literarum
800 456 1025 493 Latinarum
1037 472 1050 499 ς
1072 468 1156 506 quae
1176 455 1394 492 illustranda
1413 464 1451 492 et
1470 455 1668 493 excitanda

275 523 386 561 nobis
406 522 471 567 est,
494 531 550 567 ut,
583 521 609 559 fi
629 521 806 573 occupati
826 519 1044 573 profuimus
1062 520 1209 572 aliquid
1238 519 1387 558 civibus
1408 519 1556 564 nostris,
1578 534 1666 572 pro-

275 588 391 626 fimus
411 589 542 631 etiam,
565 587 590 624 fi
610 586 820 639 possumus,
840 586 963 624 otiofi.

330 655 376 692 In
397 667 474 706 quo
493 652 538 691 eb
557 653 679 705 magis
699 653 810 691 nobis
829 651 882 690 est
904 652 1192 696 elaborandum,
1223 651 1327 703 quod
1359 651 1475 689 multi
1496 652 1579 703 jam
1597 651 1669 689 effe

275 720 406 758 Latini
425 720 516 758 libri
535 719 717 757 dicuntur
736 718 867 772 scripti
885 718 1158 757 inconsiderate
1171 718 1218 755 ab
1237 718 1397 769 optimis
1412 717 1488 755 illis
1509 718 1667 770 quidem

274 787 380 831 viris,
407 786 469 824 sed
488 800 565 824 non
585 785 669 824 satis
689 785 862 823 eruditis.
912 785 1015 824 Fieri
1043 794 1173 823 autem
1206 783 1341 836 potest,
1375 793 1419 822 ut
1450 786 1547 822 reete
1581 784 1667 836 quis

275 851 422 896 sentiat,
443 861 481 890 et
501 852 554 897 id,
577 852 681 903 quod
700 850 826 896 sentit,
858 850 977 904 polite
995 851 1126 903 eloqui
1146 863 1222 890 non
1243 849 1367 904 poffit.
1400 851 1471 889 Sed
1490 851 1668 889 mandare

275 930 515 970 quemquam
536 917 653 955 literis
687 917 938 969 cogitationes
958 918 1053 962 suas,
1089 918 1158 969 qui
1177 931 1238 955 eas
1258 931 1328 955 nec
1354 916 1565 969 disponere,
1598 930 1667 954 nec

274 982 458 1020 illustrare
476 981 601 1034 poffit‚
619 995 690 1019 nec
710 981 957 1020 delectatione
975 982 1103 1034 aliqua
1121 981 1272 1019 allicere
1287 982 1483 1025 lectorem,
1497 979 1668 1019 hominis

274 1047 327 1085 est
345 1048 641 1100 intemperanter
659 1047 852 1085 abutentis
871 1056 910 1084 et
929 1047 1023 1091 otio,
1049 1056 1088 1085 et
1106 1047 1240 1084 literis.
1290 1047 1426 1098 Itaque
1445 1046 1530 1084 suos
1550 1047 1668 1085 libros

273 1112 341 1165 ipfi
361 1113 496 1165 legunt
515 1125 608 1150 cum
627 1112 717 1157 suis,
738 1125 808 1150 nec
828 1112 1029 1165 quisquam
1049 1112 1218 1164 attingit,
1240 1121 1374 1164 praeter
1391 1125 1470 1157 eos,
1491 1112 1558 1164 qui
1577 1125 1667 1151 ean-

275 1177 364 1215 dem
384 1177 581 1215 licentiam
601 1177 791 1215 scribendi
820 1177 889 1215 fibi
918 1177 1091 1230 permitti
1115 1176 1266 1215 volunt.
1313 1177 1441 1229 Qare
1471 1177 1496 1214 s1
1522 1177 1669 1229 aliquid

272 1243 442 1281 oratoriae
461 1243 566 1280 laudi
585 1242 707 1281 nostra
726 1242 925 1280 attulimus
944 1242 1138 1287 industria,
1171 1241 1298 1280 multo
1317 1241 1516 1280 studiosius
1535 1241 1668 1294 philo-

274 1307 416 1361 sophiae
434 1308 559 1347 fontes
579 1309 807 1361 aperiemus,
827 1322 848 1345 e
867 1308 1010 1360 quibus
1028 1308 1146 1346 etiam
1166 1307 1230 1345 illa
1250 1308 1469 1345 manabant.

336 1375 406 1413 IV.
439 1375 510 1413 Sed
541 1384 585 1412 ut
614 1374 849 1419 Aristoteles,
883 1374 942 1412 vir
960 1374 1112 1412 summo
1142 1374 1312 1426 ingenio,
1347 1374 1514 1418 scientia,
1542 1375 1667 1427 copia,

273 1453 368 1478 cum
399 1450 528 1478 motus
562 1439 647 1478 effet
681 1439 853 1478 Isocratis
889 1438 1049 1478 rhetoris
1073 1439 1207 1492 gloria,
1251 1439 1376 1476 dicere
1403 1440 1519 1477 etiam
1549 1440 1669 1491 coepit

275 1506 527 1544 adolescentes
562 1506 708 1550 docere,
751 1515 790 1542 et
821 1505 1064 1557 prudentiam
1105 1518 1196 1542 cum
1232 1504 1450 1556 eloquentia
1476 1506 1636 1558 jungere
1653 1523 1667 1550 3

276 1572 327 1610 fic
346 1572 458 1610 nobis
481 1572 604 1624 placet
635 1584 704 1609 nec
735 1570 937 1623 pristinum
966 1571 1118 1609 dicendi
1139 1571 1308 1608 studium
1328 1571 1528 1623 deponere,
1559 1580 1597 1608 et
1627 1571 1666 1608 in

274 1637 348 1675 hac
367 1638 510 1689 majore
535 1644 572 1674 et
603 1636 776 1674 uberiore
804 1645 884 1674 arte
912 1636 1059 1675 versari.
1091 1637 1207 1674 Hanc
1225 1636 1327 1673 enim
1349 1635 1554 1688 perfectam
1576 1635 1667 1688 phi-

273 1701 487 1756 losophiam
507 1701 652 1754 semper
664 1701 849 1754 judicavi,
873 1716 956 1754 quae
975 1702 1022 1740 de
1042 1702 1222 1740 maximis
1243 1701 1513 1754 quaestionibus
1531 1703 1666 1754 copio-

274 1768 310 1806 se
329 1767 447 1821 poffet
465 1777 670 1820 ornateque
689 1768 814 1806 dicere
831 1783 839 1805 :
870 1768 912 1805 in
942 1781 1059 1820 quam
1085 1767 1397 1806 exercitationem
1427 1767 1480 1804 ita
1499 1780 1566 1805 nos
1586 1767 1666 1805 stu-

274 1834 377 1872 diose
408 1847 562 1886 operam
591 1833 782 1878 dedimus,
814 1842 857 1871 ut
869 1835 951 1885 jam
970 1834 1086 1871 etiam
1107 1833 1267 1878 scholas,
1299 1833 1525 1871 Graecorum
1545 1847 1665 1878 more,

275 1898 413 1938 habere
430 1899 655 1937 auderemus
670 1917 683 1944 ς
715 1909 758 1937 ut
777 1912 897 1951 nuper
917 1909 1030 1937 tuum
1050 1899 1131 1953 post
1150 1899 1348 1937 disceffum
1370 1900 1409 1936 in
1429 1898 1665 1944 Tusculano,

274 1978 367 2003 cum
387 1964 503 2003 effent
522 1964 648 2018 plures
669 1977 826 2003 mecum
846 1963 1066 2009 familiares,
1102 1965 1257 2009 tentavi,
1292 1964 1386 2017 quid
1408 1965 1446 2002 in
1467 1977 1512 2002 eo
1530 1978 1667 2017 genere

273 2031 432 2084 poffem.
477 2032 536 2069 Ut
564 2031 670 2069 enim
702 2040 812 2069 antea
830 2031 1124 2069 declamitabam
1157 2030 1297 2076 causas,
1329 2031 1433 2083 quod
1463 2044 1577 2068 nemo
1603 2044 1667 2068 me

274 2097 423 2136 diutius
439 2095 532 2135 fecit
544 2115 556 2142 ς
587 2097 637 2134 fic
654 2095 735 2135 haec
756 2110 858 2135 nunc
890 2095 990 2134 mihi
1009 2097 1134 2135 senilis
1155 2097 1206 2134 est
1231 2097 1471 2135 declamatio.
1522 2097 1666 2135 Ponere

269 2163 471 2214 jubebam,
492 2162 538 2200 de
557 2176 635 2214 quo
655 2164 741 2215 quis
759 2163 886 2200 audire
914 2163 1026 2201 vellet
1042 2181 1053 2207 ;
1084 2173 1122 2201 et
1141 2163 1180 2200 id
1199 2173 1263 2201 aut
1281 2163 1422 2207 sedens,
1443 2171 1507 2200 aut
1525 2163 1665 2200 ambu-

274 2227 354 2266 lans
374 2227 626 2280 disputabam.

318 2293 453 2345 Itaque
470 2293 619 2331 dierum
639 2294 811 2346 quinque
815 2295 971 2348 scholas,
1007 2304 1049 2332 ut
1070 2296 1197 2333 Graeci
1216 2294 1420 2347 appellant,
1441 2294 1480 2331 in
1502 2293 1666 2331 totidem

276 2358 395 2396 libros
427 2358 590 2397 contuli.
632 2359 765 2397 Fiebat
784 2369 910 2398 autem
933 2362 997 2405 ita,
1029 2371 1085 2405 ut,
1106 2375 1197 2399 cum
1217 2361 1263 2404 is,
1294 2360 1362 2412 qui
1381 2359 1508 2397 audire
1535 2357 1664 2403 vellet,

276 2423 438 2468 dixisset,
474 2423 568 2476 quid
597 2423 665 2462 fibi
685 2425 887 2471 videretur,
909 2435 995 2464 tum
1016 2439 1086 2479 ego
1105 2435 1237 2464 contra
1261 2425 1440 2462 dicerem.
1488 2425 1585 2462 Haec
1614 2422 1667 2461 est

275 2489 397 2535 enim,
422 2499 463 2527 ut
483 2489 568 2535 scis,
599 2499 706 2529 vetus
735 2500 774 2530 et
794 2492 982 2530 Socratica
1001 2494 1096 2531 ratio
1121 2501 1252 2530 contra
1271 2490 1423 2528 alterius
1442 2489 1664 2542 opinionem

1239 2561 1366 2614 ng
