2330 2983
615 310 889 349 LIBER
947 309 1443 349 SECUNDUS.
1652 323 1727 363 473

339 407 534 448 claviculis
555 408 803 454 adminicula,
837 417 1020 461 tanquam
1055 408 1247 453 manibus,
1280 406 1585 462 apprehendunt,
1617 416 1731 459 atquc

341 474 376 513 se
396 475 447 512 ita
465 474 630 526 erigunt,
652 482 694 511 ut
714 474 938 511 animantes.
970 473 1079 524 Qin
1098 473 1213 510 etiam
1234 487 1253 510 a
1269 474 1456 518 caulibus,
1479 471 1730 524 brafficisque,

340 540 366 578 fi
385 552 503 592 prope
524 539 591 577 sati
610 539 696 584 fint,
718 548 761 577 ut
780 552 800 576 a
819 537 1002 591 pestiferis
1023 548 1060 576 et
1081 539 1323 583 nocentibus,
1346 538 1515 590 refugere
1535 538 1730 581 dicuntur,

339 617 409 643 nec
428 617 492 642 eos
513 604 589 641 ulla
609 617 656 642 ex
676 612 780 656 parte
799 603 1034 655 contingere.

394 670 670 708 Animantium
691 682 778 708 vero
798 678 941 722 quanta
960 669 1115 707 varietas
1131 669 1212 706 est?
1233 677 1374 722 quanta
1392 668 1438 706 ad
1457 682 1541 707 eam
1561 681 1643 707 rem
1661 668 1733 713 vis,

342 744 385 774 ut
404 735 445 774 in
465 735 532 775 suo
552 749 714 788 quaeque
734 749 870 788 genere
888 735 1162 789 permaneant?
1196 736 1375 786 Qarum
1395 734 1476 773 aliae
1495 735 1608 773 coriis
1629 735 1736 772 te&ae

343 801 444 847 sunt,
474 802 555 840 aliae
574 801 677 840 villis
707 801 861 847 vestitae,
891 801 972 840 aliae
994 801 1108 854 spinis
1135 800 1288 839 hirsutae
1303 819 1314 846 3
1346 801 1480 854 pluma
1513 800 1616 845 alias,
1646 799 1736 837 alias

344 866 544 918 squamma
562 867 738 905 videmus
769 866 950 905 obdu&as
967 885 979 911 3
1010 867 1098 904 alias
1132 865 1203 904 effe
1231 866 1412 905 cornibus
1443 875 1617 910 armatas,
1647 864 1737 903 alias

344 930 484 970 habere
512 931 652 984 effugia
670 945 899 984 pennarum.
942 931 1095 970 Pastum
1125 941 1254 970 autem
1281 932 1540 970 animantibus
1566 931 1668 983 large
1701 937 1740 967 et

345 997 496 1050 copiose
527 1006 659 1035 natura
690 1011 795 1043 eum,
827 998 895 1051 qui
925 997 1067 1050 cuique
1086 1007 1196 1051 aptus
1216 1007 1307 1043 erat,
1332 997 1581 1050 comparavit.
1626 997 1738 1035 Enu-

345 1076 490 1102 merare
509 1063 660 1117 poffum
690 1063 737 1101 ad
767 1077 858 1103 eum
887 1063 1035 1116 pastum
1055 1063 1336 1117 capessendum,
1363 1063 1740 1114 conficiendumque,

346 1142 431 1181 quae
451 1129 495 1167 fit
515 1129 555 1167 in
576 1129 708 1182 figuris
739 1129 1012 1174 animantium,
1042 1139 1081 1167 et
1105 1143 1224 1181 quarn
1258 1129 1386 1174 solers,
1418 1128 1643 1180 subtilisque
1674 1127 1742 1166 de-

346 1194 502 1247 scriptio
538 1195 708 1248 partium
721 1222 733 1240 ,
776 1208 971 1248 quamque
1007 1194 1242 1233 admirabilis
1280 1194 1424 1233 fabrica
1460 1195 1742 1233 membrorum.

349 1260 496 1299 Omnia
514 1260 634 1305 enim,
655 1274 740 1312 quae
766 1260 925 1312 quidem
945 1261 1049 1298 intus
1069 1259 1214 1298 inclusa
1233 1259 1335 1305 sunt,
1355 1260 1526 1304 itamta,
1558 1268 1673 1310 atque
1693 1258 1745 1296 ita

348 1325 471 1364 locata
489 1324 591 1370 sunt,
607 1332 652 1363 ut
670 1323 770 1362 nihil
790 1337 925 1363 eorum
944 1323 1263 1378 supervacaneum
1279 1324 1337 1370 s1t,
1359 1322 1458 1362 nihil
1479 1324 1525 1362 ad
1543 1324 1663 1362 vitam
1684 1336 1745 1361 re-

349 1389 550 1428 tinendam
579 1402 658 1427 non
689 1388 952 1428 neceffarium.
1002 1389 1123 1428 Dedit
1143 1398 1272 1428 autem
1291 1390 1424 1428 eadem
1454 1397 1587 1427 natura
1605 1387 1746 1427 belluis

351 1464 391 1494 et
411 1455 575 1500 sensum,
604 1463 643 1493 et
661 1455 877 1508 appetitum
894 1474 905 1501 ς
937 1463 982 1493 ut
1011 1455 1130 1495 altero
1148 1464 1334 1495 conatum
1352 1455 1538 1494 haberent
1567 1454 1613 1493 ad
1633 1463 1747 1493 natu-

353 1521 446 1560 rales
467 1520 591 1574 pastus
611 1519 864 1574 capessendos,
886 1520 1004 1560 altero
1023 1521 1258 1560 secernerent
1276 1520 1450 1575 pestifera
1467 1533 1489 1559 a
1507 1519 1748 1560 salutaribus.

353 1587 443 1639 Jam
462 1600 551 1625 vero
581 1586 652 1624 alia
671 1587 849 1623 animalia
872 1586 1094 1637 gradiendo,
1124 1586 1197 1623 alia
1225 1586 1408 1639 serpendo
1438 1585 1484 1623 ad
1508 1585 1657 1638 pastum
1683 1598 1749 1623 ac-

353 1651 509 1696 cedunt,
540 1650 612 1688 alia
629 1649 806 1695 volando,
838 1649 910 1687 alia
940 1649 1065 1689 nando
1081 1669 1094 1696 ;
1126 1650 1338 1703 cibumque
1368 1650 1509 1704 partim
1529 1650 1605 1689 oris
1625 1649 1750 1695 hiatu,

353 1725 393 1755 et
412 1715 591 1754 dentibus
611 1714 698 1768 ipfis
718 1714 926 1768 capessunt,
953 1716 1095 1768 partim
1115 1715 1307 1768 unguium
1328 1715 1530 1754 tenacitate
1549 1715 1750 1768 arripiunt,

354 1782 498 1837 partim
517 1781 733 1820 aduncitate
753 1781 960 1820 rostrorum
979 1795 988 1819 ε
1020 1780 1091 1818 alia
1110 1781 1266 1834 sugunt,
1294 1781 1366 1819 alia
1385 1789 1560 1834 carpunt,
1591 1780 1664 1819 alia
1682 1795 1752 1820 vo·-

355 1857 454 1893 rant,
475 1848 547 1886 alia
565 1847 768 1885 mandunt.
818 1848 950 1900 Atque
969 1847 1085 1885 etiam
1115 1847 1280 1885 aliorum
1310 1860 1353 1885 ea
1381 1846 1435 1885 est
1463 1846 1680 1892 humilitas,
1709 1853 1754 1886 ut

357 1914 493 1952 cibum
524 1911 735 1950 terrestrem
765 1912 890 1950 rostris
923 1911 1037 1950 facile
1065 1911 1305 1964 contingant.
1350 1912 1448 1964 Qae
1472 1921 1602 1951 autem
1621 1912 1755 1951 altiora

357 1977 460 2022 sunt,
482 1986 526 2016 ut
543 1977 700 2021 anseres,
721 1985 765 2015 ut
784 1977 914 2030 cygni,
947 1987 989 2015 ut
1008 1990 1134 2030 grues,
1156 1986 1199 2015 ut
1219 1976 1370 2022 cameli,
1402 1976 1629 2030 adjuvantur
1661 1990 1754 2031 pro-

359 2043 514 2082 ceritate
545 2042 751 2081 collorum.
796 2043 940 2081 Manus
971 2043 1087 2081 etiam
1119 2043 1203 2083 data
1221 2041 1448 2096 elephantis,
1484 2043 1574 2096 quia
1602 2053 1757 2097 propter

360 2109 670 2162 magnitudinem
688 2108 858 2162 corporis
879 2108 1055 2148 difficiles
1076 2109 1201 2147 aditus
1221 2107 1415 2148 habebant
1433 2109 1479 2147 ad
1497 2109 1662 2162 pastum.

416 2174 608 2212 XLVIII.
630 2175 685 2212 At
700 2174 842 2226 quibus
857 2174 985 2213 bestiis
1005 2184 1081 2212 erat
1100 2175 1132 2212 is
1153 2175 1278 2220 cibus,
1295 2184 1339 2213 ut
1354 2173 1449 2214 alifis
1465 2175 1612 2228 generis
1628 2174 1757 2215 bestiis

363 2239 614 2283 vescerentur,
635 2248 699 2276 aut
718 2239 814 2277 vires
834 2249 966 2278 natura
984 2240 1102 2286 dedit,
1119 2249 1184 2279 aut
1203 2241 1451 2280 celeritatem.
1480 2241 1580 2278 Data
1596 2240 1649 2278 est
1667 2240 1758 2293 qui·

366 2305 526 2345 busdam
555 2305 673 2343 etiam
693 2304 928 2344 machinatio
948 2307 1122 2359 quaedam
1142 2317 1256 2360 atque
1276 2307 1424 2346 solertia
1436 2325 1447 2351 ς
1479 2315 1523 2344 ut
1543 2307 1582 2344 in
1603 2319 1758 2344 araneo-

367 2371 429 2417 lis,
470 2371 551 2409 aliae
581 2371 683 2423 quasi
715 2381 792 2409 rete
818 2380 967 2417 texunt,
1005 2382 1062 2418 ut,
1097 2374 1123 2411 fi
1154 2374 1249 2427 quid
1282 2372 1486 2416 inhaeserit,
1527 2370 1757 2417 conficiant,

368 2437 449 2475 aliae
468 2445 598 2474 autem
618 2445 661 2473 ut
679 2449 727 2474 ex
747 2437 944 2490 inopinato
963 2438 1175 2484 observant,
1196 2448 1248 2483 et,
1271 2438 1296 2475 fi
1322 2438 1417 2490 quid
1443 2436 1593 2481 incidit,
1624 2436 1761 2489 arripi-

370 2512 454 2547 unt,
475 2501 592 2554 idque
610 2501 854 2541 consumunt.
877 2503 1000 2542 Pinna
1018 2517 1107 2542 vero
1129 2505 1196 2556 (fic
1212 2503 1318 2541 enim
1335 2504 1470 2540 Graece
1486 2502 1644 2554 dicitur)
1667 2502 1763 2539 dua-

371 2569 443 2606 bus
458 2567 664 2620 grandibus
685 2568 815 2620 patula
829 2568 1002 2613 conchis,
1024 2583 1115 2608 cum
1135 2582 1247 2622 parva
1267 2568 1404 2620 squilla
1423 2567 1525 2620 quasi
1543 2567 1763 2607 societatem

372 2632 452 2672 coit
485 2634 730 2686 comparandi
758 2635 852 2675 cibi.
894 2635 1028 2689 Itaque
1061 2649 1154 2674 cum
1184 2634 1361 2688 pisciculi
1389 2634 1493 2686 parvi
1513 2634 1554 2672 in
1573 2631 1764 2671 concham

471 2699 703 2739 T0M.11.
1343 2700 1466 2738 Ooo
