2330 2983
649 245 726 282 204
1073 230 1177 269 DE
1234 228 1618 269 FINIBUS

646 327 831 383 primum,
852 342 935 381 quae
956 337 1086 366 contra
1105 329 1344 381 voluptatem
1374 327 1474 366 dista
1501 326 1603 372 sunt,
1629 324 1763 365 eadem
1792 323 1871 365 fere
1900 325 2043 367 cadunt
2106 376 2108 378 Ι

647 404 779 433 contra
798 394 1025 433 vacuitatem
1046 394 1204 433 doloris.

701 460 787 498 Nec
813 473 901 498 vero
922 460 993 498 alia
1012 459 1098 498 sunt
1118 459 1318 512 quaerenda
1337 468 1468 498 contra
1488 457 1744 498 Carneadeam
1763 458 1872 496 illam
1891 457 2042 496 senten-

646 526 754 565 tiam.
787 527 1033 579 rounque
1063 527 1169 564 enim
1196 526 1314 564 modo
1335 526 1533 564 summum
1560 525 1709 564 bonum
1740 524 1790 563 fic
1821 525 2042 578 exponitur,

647 600 689 630 ut
721 591 759 629 id
789 602 894 630 vacet
925 590 1117 629 honestate
1137 610 1149 636 ;
1187 604 1256 629 nec
1289 591 1429 635 officia,
1462 604 1532 629 nec
1552 591 1711 628 virtutes
1742 591 1782 628 in
1816 603 1859 628 ea
1884 590 2042 634 ratione,

647 670 716 696 nec
737 658 929 702 amiciti-12,
950 657 1117 695 constare
1136 656 1302 710 possunt.
1336 657 1570 709 Conjunffio
1590 665 1719 694 autem
1739 669 1832 694 cum
1850 654 2044 694 honestate

645 724 704 761 vel
727 724 947 775 voluptatis,
980 722 1038 760 vel
1070 736 1144 760 non
1166 722 1335 767 dolendi,
1367 721 1406 760 id
1433 722 1559 775 ipsum
1588 720 1807 767 honestum,
1834 721 1939 774 quod
1959 733 2043 759 am-

641 789 758 842 plecti
778 789 874 833 vult,
896 788 1015 826 efficit
1035 796 1157 840 turpe.
1190 787 1254 826 Ad
1272 800 1332 826 eas
1352 788 1458 825 enim
1479 799 1537 825 res
1557 786 1694 825 referre
1709 800 1796 839 quae
1812 800 1913 840 agas,
1929 788 2043 839 (qua-

646 867 735 892 rum
769 867 857 899 una,
892 853 918 892 fi
949 853 1035 906 quis
1056 853 1160 891 malo
1179 861 1315 897 careat,
1347 852 1387 890 in
1408 852 1561 890 summo
1580 865 1672 890 eum
1692 851 1796 890 bono
1829 851 1932 890 dicat
1958 851 2049 897 effe,

645 919 760 958 altera
784 919 946 957 versetur
969 920 1010 957 in
1030 917 1215 957 leviffima
1234 927 1339 971 parte
1358 918 1518 969 naturae)
1550 917 1786 956 obscurantis
1813 917 1867 957 est
1885 931 2045 957 omnem

645 985 886 1039 splendorem
902 984 1122 1029 honestatis,
1144 998 1192 1022 ne
1206 984 1333 1023 dicam
1352 984 1605 1037 inquinantis.

701 1052 860 1092 Restant
880 1052 1013 1097 Stoici,
1034 1051 1118 1104 qui,
1144 1064 1236 1089 cum
1262 1064 1283 1088 a
1300 1051 1561 1104 Peripateticis
1593 1059 1631 1088 et
1651 1049 1895 1089 Academicis
1915 1049 2048 1089 omnia

647 1118 928 1163 transtulissent,
952 1117 1175 1156 nominibus
1195 1117 1278 1155 aliis
1295 1115 1442 1154 easdem
1463 1130 1518 1154 res
1539 1116 1657 1154 secuti
1674 1116 1774 1155 sunt.
1807 1116 1893 1155 Hos
1913 1126 2046 1155 contra

647 1184 813 1236 singulos
832 1183 910 1222 dici
929 1183 981 1220 est
1001 1183 1152 1221 melius.
1191 1182 1261 1221 Sed
1289 1195 1407 1228 nunc,
1435 1181 1540 1235 quod
1558 1181 1722 1235 agimus.
1758 1182 1820 1221 De
1841 1181 1932 1226 illis,
1953 1195 2046 1221 cum

644 1251 851 1288 volemus..

701 1314 921 1354 Democriti
940 1324 1068 1353 autem
1090 1315 1280 1360 securitas,
1302 1328 1387 1368 quae
1406 1315 1459 1354 est
1478 1314 1599 1353 animi
1620 1323 1803 1367 tanquam
1823 1313 2051 1367 tranquilli«

646 1392 714 1427 tas,
729 1395 847 1435 quam
862 1381 1055 1435 appellant
1069 1378 1246 1430 εὐθυμίαν,
1263 1380 1309 1419 eo
1325 1381 1523 1434 separanda
1536 1380 1613 1419 fuit
1624 1382 1671 1419 ab
1686 1380 1759 1419 hac
1775 1380 2049 1433 disputatione,

644 1450 736 1501 quia
755 1449 820 1487 ista
840 1449 959 1487 animi
983 1447 1240 1500 tranquillitas
1258 1461 1300 1485 ea
1319 1447 1397 1501 ipsa
1416 1447 1468 1486 est
1489 1447 1596 1485 beata
1615 1448 1706 1486 vita.
1733 1447 1955 1499 Qaerimus
1975 1460 2046 1485 au-

646 1524 740 1559 tem,
770 1528 846 1552 non
867 1527 951 1566 qua:
971 1513 1029 1558 fit,
1052 1513 1113 1551 sed
1131 1513 1231 1551 unde
1251 1513 1308 1551 fit.
1341 1514 1429 1564 Jam
1447 1512 1610 1566 explosae
1629 1513 1832 1565 ejectaeque
1852 1512 2048 1550 sententiae

648 1579 871 1631 Pyrrhonis,
894 1578 1099 1623 Aristonis,
1122 1578 1279 1623 Herilli,
1315 1578 1420 1631 quod
1451 1579 1490 1616 in
1512 1578 1619 1616 hunc
1649 1579 1800 1623 orbem,
1830 1578 2048 1631 quemcir—

644 1645 967 1698 cuinscripfimu5‚
989 1644 1154 1682 incidere
1171 1658 1245 1683 non
1263 1644 1429 1697 poffunt,
1447 1643 1669 1682 adhibendae
1688 1645 1851 1683 omnino
1864 1657 1941 1683 non
1957 1643 2045 1682 fue-

646 1722 747 1750 runt.
791 1711 897 1750 Nam
917 1720 1008 1748 cum
1030 1710 1159 1747 omnis
1180 1709 1261 1748 haee
1281 1710 1438 1762 quaestio
1468 1709 1514 1748 de
1534 1709 1692 1754 finibus,
1726 1718 1766 1748 et
1785 1709 1888 1762 quasi
1908 1709 1955 1747 de
1975 1722 2045 1747 ex-

646 1777 776 1815 tremis
798 1777 989 1815 bonorum
1010 1784 1048 1814 et
1078 1775 1286 1820 malorum,
1315 1775 1362 1814 ab
1382 1789 1427 1814 eo
1459 1775 1731 1828 proficiscatur,
1753 1775 1858 1828 quod
1878 1775 2047 1814 dicimus

646 1854 787 1882 naturae
806 1842 876 1881 effe
896 1851 1031 1896 aptum
1051 1852 1089 1880 et
1109 1841 1462 1886 accommodatum,
1480 1842 1660 1895 quodque
1679 1841 1803 1895 ipsum
1827 1855 1892 1895 per
1909 1841 1944 1880 se
1965 1842 2046 1895 pri-

646 1924 755 1949 mum
777 1918 998 1963 appetatur;
1021 1908 1095 1947 hoc
1118 1918 1245 1947 totum
1261 1918 1297 1946 et
1318 1909 1346 1946 ii
1367 1908 1524 1953 tollunt,
1546 1910 1613 1962 qui
1632 1910 1671 1947 in
1689 1908 1800 1947 rebus
1821 1909 1882 1953 iiS,
1899 1909 1939 1947 in
1956 1909 2046 1961 qui-

647 1977 717 2014 bus
739 1974 836 2013 nihil
857 1983 923 2013 aut
942 1973 1161 2018 honestum,
1193 1983 1257 2011 aut
1279 1983 1388 2026 turpe
1410 1974 1466 2019 fit,
1489 1984 1630 2027 negant
1648 1973 1720 2013 esse
1740 1974 1860 2013 uuam
1881 1973 2046 2019 causam,

646 2056 715 2081 cur
734 2041 838 2079 aliud
858 2041 922 2079 alii
943 2049 1205 2093 anteponatur,
1241 2053 1310 2077 nec
1345 2040 1443 2078 inter
1476 2053 1536 2078 eas
1569 2053 1625 2078 res
1645 2040 1860 2092 quidquam
1883 2040 2048 2079 omnino

645 2117 782 2162 putant
802 2105 995 2145 interesse:
1027 2115 1064 2144 et
1083 2105 1273 2150 Herillus,
1295 2105 1318 2144 si
1339 2106 1391 2143 ita
1411 2105 1532 2150 sensit,
1555 2105 1652 2144 nihil
1673 2105 1743 2144 esse
1764 2105 1928 2150 bonum,
1949 2120 2046 2158 prae·

647 2185 702 2212 ter
723 2174 932 2217 scientiam,
967 2185 1124 2210 omnem
1143 2171 1291 2209 consilii
1322 2171 1496 2225 capiendi
1527 2171 1678 2211 causam
1705 2171 2047 2224 inventionemque

646 2241 765 2279 officii
786 2239 946 2278 sustulit.
979 2239 1056 2283 Sic,
1088 2238 1247 2276 exclusis
1269 2237 1461 2276 sententiis
1482 2238 1735 2291 reliquorum,
1756 2251 1849 2277 cum
1870 2247 2048 2291 praeterea

649 2307 753 2345 nulla
770 2306 841 2345 esse
862 2305 986 2359 possit,
1018 2303 1099 2343 haec
1120 2305 1368 2357 antiquorum
1389 2305 1509 2343 valeat
1531 2304 1672 2343 necesse
1691 2305 1756 2343 est.

705 2374 775 2412 lx.
802 2374 904 2426 Ergo
925 2371 1099 2410 instituto
1119 2380 1306 2415 veterum,
1328 2385 1406 2423 quo
1426 2372 1542 2409 ctiam
1564 2371 1681 2410 Stoici
1703 2380 1878 2416 utuntur,
1896 2369 1961 2409 hic
1980 2384 2046 2408 ca-

651 2440 799 2492 piamus
829 2438 1045 2476 exordium.
1098 2438 1229 2475 Omne
1248 2437 1387 2475 animal
1411 2437 1445 2475 se
1467 2437 1591 2490 ipsum
1623 2437 1767 2490 diligit,
1794 2445 1845 2481 et,
1871 2436 1982 2475 simul
2004 2449 2045 2474 ac

651 2514 779 2543 ortum
808 2504 874 2548 est,
897 2503 933 2541 id
954 2503 1047 2556 agit,
1070 2512 1111 2541 ut
1143 2502 1177 2540 se
1197 2503 1405 2549 conservet,
1434 2503 1538 2555 quod
1559 2501 1623 2541 hic
1654 2503 1688 2541 ci
1711 2503 1858 2556 primus
1878 2501 1923 2539 ad
1954 2516 2044 2539 om-

654 2585 741 2608 nem
769 2571 886 2609 vitam
921 2569 1100 2609 tuendam
1131 2569 1323 2622 appetitus
1357 2584 1376 2608 a
1403 2579 1534 2608 natura
1568 2569 1692 2615 datur,
1721 2569 1755 2608 se
1776 2578 1817 2608 ut
1837 2567 2045 2613 conservet,
