2330 2983
656 217 929 256 LIBER
989 216 1425 268 QUARTUS.
1665 229 1732 268 171

346 314 445 354 nihil
464 315 682 368 erat,.quod
704 315 813 353 Zeno
832 324 1071 353 commutare
1089 314 1253 367 gestiret.
1286 315 1363 353 Res
1384 313 1488 352 enim
1508 312 1684 365 praeclare
1704 312 1742 350 se

346 380 503 427 habent,
524 391 562 420 et
582 381 740 433 quidem
763 381 801 418 in
824 390 982 432 utraque
1009 390 1124 433 parte.
1184 380 1292 431 Qid
1313 381 1416 418 enim
1439 379 1485 418 ab
1506 379 1673 430 antiquis
1694 391 1741 416 ex

345 460 390 483 eo
409 459 561 498 genere,
590 445 694 498 quod
714 445 759 483 ad
779 445 1034 483 differendum
1061 445 1173 489 valet,
1204 444 1494 496 praetermiffum
1515 444 1594 482 est?
1616 444 1683 495 qui
1703 452 1742 480 et

346 510 576 549 definierunt
608 511 775 563 plurima
791 528 802 554 3
834 519 872 548 et
906 509 1113 547 definiendi
1140 519 1236 546 artes
1266 510 1502 561 reliquerunt
1519 524 1528 546 ε
1560 509 1741 561 quodque

344 576 399 614 est
416 576 634 615 definitioni
652 577 894 628 adjunetum,
923 585 968 614 ut
988 589 1044 614 res
1075 576 1115 614 in
1135 584 1258 628 partes
1279 575 1482 619 dividatur,
1513 575 1553 612 id
1572 585 1609 612 et
1629 575 1673 613 fit
1693 575 1741 612 ab

344 642 438 688 iJlis,
467 653 517 689 et,
550 643 879 696 quemadmodum
911 642 992 680 fieri
1022 651 1208 695 oporteat,
1240 642 1413 680 traditur.
1458 643 1558 679 Item
1579 642 1625 679 de
1644 655 1742 679 con-

345 710 466 748 trariis
482 728 495 754 ;
526 723 547 747 a
566 710 709 762 quibus
729 709 775 747 ad
794 722 928 761 genera
947 707 1163 761 formasque
1179 722 1365 761 generum
1387 708 1629 745 devenerunt.
1653 708 1743 758 Jarn

345 776 576 827 argumenti,
598 775 742 812 ratione
761 774 946 818 conclufi,
966 783 1082 826 caput
1102 774 1172 812 effe
1192 772 1340 811 faciunt
1360 786 1414 817 ea,
1441 786 1526 824 quae
1544 772 1742 824 perspicua

346 840 507 886 dicunt;
537 841 674 879 deinde
692 840 870 878 ordinem
890 839 1124 892 sequuntur,
1156 849 1255 884 tum,
1278 839 1372 891 quid
1388 851 1520 877 verum
1540 839 1584 876 fit
1603 839 1644 876 in
1663 839 1740 877 fin-

346 907 447 958 gulis
461 925 472 952 3
503 916 674 945 extrema
692 906 886 944 conclufio
901 905 968 943 est.

402 973 557 1024 Qanta
575 982 702 1011 autem
723 973 770 1010 ab
789 971 865 1010 illis
886 972 1041 1010 varietas
1062 981 1393 1025 argumentorum,
1415 971 1559 1010 ratione
1578 971 1740 1010 conclu-

345 1038 538 1083 dentium,
567 1052 778 1091 eorumque
803 1052 894 1076 cum
926 1038 1099 1091 captiofis
1120 1038 1480 1090 interrogationibus
1501 1037 1741 1075 disfimilitu-

344 1104 422 1142 do?
454 1105 576 1156 Qid,
607 1105 712 1156 quod
732 1104 907 1156 pluribus
927 1104 1023 1141 locis
1045 1104 1147 1156 quafi
1168 1104 1409 1148 denuntiant,
1440 1113 1484 1141 ut
1511 1117 1635 1155 neque
1655 1104 1739 1141 sen-

345 1169 458 1208 suum
478 1170 597 1209 fidem
616 1171 692 1208 fine
712 1170 869 1215 ratione,
899 1183 970 1207 nec
989 1170 1146 1207 rationis
1174 1169 1251 1207 fine
1277 1169 1457 1213 senfibus,
1479 1170 1739 1221 exquiramus.

345 1244 459 1289 atque
480 1246 522 1274 ut
543 1250 590 1274 ne
610 1250 744 1275 eorum
763 1236 927 1274 alterum
948 1236 995 1274 ab
1015 1236 1133 1273 altero
1153 1235 1365 1287 separemus
1385 1236 1397 1272 ?
1430 1235 1561 1287 Qid?
1583 1249 1636 1280 ea,
1656 1250 1742 1288 quae

345 1303 536 1341 dialectici
554 1316 657 1340 nunc
675 1302 830 1340 tradunt
849 1312 887 1339 et
907 1302 1059 1346 docent,
1088 1315 1215 1339 nonne
1235 1301 1281 1339 ab
1299 1301 1377 1338 illis
1396 1301 1567 1339 instituta
1598 1301 1684 1339 sunt
1703 1311 1742 1340 et

346 1368 501 1406 inventa
517 1369 530 1405 ?
561 1368 607 1405 de
626 1368 767 1419 quibus
788 1368 854 1405 ets1
873 1381 893 1404 a
913 1366 1127 1420 Chryfippo
1145 1367 1315 1405 maxime
1333 1367 1384 1404 est
1404 1367 1655 1411 elaboratum,
1680 1376 1740 1405 ta-

346 1447 437 1471 men
455 1447 475 1470 a
495 1434 654 1471 Zenone
673 1433 802 1471 minus
823 1433 949 1471 multo
970 1446 1087 1485 quam
1107 1433 1153 1470 ab
1173 1432 1356 1483 antiquis.
1415 1433 1479 1470 Ab
1509 1431 1585 1471 hoc
1610 1442 1745 1472 autem

347 1499 520 1552 quaedam
538 1513 614 1537 non
636 1499 775 1537 melius
795 1512 912 1550 quarn
933 1507 1097 1542 veteres;
1120 1498 1294 1550 quaedam
1313 1497 1476 1536 omnino
1495 1499 1637 1536 relffita.

402 1566 584 1616 Cumque
604 1564 687 1601 duae
705 1563 777 1601 fint
797 1573 905 1608 artes,
937 1563 1078 1615 quibus
1099 1561 1264 1615 perfecte
1294 1563 1389 1599 ratio
1415 1572 1453 1600 et
1478 1563 1598 1601 oratio
1626 1577 1740 1602 com-

344 1630 506 1682 pleatur,
529 1642 602 1666 una
633 1627 866 1672 inveniendi,
897 1628 1013 1665 altera
1043 1627 1269 1672 difi'erendi3
1300 1626 1400 1665 hanc
1430 1629 1676 1680 posteriorem
1702 1639 1742 1668 et

345 1695 476 1739 Stoici,
507 1703 545 1732 et
573 1694 847 1746 Peripatetici3
879 1694 1047 1746 priorem
1078 1703 1207 1731 autem
1231 1693 1290 1730 illi
1309 1695 1459 1746 egregie
1490 1695 1738 1740 tradiderunt,

343 1759 387 1798 hi
406 1761 568 1798 omnino
588 1774 635 1798 ne
665 1760 874 1812 attigerunt
903 1759 1077 1811 quidem.
1137 1760 1243 1798 Nam
1277 1773 1297 1796 e
1327 1759 1468 1811 quibus
1494 1759 1605 1805 locis,
1636 1762 1739 1813 quafi

344 1825 541 1871 thesauris,
563 1835 789 1878 argumenta
818 1826 1144 1877 depromerentur,
1175 1825 1285 1863 vestri
1318 1838 1364 1862 ne
1384 1825 1559 1878 suspicati
1580 1827 1740 1878 quidem

344 1891 444 1936 sunt,
465 1891 671 1943 superiores
692 1900 819 1928 autem
840 1890 1001 1928 artificio
1020 1899 1057 1927 et
1084 1890 1142 1927 via
1163 1889 1411 1928 tradiderunt.
1462 1891 1560 1941 Qae
1580 1892 1740 1943 quidem

344 1970 402 1995 res
421 1957 552 2001 efficit,
575 1970 621 1994 ne
640 1955 782 1994 neceffe
804 1956 847 1993 fit
865 1955 1000 1994 iisdem
1021 1956 1067 1993 de
1089 1956 1199 1993 rebus
1221 1955 1366 2007 semper
1386 1956 1487 2007 quafi
1506 1956 1643 1994 dietata
1671 1958 1738 1995 de·-

343 2032 506 2067 cantare,
528 2035 652 2074 neque
680 2035 700 2059 a
729 2021 1054 2059 commentariolis
1075 2021 1148 2059 suis
1170 2021 1372 2059 discedere.
1416 2022 1521 2060 Nam
1543 2023 1611 2074 qui
1631 2023 1736 2068 sciet,

344 2088 411 2127 ubi
433 2089 603 2141 quidque
622 2088 788 2140 positum
811 2087 867 2132 fit,
899 2101 1050 2139 quaque
1069 2101 1113 2125 eo
1133 2087 1271 2132 veniat,
1294 2087 1339 2132 is,
1369 2088 1485 2125 etiam
1506 2089 1531 2125 fi
1553 2089 1646 2140 quid
1663 2090 1737 2127 ob-

344 2164 477 2192 rutum
508 2155 594 2198 erit,
624 2154 763 2206 poterit
797 2167 938 2198 eruere,
971 2153 1193 2206 semperque
1223 2153 1292 2191 effe
1325 2154 1364 2191 in
1385 2154 1613 2206 disputando
1633 2155 1735 2194 suus.

344 2219 461 2270 Qod
481 2220 546 2257 etsl
583 2219 746 2271 ingeniis
767 2219 916 2271 magnis
948 2219 1096 2270 praediti
1117 2219 1275 2270 quidam
1296 2219 1449 2257 dicendi
1478 2221 1630 2272 copiam
1661 2220 1737 2257 fine

345 2285 488 2322 ratione
508 2285 819 2336 consequunt11r5
851 2297 907 2322 ars
936 2294 1062 2322 tamen
1089 2284 1141 2322 est
1172 2285 1250 2323 dux
1269 2286 1422 2330 certior,
1454 2299 1570 2337 quam
1591 2296 1735 2324 natura.

345 2348 466 2387 Aliud
486 2349 537 2386 est
557 2349 662 2387 enim
682 2358 879 2401 poetarum
902 2363 1007 2387 more
1028 2349 1139 2387 verba
1157 2348 1343 2395 fundere3
1375 2350 1478 2388 aliud
1497 2363 1552 2395 ea,
1570 2364 1654 2402 quae
1674 2350 1736 2388 di-

344 2427 419 2458 cas,
441 2413 584 2451 ratione
603 2423 641 2452 et
659 2423 736 2452 arte
753 2414 996 2466 distinguere.

400 2479 450 2516 V.
474 2479 623 2517 Similia
642 2479 716 2518 dici
736 2479 887 2537 possunt
907 2481 952 2518 de
972 2480 1228 2533 explicatione
1249 2489 1403 2524 naturae,
1425 2493 1500 2532 qua
1516 2478 1558 2518 hi
1575 2489 1738 2520 utuntur

426 2545 548 2583 ToM.
573 2545 626 2583 11.
1341 2546 1377 2583 Y
1412 2558 1434 2584 2
