2330 2983
681 218 957 258 LIBER
1015 217 1377 259 PRIMUS.
1653 230 1730 270 243

337 318 410 357 Sed
428 316 522 370 quid
544 326 671 370 poetas
689 318 702 355 ?
740 317 913 369 Opifices
933 316 1015 370 post
1035 325 1203 355 mortem
1222 315 1417 354 nobilitari
1438 315 1586 354 volunt.
1622 315 1731 367 Qid

336 383 442 421 enim
464 381 618 421 Phidias
648 381 704 420 sui
737 382 903 420 fimilem
925 381 1090 433 speciem
1120 381 1273 420 inclufit
1298 382 1338 419 in
1372 381 1508 433 clypeo
1528 381 1730 425 Minerva»,

336 461 430 486 cum
449 446 650 485 inscribere
683 460 761 484 non
781 446 941 484 liceret?
973 447 1082 497 Qid
1114 446 1229 484 nostri
1255 446 1505 498 philosophi?
1536 460 1664 485 nonne
1691 447 1731 485 in

334 511 396 550 his
417 512 503 564 ipfis
522 511 646 556 libris,
663 525 760 563 quos
781 511 953 550 scribunt
973 511 1019 549 de
1038 512 1320 550 contemnenda
1338 512 1471 564 gloria,
1494 512 1557 550 sua
1577 513 1733 551 nomina

336 577 551 616 inscribunt
568 578 582 615 ?

391 643 511 694 Qod
541 643 567 681 fi
598 642 778 682 omnium
798 642 999 682 consensus
1034 652 1176 682 naturae
1209 656 1284 681 vox
1303 643 1356 681 est
1371 661 1383 688 ς
1415 643 1638 695 omnesque,
1665 645 1734 695 qui

335 708 481 761 ubique
500 708 601 753 sunt,
635 708 878 747 consentiunt
895 708 966 747 effe
985 709 1146 762 aliquid,
1172 709 1278 761 quod
1296 709 1342 747 ad
1362 722 1425 747 eos
1445 709 1643 761 pertineat,
1665 710 1734 760 qui

336 788 357 812 e
387 775 464 813 vita
493 774 664 813 cefferint
679 793 691 819 3
722 775 834 814 nobis
855 789 1010 828 quoque
1043 775 1146 814 idem
1167 775 1464 814 existimandum
1496 775 1563 813 est.
1608 776 1662 813 Et
1690 775 1733 819 fi,

337 853 506 892 quorum
527 849 592 878 aut
611 841 766 893 ingenio
785 850 850 879 aut
867 842 1008 879 virtute
1032 842 1184 880 animus
1203 841 1373 885 excellit,
1405 854 1468 878 eos
1488 841 1733 886 arbitramur,

337 907 429 958 quia
448 906 583 944 natura
601 906 751 959 optima
769 906 869 951 sunt,
887 920 1038 945 cernere
1059 916 1201 945 naturae
1217 907 1298 945 vim
1319 907 1489 945 maxime
1501 925 1513 951 ς
1531 907 1735 945 verisimile

336 972 402 1016 est,
424 986 516 1011 cum
532 972 703 1024 optimus
723 972 884 1024 quisque
904 973 1073 1011 maxime
1091 972 1299 1025 posteritati
1318 973 1464 1017 serviat,
1482 972 1553 1011 effe
1573 973 1735 1026 aliquid,

336 1039 445 1088 cujus
464 1038 495 1075 is
514 1037 597 1089 post
612 1046 779 1075 mortem
800 1037 946 1075 sensum
968 1038 1011 1075 sit
1029 1037 1244 1076 habiturus.

364 1103 476 1141 XVI.
500 1103 585 1147 Sed,
608 1111 650 1141 ut
666 1104 771 1141 Deos
791 1102 862 1141 effe
881 1103 1015 1141 natura
1033 1104 1251 1156 opinamur,
1266 1103 1470 1156 qualesque
1488 1104 1574 1149 sint,
1591 1104 1737 1142 ratione

336 1168 605 1221 cognoscimus
617 1187 629 1213 3
661 1169 711 1207 fic
731 1182 952 1222 permanere
972 1170 1122 1208 animos
1142 1170 1372 1208 arbitramur
1401 1169 1582 1208 consensu
1608 1172 1734 1209 natio-

337 1248 431 1273 num
452 1235 631 1273 omnium
649 1249 658 1273 ε
690 1248 767 1286 qua
784 1235 824 1273 in
845 1235 927 1272 sede
943 1245 1135 1280 maneant,
1157 1235 1361 1288 qualesque
1381 1236 1467 1280 fint,
1494 1236 1637 1275 ratione
1657 1236 1735 1275 dis-

336 1300 503 1339 cendum
523 1300 589 1338 est.
649 1301 771 1352 Cujus
792 1301 981 1353 ignoratio
1011 1300 1126 1339 finxit
1156 1300 1312 1346 inferos,
1341 1301 1474 1354 easque
1493 1300 1736 1348 formidines,

337 1379 430 1418 quas
450 1376 491 1404 tu
511 1374 756 1404 contemnere
776 1379 854 1404 non
874 1367 950 1404 fine
969 1367 1077 1404 causa
1095 1367 1283 1405 videbare.
1323 1368 1369 1408 In
1390 1376 1529 1406 terram
1549 1368 1653 1406 enim
1669 1382 1734 1406 ca-

339 1433 520 1470 dentibus
538 1432 778 1484 corporibus,
793 1431 928 1484 hisque
939 1431 1064 1471 humo
1080 1433 1202 1478 tectis,
1216 1446 1236 1470 e
1256 1447 1334 1485 quo
1347 1433 1495 1472 dffium
1510 1434 1562 1472 est
1577 1435 1734 1480 humari,

337 1498 407 1537 sub
427 1508 523 1537 terra
542 1498 743 1537 censebant
772 1498 960 1550 reliquam
991 1499 1111 1538 vitam
1129 1500 1470 1552 agimortuorum.
1516 1501 1648 1552 Qam
1667 1514 1735 1539 eo-

337 1578 426 1603 rum
459 1564 683 1617 opinionem
716 1564 848 1616 magni
877 1577 1018 1602 errores
1051 1564 1246 1603 consecuti
1278 1564 1365 1603 sunt
1380 1583 1393 1610 ς
1424 1578 1521 1618 quos
1547 1575 1738 1605 auxerunt

336 1638 472 1683 poetae.
509 1630 706 1681 Frequens
725 1629 831 1667 enim
849 1629 1036 1668 conseffus
1057 1628 1210 1675 theatri,
1232 1630 1272 1668 in
1292 1644 1373 1683 quo
1392 1631 1479 1670 sunt
1498 1632 1737 1671 mulierculae

335 1703 375 1734 et
391 1695 515 1749 pueri,
537 1704 715 1734 movetur
733 1695 889 1734 audiens
911 1704 990 1734 tam
1009 1697 1150 1748 grande
1170 1709 1324 1735 carmen
1340 1715 1353 1742 ς

469 1761 622 1815 Adsitm,
635 1770 743 1814 atque
755 1761 905 1800 advenio
919 1763 1138 1808 Acheronte,
1154 1763 1234 1808 vix,
1253 1763 1318 1801 via
1335 1763 1415 1802 alta
1431 1773 1540 1817 atque
1557 1763 1690 1810 ardua,

470 1828 550 1866 Per
553 1828 745 1880 speluncas
749 1828 856 1881 fizxis
859 1828 1025 1880 structas
1043 1829 1187 1882 qsperis,
1211 1828 1459 1881 pendentibus,

472 1893 649 1932 Maximis
660 1909 674 1932 .·
704 1893 768 1932 ubi
783 1893 902 1946 rigida
921 1894 1054 1948 constat
1072 1894 1186 1948 craſjc'z
1203 1896 1314 1948 caligo
1333 1896 1501 1948 inferzim.

337 1961 589 2011 Tantumque
607 1959 727 1997 valuit
747 1972 861 2005 error,
890 1961 959 2012 qui
979 1959 1079 1998 mihi
1096 1961 1256 2013 quidem
1270 1962 1353 2013 jam
1375 1961 1544 2000 sublatus
1570 1961 1734 2007 videtur,

337 2035 393 2071 ut,
423 2038 581 2078 corpora
613 2034 779 2063 cremata
811 2039 903 2064 cum
936 2026 1087 2072 scirent,
1120 2035 1248 2064 tamen
1278 2040 1321 2065 ea
1352 2027 1436 2065 fieri
1462 2027 1563 2080 apud
1593 2027 1735 2068 inferos

335 2092 537 2145 fingerent,
571 2105 656 2144 quae
688 2091 764 2130 fine
793 2093 1020 2145 corporibus
1047 2106 1118 2131 nec
1147 2093 1231 2131 fieri
1261 2093 1420 2146 poffent,
1457 2108 1526 2133 nec
1553 2094 1732 2146 intelligi.

336 2159 502 2197 Animos
535 2159 641 2196 enim
672 2172 739 2211 per
772 2158 808 2196 se
832 2159 931 2212 ipsos
957 2160 1128 2197 viventes
1155 2174 1232 2198 non
1258 2169 1434 2212 poterant
1462 2170 1592 2199 mente
1622 2173 1734 2198 com-

336 2224 452 2276 ple&
468 2242 481 2269 ς
507 2222 675 2262 formam
705 2223 874 2276 aliquam
894 2223 1136 2276 figuramque
1156 2225 1388 2277 quaerebant.
1454 2226 1546 2264 Inde
1566 2225 1735 2264 Homeri

335 2298 417 2328 tota
436 2286 564 2327 νεκῦιειι
595 2289 685 2327 inde
704 2302 760 2335 ea,
792 2303 877 2342 quae
897 2303 1006 2328 meus
1026 2291 1173 2329 amicus
1200 2292 1350 2345 Appius
1378 2286 1595 2342 vexpopema'a
1614 2290 1735 2329 facie-

337 2354 403 2393 bat
421 2367 430 2392 :
459 2353 548 2392 inde
567 2354 609 2392 in
628 2354 769 2393 vicinia
788 2355 911 2393 nostra
928 2356 1074 2394 Averni
1094 2356 1212 2402 lacus,

477 2418 575 2458 Unde
592 2420 721 2460 animae
737 2421 945 2460 excitantur
963 2421 1110 2476 obscura*
1127 2422 1267 2467 umbrci,
1289 2431 1413 2475 aperto
1428 2421 1508 2473 (fiio

474 2484 564 2524 Alti
579 2485 810 2532 Acherontis,
823 2487 918 2541 stzlsb
924 2488 1118 2541 sanguine,
1140 2488 1307 2540 imagines
1321 2497 1553 2525 mortuorum.

336 2551 422 2593 Has
442 2560 571 2592 tamen
599 2551 788 2607 imagines
820 2553 929 2608 loqui
949 2553 1109 2601 volunt,
1140 2554 1247 2607 quod
1275 2552 1359 2593 fieri
1383 2566 1454 2594 nec
1480 2552 1558 2592 fine
1586 2552 1735 2607 lingua,
