2330 2983
559 233 632 274 162
973 232 1078 270 DE
1136 226 1519 269 FINIBUS

550 331 710 384 aliquid,
732 339 769 369 et
789 329 924 375 facere,
945 343 1092 368 eorum.
1125 328 1244 380 Qod
1263 336 1391 366 autem
1413 327 1557 365 ratione
1575 327 1704 364 aetum
1723 323 1782 370 fit,
1799 323 1838 363 id
1857 324 1947 363 offi-

552 397 659 434 cium
680 395 928 448 appellamus.
967 394 1034 432 Est
1060 395 1179 446 igitur
1197 392 1373 431 officium
1393 391 1474 443 ejus
1494 390 1658 443 generis,
1689 388 1794 442 quod
1815 401 1883 428 nec
1907 389 1949 427 in

552 460 662 498 bonis
679 469 855 512 ponatur,
877 472 945 496 nec
966 459 1006 496 in
1022 458 1236 497 contrariiS.

606 525 759 562 XVIII.
792 525 923 577 Atque
942 523 1187 576 perspicuum
1217 523 1334 560 etiam
1356 521 1453 560 illud
1473 520 1539 565 est,
1571 521 1611 558 in
1632 519 1710 558 istis
1731 517 1842 557 rebus
1863 530 1947 556 me-

552 591 626 629 diis
646 591 792 643 aliquid
817 604 926 643 agere
951 590 1171 643 sapientem.
1214 589 1369 640 Judicat
1388 588 1520 641 igitur,
1547 600 1639 624 cum
1659 586 1752 638 agit,
1774 584 1951 623 officium

552 655 651 693 illud
668 655 738 694 effe
753 673 764 699 ς
788 655 905 708 quod,
928 655 1113 707 quoniam
1134 667 1332 705 nunquam
1349 651 1495 690 fallitur
1515 649 1791 703 injudicando,
1817 649 1890 687 erit
1910 649 1950 685 in

554 721 693 759 mediis
712 721 822 759 rebus
842 721 1033 758 officium.
1076 719 1193 769 Qod
1212 719 1377 756 efficitur
1401 718 1518 755 etiam
1537 715 1609 754 hac
1629 715 1871 754 conclusione
1891 726 1950 751 ra-

553 787 684 826 tionis.
717 788 914 838 Qoniam
931 787 1037 823 enim
1057 785 1231 822 videmus
1251 783 1322 821 effe
1341 783 1541 834 quiddam,
1567 781 1673 834 quod
1692 782 1790 818 recte
1804 779 1953 819 faetum

553 853 805 905 appellemus,
835 851 875 889 id
899 861 1027 888 autem
1048 850 1100 887 est
1119 848 1332 902 perfectum
1359 847 1535 886 officium
1550 864 1564 891 ;
1593 846 1666 884 erit
1685 854 1815 883 autem
1835 844 1955 883 etiam

555 917 782 956 inchoatum
801 931 809 955 :
842 925 899 961 ut,
930 916 956 954 fi
971 916 1071 968 juste
1091 914 1305 968 depositu'm
1336 913 1489 952 reddere
1509 913 1550 950 in
1570 913 1670 950 reste
1688 910 1798 950 fastis
1823 910 1882 955 fit,
1912 910 1955 948 in

554 985 692 1022 officiis
714 992 878 1036 ponatur
895 982 1110 1035 depositum
1137 981 1315 1019 reddere:
1347 980 1416 1018 illo
1435 980 1540 1017 enim
1560 979 1703 1023 addito,
1721 977 1829 1030 juste,
1860 975 1956 1015 facit

557 1051 655 1087 recte
675 1048 821 1086 factum
840 1062 848 1086 ε
881 1061 946 1100 per
966 1047 1001 1085 se
1019 1057 1147 1085 autem
1168 1045 1243 1084 hoc
1264 1045 1390 1098 ipsum
1409 1044 1552 1083 reddere
1570 1045 1611 1082 in
1630 1043 1761 1082 officio
1779 1042 1954 1095 ponitur.

555 1115 834 1167 Qoniamque
864 1127 942 1151 non
962 1113 1128 1151 dubium
1149 1112 1214 1157 est,
1245 1112 1342 1164 quin
1372 1111 1412 1149 in
1433 1111 1494 1155 iis,
1522 1124 1605 1163 quae
1625 1109 1752 1148 media
1771 1108 1956 1151 dicimus,

556 1181 603 1219 fit
622 1180 725 1218 aliud
751 1179 997 1224 sumendum,
1017 1178 1121 1216 aliud
1141 1177 1415 1230 rejiciendum;
1447 1175 1639 1229 quidquid
1658 1175 1712 1213 ita
1730 1174 1788 1220 fit,
1809 1183 1873 1211 aut
1893 1172 1958 1210 di-

554 1247 670 1291 citur,
690 1245 894 1285 communi
913 1245 1042 1283 officio
1068 1245 1300 1282 continetur.
1332 1244 1393 1281 Ex
1415 1256 1493 1294 quo
1509 1241 1752 1294 intelligitur,
1769 1240 1959 1292 quoniam

555 1312 592 1351 se
612 1313 711 1365 ipsos
728 1324 862 1350 omnes
884 1319 1016 1349 natura
1028 1310 1211 1362 diligunt,
1227 1318 1306 1348 tam
1321 1309 1579 1361 infipientem‚
1596 1321 1714 1360 quam
1730 1306 1960 1358 sapientem,

556 1378 802 1430 sumpturum
821 1389 905 1428 quae
924 1375 1133 1414 secundum
1163 1384 1338 1412 naturam
1357 1374 1442 1418 sint,
1464 1374 1771 1425 rejecturumque
1800 1380 1960 1410 contra-

557 1445 623 1482 ria.
655 1445 714 1482 Ita
732 1443 784 1482 est
804 1442 999 1495 quoddam
1019 1454 1230 1480 commune
1250 1440 1427 1480 officium
1454 1439 1646 1492 sapientis,
1667 1447 1705 1478 et
1728 1437 1962 1492 lnfipientis.

553 1509 618 1548 Ex
639 1523 717 1562 quo
735 1509 913 1552 efficitur,
934 1507 1067 1546 versari
1088 1507 1128 1545 in
1146 1507 1208 1551 iis,
1228 1520 1313 1558 quae
1334 1505 1461 1544 media
1473 1505 1667 1543 dicamus.

612 1575 684 1613 Sed
703 1588 795 1613 cum
817 1573 863 1612 ab
893 1572 954 1611 his
986 1573 1119 1611 omnia
1148 1571 1436 1625 proficiscantur
1465 1570 1604 1614 officia,
1633 1583 1709 1608 non
1740 1569 1816 1607 fine
1850 1568 1962 1607 causa·

557 1642 699 1680 dicitur
737 1640 782 1678 ad
822 1653 864 1677 ea
904 1638 1033 1677 referri
1063 1650 1209 1676 *omnes
1251 1637 1390 1676 nostras
1419 1637 1670 1689 cogitationes
1690 1651 1698 1673 :
1745 1636 1785 1673 in
1819 1634 1880 1673 his
1920 1642 1962 1672 et

556 1706 748 1746 excessum
775 1719 795 1743 e
820 1705 912 1750 vita,
942 1714 980 1743 et
998 1706 1039 1742 in
1060 1704 1137 1742 vita
1156 1703 1404 1742 mansionem.
1438 1703 1483 1742 In
1503 1716 1581 1755 quo
1601 1703 1707 1740 enim
1727 1701 1836 1754 plura
1855 1700 1962 1744 sunt,

557 1787 642 1825 quae
663 1771 872 1810 secundum
899 1780 1075 1809 naturam
1108 1769 1209 1815 sunt,
1239 1768 1354 1821 hujus
1385 1769 1560 1806 officium
1580 1768 1691 1806 estin
1717 1768 1795 1805 vita
1824 1779 1960 1805 mane-

563 1853 600 1876 re
620 1854 627 1875 :
652 1839 690 1875 in
713 1851 790 1890 quo
810 1846 938 1874 autem
959 1845 1023 1874 aut
1037 1835 1122 1873 sunt
1142 1835 1253 1888 plura
1272 1835 1471 1879 contraria,
1485 1844 1549 1872 aut
1570 1833 1650 1872 fore
1671 1833 1860 1877 videntur,
1881 1830 1960 1869 hu-

553 1906 618 1956 jus
637 1904 811 1943 officium
845 1903 897 1941 est
917 1916 936 1940 e
968 1903 1046 1940 vita
1063 1903 1256 1940 excedere.
1318 1903 1377 1940 Ex
1410 1915 1488 1954 quo
1519 1909 1685 1954 apparet,
1716 1909 1753 1937 et
1782 1899 1959 1952 sapientis

558 1970 628 2009 esse
648 1969 853 2022 aliquando
871 1969 1061 2013 officium,
1082 1968 1260 2006 excedere
1281 1981 1300 2005 e
1321 1968 1410 2010 vita,
1432 1981 1522 2005 cum
1546 1967 1676 2004 beatus
1698 1965 1768 2010 fit;
1797 1975 1835 2003 et
1855 1964 1963 2004 stulti

562 2050 712 2075 manere
746 2037 786 2074 in
816 2036 906 2080 vita,
938 2048 1029 2073 cum
1051 2034 1094 2072 fit
1117 2034 1240 2072 miser.
1289 2035 1391 2073 Nam
1415 2034 1561 2071 bonum
1593 2033 1705 2077 illud,
1738 2042 1776 2069 et
1796 2031 1959 2075 malum,

561 2103 664 2155 quod
685 2103 778 2155 saepe
793 2105 872 2154 jam
893 2101 1039 2139 dietum
1061 2100 1126 2145 est,
1159 2100 1282 2153 postea
1301 2099 1559 2151 consequitur.
1595 2099 1720 2138 Prima
1741 2107 1868 2136 autem
1890 2096 1957 2134 illa

562 2178 718 2212 naturae,
750 2168 822 2206 five
854 2166 1028 2210 secunda,
1059 2167 1131 2204 sive
1163 2166 1362 2209 contraria,
1396 2165 1462 2203 sub
1492 2165 1685 2217 judicium
1720 2163 1892 2216 sapientis
1923 2171 1962 2201 et

562 2235 753 2274 delectum
786 2233 954 2278 cadunt3
993 2233 1120 2285 estque
1140 2233 1205 2270 illa
1226 2232 1389 2284 subjecta
1423 2231 1525 2284 quali
1563 2231 1720 2269 materia
1753 2229 1961 2282 sapientia·-

565 2303 697 2353 Itaque
726 2310 762 2338 et
792 2299 970 2338 manendi
991 2299 1029 2337 in
1051 2300 1139 2343 vita,
1169 2308 1205 2336 et
1228 2298 1416 2351 migrandi
1446 2297 1540 2335 ratio
1560 2296 1740 2336 omnibus
1764 2297 1807 2334 iis
1835 2296 1962 2340 rebus,

563 2381 655 2418 quas
678 2366 785 2419 supra
804 2365 899 2410 dixi,
922 2364 1125 2403 metienda.
1186 2365 1290 2403 Nam
1313 2377 1434 2415 neque
1457 2364 1516 2407 iis,
1540 2363 1606 2414 qui
1629 2363 1769 2400 virtute
1791 2362 1960 2400 retinen-

566 2442 626 2469 tur
649 2432 686 2469 in
708 2432 797 2476 vita,
821 2444 942 2483 neque
964 2431 1023 2474 iis,
1055 2430 1121 2482 qui
1144 2429 1218 2467 sine
1240 2429 1379 2467 virtute
1403 2436 1500 2472 lunt,
1525 2441 1626 2466 mors
1645 2427 1695 2465 est
1716 2427 1958 2480 oppetenda:

568 2507 608 2535 ut
645 2497 735 2549 saepe
765 2497 939 2535 officium
971 2497 1022 2535 est
1054 2496 1243 2549 sapientis,
1275 2494 1474 2533 desciscere
1509 2509 1527 2532 a
1550 2495 1638 2539 vim,
1672 2507 1765 2533 cum
1796 2493 1839 2531 sit
1871 2492 1961 2530 bea-

567 2562 743 2608 tissimus,
780 2563 803 2601 ¹3
840 2563 877 2601 id
911 2571 1125 2616 opportune
1157 2560 1279 2600 facere
1313 2560 1452 2615 postit5
1484 2560 1588 2614 quod
1615 2559 1665 2599 cst
1692 2558 1961 2599 convenienter
