2330 2983
571 287 648 339 456
832 280 924 320 DE
982 276 1306 317 NATURA
1362 274 1699 314 DEORUM

571 395 698 427 terras,
728 391 766 419 et
784 380 953 419 oriantur
972 391 992 416 e
1012 378 1133 416 terris.
1172 378 1208 415 Is
1229 375 1354 429 rapuit
1373 374 1651 428 Proserpinam,
1672 373 1776 427 quod
1795 375 1954 414 Graeco·

571 463 658 489 rum
678 459 821 486 nomen
851 444 903 482 est
920 459 929 482 :
960 457 1002 481 ea
1031 443 1136 482 enim
1155 443 1221 488 est,
1256 455 1341 495 quae
1360 439 1532 491 Περσεφόνη
1552 441 1686 480 Graece
1706 439 1926 479 nominatur
1940 458 1953 485 ς

571 526 688 567 quam
709 511 868 564 frugum
888 510 1015 548 semen
1034 508 1103 548 efl‘e
1122 509 1272 553 volunt,
1302 506 1638 559 absconditamque
1658 505 1774 559 quaeri
1798 519 1818 543 a
1836 514 1958 543 matre

570 580 737 632 fingunt.
782 577 912 616 Mater
940 583 1069 613 autem
1101 574 1154 613 est
1184 588 1204 612 a
1221 573 1392 627 gerendis
1412 572 1588 624 frugibus
1610 573 1738 618 Ceres,
1772 581 1956 624 tanquam

573 647 708 690 Geres;
730 643 892 696 casuque
906 643 1031 695 prima
1050 641 1158 679 litera
1177 641 1312 680 itidem
1329 641 1545 684 immutata,
1566 647 1609 677 ut
1627 652 1648 676 a
1667 637 1828 676 Graecis.
1850 637 1956 676 Nam

571 713 618 751 ab
651 711 727 749 illis
760 721 916 762 quoque
936 704 1090 756 Δημήτηρ,
1121 707 1224 760 quafi
1258 704 1409 758 Γημῆτης,
1440 705 1635 743 nominata
1659 704 1724 742 est.
1779 704 1866 755 Jam
1887 704 1956 754 qui

571 790 702 830 magna
720 783 894 818 verteret,
925 774 1080 811 Mavors
1100 787 1109 810 :
1141 771 1320 811 Minerva
1337 779 1480 814 autem,
1507 783 1593 821 quae
1612 770 1671 808 vel
1691 770 1876 813 minueret,
1897 767 1956 805 vel

571 850 786 881 mmaretur.

627 905 800 944 XXVII.
832 904 1014 953 Cumque
1033 901 1073 938 in
1092 900 1274 938 omnibus
1305 899 1417 936 rebus
1442 898 1523 936 vim
1543 896 1728 935 haberent
1747 895 1959 934 maximam

573 971 709 1024 prima,
729 978 767 1006 et
786 977 968 1011 extrema,
1002 966 1218 1018 principem
1243 965 1283 1002 in
1304 963 1544 1002 sacrificando
1564 964 1706 1014 Janum
1736 961 1808 999 esse
1827 960 1960 1000 volue-

574 1045 688 1074 runt:
721 1033 825 1086 quod
855 1033 902 1071 ab
933 1031 1040 1070 eundo
1069 1045 1210 1070 nomen
1241 1029 1294 1068 est
1318 1029 1504 1073 duetum5
1535 1042 1582 1066 ex
1614 1040 1693 1080 quo
1724 1026 1960 1065 transitiones

573 1101 722 1154 perviae,
744 1100 844 1151 Jani
856 1117 867 1143 ;
899 1097 1074 1149 foresque
1103 1098 1143 1135 in
1174 1095 1377 1134 liminibus
1397 1093 1641 1148 profanarum
1661 1093 1815 1137 aedium,
1833 1092 1961 1144 januae

574 1166 834 1204 nominantur.
867 1163 972 1201 Nam
994 1161 1114 1199 Vestae
1134 1173 1276 1199 nomen
1296 1173 1316 1198 a
1335 1160 1481 1198 Graecis
1499 1174 1509 1197 ι
1539 1172 1581 1196 ea
1599 1158 1651 1196 est
1669 1158 1788 1203 enim,
1809 1171 1893 1209 quae
1913 1156 1960 1194 ab

573 1231 650 1269 illis
673 1227 765 1268 Ε’ςία.
785 1228 940 1267 dicitur.
971 1227 1042 1264 Vis
1062 1235 1190 1264 autem
1209 1227 1291 1277 ejus
1312 1224 1358 1263 ad
1377 1237 1470 1269 aras,
1489 1233 1528 1262 et
1546 1222 1652 1262 focos
1672 1223 1849 1276 pertinet.
1882 1223 1959 1260 Ita-

575 1308 650 1348 que
671 1295 711 1332 in
730 1307 773 1331 ea
793 1294 888 1336 Dea,
919 1305 1004 1343 quae
1022 1291 1075 1328 est
1094 1303 1222 1328 rerum
1241 1290 1365 1328 custos
1391 1289 1633 1332 intimarum,
1664 1288 1792 1326 omnis
1813 1296 1854 1325 et
1873 1299 1961 1340 pre-

573 1361 686 1404 catio,
709 1368 747 1396 et
767 1357 986 1396 sacrificatio
1005 1365 1174 1394 extrema
1188 1355 1253 1393 est.
1285 1354 1372 1393 Nec
1391 1354 1506 1406 longe
1525 1353 1660 1392 absunt
1679 1352 1726 1390 ab
1746 1351 1817 1390 hac
1837 1352 1875 1390 vi
1893 1352 1961 1390 Dii

575 1427 746 1468 Penates,
769 1423 842 1460 five
861 1436 880 1460 a
891 1431 988 1474 penu
1007 1421 1123 1459 ducto
1142 1419 1312 1464 nomine,
1342 1418 1412 1470 (est
1431 1419 1535 1456 enim
1555 1431 1683 1461 omne,
1704 1429 1784 1469 quo
1801 1415 1961 1454 vescun-

573 1501 636 1529 tur
655 1490 846 1533 homines,
876 1489 1006 1541 penus)
1037 1487 1112 1525 five
1143 1486 1190 1524 ab
1219 1498 1279 1530 eo,
1310 1484 1416 1537 quod
1433 1484 1578 1538 penitus
1606 1482 1776 1535 infident5
1807 1493 1856 1519 ex
1884 1494 1964 1533 quo

574 1557 690 1594 etiam
717 1554 918 1607 penetrales
947 1567 968 1590 a
997 1552 1118 1605 poetis
1152 1560 1350 1590 vocantur.
1401 1551 1489 1602 Jam
1511 1549 1707 1602 Apollinis
1741 1560 1883 1586 nomen
1912 1545 1966 1584 est

576 1622 789 1664 Graecum3
821 1631 938 1670 quem
966 1617 1085 1654 solem
1104 1616 1173 1653 esse
1192 1616 1344 1653 volunt.
1379 1615 1546 1652 Dianam
1572 1624 1715 1657 autem,
1750 1622 1789 1650 et
1808 1613 1964 1650 Lunam

574 1686 735 1724 eandem
754 1683 824 1722 esse
850 1690 987 1735 putant
1005 1696 1014 1719 z
1046 1680 1206 1733 cumfil
1219 1679 1341 1717 dictus
1361 1679 1419 1724 fit,
1449 1679 1507 1716 vel
1528 1679 1618 1730 quia
1648 1678 1749 1716 solus
1767 1690 1814 1715 ex
1833 1677 1965 1715 omni-

576 1751 647 1789 bus
669 1747 849 1787 sideribus
869 1747 921 1784 est
954 1754 1095 1789 tantus,
1126 1744 1185 1782 vel
1216 1744 1318 1796 quia,
1349 1757 1441 1782 cum
1471 1743 1524 1782 est
1556 1752 1724 1788 exortus,
1759 1741 1964 1780 obscuratis

574 1815 757 1855 omnibus
778 1813 877 1851 solus
896 1820 1059 1864 apparet
1065 1829 1077 1855 ς
1109 1811 1221 1848 Luna
1239 1823 1259 1847 a
1274 1809 1414 1848 lucendo
1443 1809 1639 1848 nominata
1658 1809 1716 1847 fit.
1747 1807 1894 1845 Eadem
1913 1807 1966 1845 est

576 1882 682 1920 enim
702 1879 858 1919 Lucina.
891 1879 1040 1929 Itaque,
1061 1885 1104 1914 ut
1123 1875 1224 1928 apud
1245 1876 1399 1914 Graecos
1421 1874 1601 1920 Dianam,
1621 1886 1784 1926 eamque
1804 1872 1966 1911 Lucife-

577 1961 673 1992 ram,
709 1947 758 1985 s1c
792 1943 892 1997 apud
911 1943 1051 1981 nostros
1072 1943 1252 1995 Junonem
1272 1943 1451 1981 Lucinam
1480 1942 1519 1980 in
1550 1940 1729 1994 pariendo
1759 1940 1966 1979 invocant:

578 2025 663 2065 quae
682 2011 812 2048 eadem
833 2009 958 2046 Diana
974 2007 1176 2058 omnivaga
1195 2007 1350 2051 dicitur,
1381 2020 1459 2045 non
1479 2020 1500 2044 a
1519 2006 1692 2050 venando,
1723 2004 1784 2042 sed
1803 2003 1907 2056 quod
1926 2005 1968 2042 in
1990 2020 1993 2023 ’

580 2077 720 2130 septem
743 2082 964 2113 numeratur
983 2081 1167 2124 tanquam
1185 2072 1422 2124 vagantibus.
1455 2071 1579 2110 Diana
1598 2071 1711 2114 dic‘ta,
1733 2069 1823 2121 quia
1853 2070 1968 2106 noftu

579 2141 682 2194 quasi
703 2140 807 2178 diem
827 2139 1006 2177 efficeret.
1052 2135 1271 2175 Adhibetur
1290 2146 1418 2175 autem
1438 2136 1483 2174 ad
1504 2144 1644 2189 partus,
1666 2134 1770 2187 quod
1791 2134 1816 2171 ii
1840 2143 1967 2171 matu-

581 2207 730 2245 rescunt
759 2214 824 2244 aut
844 2204 987 2257 septem
1017 2215 1312 2256 nonnunquam,
1347 2212 1412 2241 aut
1443 2203 1669 2255 plerumque
1699 2212 1835 2239 novem
1869 2200 1967 2237 lunae

580 2272 749 2310 cursibus
766 2290 778 2316 ς
809 2271 892 2322 qui,
913 2271 1002 2322 quia
1022 2269 1148 2307 mensa
1168 2269 1283 2321 spatia
1303 2268 1530 2312 conficiunt,
1561 2268 1686 2320 mcrfis
1705 2265 1966 2304 nominantur.

582 2338 875 2389 Concinneque,
906 2345 947 2374 ut
967 2336 1101 2380 multa,
1122 2336 1296 2374 Timaeus
1314 2354 1324 2380 ς
1358 2335 1439 2387 qui,
1461 2347 1552 2372 cum
1574 2334 1612 2372 in
1634 2332 1786 2371 historia
1805 2330 1967 2374 dixisset,

580 2417 655 2455 qua
676 2404 784 2441 noste
804 2411 912 2440 natus
930 2401 1146 2439 Alexander
1165 2400 1266 2445 esset,
1287 2401 1419 2438 efidem
1443 2400 1574 2437 Dianae
1591 2398 1761 2452 Ephesia*
1777 2397 1968 2449 templum

581 2467 845 2521 deflagravifl‘e,
866 2467 1054 2520 adjunxit,
1084 2466 1221 2504 minime
1240 2465 1279 2504 id
1292 2466 1352 2518 eff'
1371 2465 1583 2509 mirandum,
1615 2464 1706 2518 qubd
1726 2464 1869 2506 Diana,
1890 2475 1968 2500 cum

582 2535 616 2571 in
631 2543 747 2585 partu
764 2532 980 2587 Olympiadis
998 2531 1104 2586 adeff'
1122 2531 1292 2585 voluistis,
1309 2530 1468 2584 algsizssbt
1488 2530 1593 2570 domo.
1626 2532 1724 2582 Qae
1745 2538 1872 2567 autem
1887 2528 1968 2566 Dea
