2330 2983
587 290 905 330 LIBER
981 288 1395 327 PRIMUS.
1649 302 1698 341 75

353 390 446 429 XII.
479 390 577 441 Qae
597 402 690 426 cum
710 386 883 425 dixiffet:
903 387 955 424 Et
976 386 1139 424 breviter
1158 386 1256 430 sane,
1279 385 1521 437 minimeque
1541 384 1697 423 obscure

297 456 466 509 exposita
495 455 560 499 est,
597 455 770 506 inquam,
801 466 821 490 a
841 462 889 497 te,
913 453 1047 496 Varro,
1079 461 1116 489 et
1142 453 1277 489 veteris
1297 451 1517 489 Academiae
1537 452 1632 489 ratio
1658 460 1696 489 et

298 522 528 560 Stoicorum.
589 520 736 557 Verum
756 518 826 556 effe
846 526 974 555 autem
994 518 1168 562 arbitror,
1190 526 1234 555 ut
1253 516 1467 561 Antiocho,
1489 517 1615 554 nostro
1636 516 1694 554 fa-

297 586 452 631 miliari,
484 585 670 639 placebat,
701 584 979 622 correc'tionem
1010 583 1145 622 veteris
1167 582 1384 622 Academiae
1414 583 1542 635 potius
1579 595 1695 634 quam

296 651 464 703 aliquam
485 664 623 689 novam
643 648 885 702 disciplinam
905 648 1128 701 putandam.

351 718 468 755 Tunc
490 718 623 761 Varro,
659 717 757 754 Tuae
777 715 864 753 sunt
884 728 988 752 nunc
1008 724 1146 767 partes,
1177 713 1319 766 inquit,
1350 712 1418 765 qui
1438 713 1484 751 ab
1516 713 1696 765 antiquo-

297 796 384 820 rum
405 783 550 821 ratione
580 795 684 819 nunc
714 780 898 825 desciscis,
921 790 959 818 et
979 793 1033 824 ea,
1069 794 1153 832 quae
1173 780 1220 817 ab
1247 779 1414 818 Arcefila
1433 788 1568 816 novata
1596 778 1695 822 sunt,

296 848 447 901 probas,
469 850 602 886 docere
622 847 727 900 quod
745 856 783 884 et
802 859 877 898 qua
896 846 942 884 de
962 846 1070 884 causa
1087 845 1293 884 discidium
1312 844 1458 883 faCtum
1479 844 1546 889 s1t;
1574 852 1616 882 ut
1637 844 1695 882 vi—

296 912 468 958 deamus,
490 912 624 951 satisne
643 912 710 949 ista
729 911 774 949 s1t
787 911 888 964 justa
907 910 1084 949 defecstio.

352 980 463 1017 Tum
493 992 578 1031 ego,
610 978 715 1015 Cum
747 978 918 1020 Zenone,
950 977 1126 1028 inquam,
1162 984 1205 1013 ut
1231 975 1464 1028 accepimus,
1496 974 1695 1019 Arcesilas,

296 1044 367 1083 fibi
397 1057 513 1082 omne
534 1052 726 1081 certamen
757 1042 935 1087 instituit,
968 1056 1046 1080 non
1066 1041 1286 1094 pertinacia,
1308 1050 1373 1079 aut
1392 1040 1516 1078 studio
1535 1040 1694 1078 vincen-

296 1110 350 1155 di,
386 1119 429 1148 ut
448 1108 549 1148 mihi
570 1108 729 1161 quidem
760 1108 924 1152 videtur,
957 1107 1019 1145 sed
1039 1121 1169 1145 earum
1190 1120 1318 1145 rerum
1338 1106 1581 1151 obscuritate,
1612 1120 1695 1159 quae

296 1176 343 1214 ad
381 1175 654 1214 confeffion-em
691 1174 940 1227 ignorationis
978 1173 1212 1212 adduxerant
1250 1175 1460 1217 Socratem,
1504 1182 1544 1211 et
1576 1173 1696 1210 veluti

296 1251 466 1280 amantes
501 1243 709 1285 Socratem,
746 1240 1035 1284 Democritum,
1077 1241 1360 1292 Anaxagoram,
1398 1237 1695 1291 Empedoclem,

297 1321 431 1345 omnes
466 1320 564 1360 pene
595 1316 764 1344 veteres:
811 1306 879 1357 qui
912 1303 1012 1343 nihil
1038 1304 1230 1357 cognosci,
1272 1302 1372 1342 nihil
1403 1303 1565 1356 percipi,
1596 1303 1697 1342 nihil

299 1372 384 1410 sciri
403 1371 504 1425 poffe
534 1372 736 1415 dixerunt,
767 1370 943 1422 angustos
970 1370 1108 1413 sensus,
1139 1369 1356 1407 imbecillos
1377 1369 1540 1413 animos,
1571 1369 1697 1406 brevia

297 1438 489 1476 curricula
518 1438 618 1481 vitae,
648 1446 686 1474 et
718 1437 779 1487 (ut
805 1435 1073 1486 Democritus)
1106 1435 1146 1472 in
1175 1433 1369 1486 profundo
1399 1433 1597 1472 veritatem
1626 1433 1697 1472 effe

298 1503 508 1542 demersam
524 1521 536 1547 ς
568 1501 814 1555 opinionibus
835 1510 873 1539 et
894 1501 1075 1538 institutis
1093 1499 1225 1538 omnia
1244 1500 1363 1537 teneri
1378 1518 1390 1544 ;
1422 1498 1521 1537 nihil
1549 1498 1696 1538 veritati

299 1569 466 1622 relinqui
480 1587 492 1613 3
515 1568 691 1620 deinceps
712 1567 844 1605 omnia
864 1566 1028 1604 tenebris
1049 1563 1282 1604 circumfusa
1301 1565 1371 1603 esse
1391 1565 1583 1603 dixerunt.
1617 1566 1695 1603 Ita-

298 1647 374 1687 que
394 1633 578 1672 Arcesilas
598 1632 760 1686 negabat
787 1631 858 1670 effe
877 1632 1106 1684 quidquam,
1137 1631 1243 1684 quod
1263 1630 1347 1669 sciri
1367 1631 1499 1684 pofl'et,
1531 1644 1579 1668 ne
1599 1630 1699 1669 illud

297 1699 457 1752 quidem
487 1699 629 1753 ipsum,
658 1698 763 1751 quod
794 1700 961 1736 Socrates
983 1697 1051 1736 fibi
1071 1696 1291 1750 reliquisset.
1341 1697 1402 1735 Sic
1434 1697 1564 1735 omnia
1583 1696 1699 1735 latere

297 1765 497 1804 censebant
517 1766 557 1804 in
576 1765 730 1804 occulto
747 1784 757 1809 ;
790 1778 914 1818 neque
942 1763 1013 1802 effe
1033 1764 1262 1817 quidquam,
1294 1762 1399 1815 quod
1422 1763 1526 1801 cerni
1546 1772 1612 1801 aut
1632 1763 1695 1801 in-

296 1832 421 1885 telligi
454 1832 592 1885 poffit:
624 1832 766 1885 quibus
796 1831 843 1869 de
873 1831 990 1869 caufis
1024 1829 1123 1868 nihil
1153 1838 1327 1882 oportere
1357 1842 1480 1881 neque
1510 1828 1695 1881 profiteri,

296 1910 422 1950 neque
441 1898 627 1936 affirmare
657 1910 909 1950 quemquam,
938 1910 1062 1948 neque
1081 1895 1286 1934 assentione
1315 1895 1522 1948 approbare
1538 1913 1550 1939 ς
1582 1893 1695 1933 cohi-

298 1963 462 2015 bereque
492 1964 653 2016 semper,
689 1973 727 2001 et
758 1964 804 2001 ab
824 1963 932 2001 omni
953 1962 1058 2015 lapsu
1078 1961 1273 2000 continere
1294 1961 1549 1999 temeritatem
1569 1975 1578 1998 ε
1610 1975 1695 2013 quae

298 2039 382 2068 tum
413 2029 502 2068 esset
531 2030 702 2083 infignis,
733 2043 825 2068 cum
856 2038 921 2067 aut
941 2028 1043 2074 falsa,
1074 2038 1139 2067 aut
1159 2028 1355 2081 incognita
1378 2041 1434 2066 res
1466 2027 1694 2080 approbare-

298 2105 360 2134 tur
378 2110 386 2133 :
419 2109 543 2149 neque
562 2084 638 2135 hoc
659 2096 872 2148 quidquam
892 2095 962 2133 esse
983 2096 1145 2148 turpius,
1179 2108 1297 2148 quam
1316 2094 1530 2146 cognitioni
1548 2102 1588 2131 et
1607 2106 1694 2147 per-

297 2162 465 2214 ceptioni
485 2162 732 2201 affentionem
752 2162 1147 2215 approbationemque
1167 2173 1407 2214 praecurrere.

353 2227 461 2265 Huic
492 2228 630 2266 rationi
664 2228 769 2280 quod
803 2236 880 2265 erat
910 2227 1222 2271 consentaneum,
1262 2225 1440 2270 faciebat,
1481 2235 1524 2264 ut
1564 2234 1695 2264 contra

297 2294 476 2332 omnium
508 2293 707 2332 sententias
745 2293 823 2332 dies
850 2295 932 2346 jam
964 2293 1164 2346 plerosque
1188 2293 1416 2331 deduceret:
1449 2299 1504 2337 ut,
1542 2305 1633 2329 cum
1655 2292 1695 2329 in

297 2360 427 2397 eadem
449 2373 486 2396 re
506 2361 606 2412 paria
625 2361 822 2398 contrariis
844 2360 883 2397 in
904 2360 1075 2412 partibus
1102 2368 1299 2398 momenta
1329 2358 1522 2396 rationum
1543 2356 1693 2394 inveni-

298 2435 442 2469 rentur,
463 2423 615 2463 facilius
635 2426 681 2463 ab
703 2435 860 2477 utraque
881 2435 985 2478 parte
1005 2424 1160 2463 assentio
1177 2424 1432 2462 sustineretur.
1456 2423 1570 2460 Hanc
1591 2423 1692 2460 Aca-

298 2491 466 2529 demiam
500 2503 638 2529 novam
669 2491 887 2544 appellant,
920 2505 1004 2544 quae
1033 2490 1133 2529 mihi
1164 2500 1272 2528 vetus
1293 2489 1457 2532 videtur,
1488 2488 1513 2525 fi
1534 2487 1697 2539 quidem

299 2556 500 2595 Platonem
519 2570 565 2595 ex
585 2558 651 2595 illa
670 2566 794 2595 vetere
815 2571 1075 2596 numeramus.
1136 2557 1257 2608 Cujus
1279 2556 1318 2593 in
1338 2555 1446 2593 libris
1470 2552 1569 2592 nihil
1590 2553 1693 2591 affir—

298 2632 438 2668 matur,
470 2633 507 2661 et
539 2624 579 2662 in
618 2633 820 2676 utramque
839 2633 987 2677 partem
1013 2622 1136 2662 multa
1164 2621 1406 2665 differuntur,
1438 2620 1484 2659 de
1512 2619 1694 2658 omnibus

1304 2688 1343 2725 K
1375 2699 1396 2726 2
