2330 2983
678 229 952 268 LIBER
1010 229 1504 269 SECUNDUs,
1714 246 1788 285 297

400 325 570 364 hostium
598 325 777 363 videbant
807 326 935 369 Decii,
965 338 1056 364 cum
1089 326 1130 364 in
1159 326 1280 366 aciem
1310 340 1444 365 eorum
1477 327 1692 367 irruebant:
1727 329 1787 369 his

400 392 549 429 levabat
561 404 719 429 omnem
738 391 943 428 vulnerum
960 400 1110 429 metum
1130 392 1308 430 nobilitas
1325 393 1460 430 mortis
1472 402 1509 430 et
1523 394 1656 445 gloria.
1675 395 1787 434 Num

400 465 487 494 tum
519 453 743 506 ingemuisse
762 454 1073 506 Epaminondam
1099 464 1224 506 putas,
1257 469 1350 493 cum
1384 456 1459 493 una
1492 471 1581 495 cum
1609 458 1787 511 sanguine

398 521 518 558 vitam
537 519 691 558 effluere
706 518 885 557 sentiret?
915 520 1164 572 imperantem
1185 521 1289 558 enim
1306 521 1466 573 patriam
1486 523 1785 563 Lacedaemoniis

398 583 651 635 relinquebat,
680 596 797 635 quam
818 593 1010 635 acceperat
1030 583 1267 622 servientem.
1309 585 1406 623 Haec
1427 585 1512 624 sunt
1532 586 1672 632 solatia,
1703 588 1785 627 haee

397 647 583 694 fomenta,
603 649 844 687 summorum
863 649 1056 689 dolorum.

452 716 583 753 XXV.
615 715 747 760 Dices,
768 715 865 767 quid
881 715 920 753 in
942 716 1064 768 pace?
1086 715 1180 768 quid
1199 715 1334 754 domi?
1356 716 1450 768 quid
1470 717 1509 755 in
1529 716 1671 756 lectulo
1688 719 1700 755 ?
1722 719 1785 757 Ad

397 779 645 832 philosophos
665 793 728 819 me
757 794 921 825 revocas,
950 781 1018 833 qui
1047 782 1088 819 in
1119 782 1241 819 aciem
1267 795 1344 820 non
1377 782 1473 834 saepe
1497 783 1699 834 prodeun‘t.
1749 786 1781 822 E

397 846 539 896 quibus
569 844 690 884 homo
718 845 804 884 sane
828 846 919 884 levis
950 847 1195 885 Heracleotes
1216 847 1436 898 Dionyfius,
1465 860 1557 885 cum
1587 862 1608 885 a
1628 849 1784 887 Zenone

397 909 506 949 fortis
523 910 594 949 effe
611 911 811 956 didiciffet,
840 925 861 949 a
879 911 1009 950 dolore
1028 912 1210 950 deductus
1230 912 1295 950 est.
1327 913 1432 950 Nam
1452 925 1544 950 cum
1563 925 1611 951 ex
1630 915 1782 953 renibus

396 975 595 1019 laboraret,
616 975 696 1027 ipso
715 975 756 1012 in
775 975 917 1026 ejulatu
937 975 1170 1020 clamitabat,
1198 975 1288 1014 falsa
1312 975 1382 1014 effe
1402 977 1480 1021 illa,
1511 990 1596 1030 quae
1611 988 1718 1016 antea
1736 979 1784 1016 de

395 1039 525 1077 dolore
544 1039 622 1091 ipse
639 1039 809 1079 senfiffet.
839 1041 969 1091 Qem
987 1055 1078 1079 cum
1100 1040 1304 1079 Cleanthes
1319 1041 1604 1094 condiscipulus
1620 1054 1782 1094 rogaret,

395 1117 571 1155 quaenam
591 1105 685 1142 ratio
704 1118 794 1142 eum
813 1105 860 1142 de
885 1105 1069 1143 sententia
1082 1105 1307 1149 deduxisset,
1324 1105 1530 1158 respondit,
1552 1107 1670 1157 Qia,
1689 1120 1781 1146 cum

395 1177 547 1207 tantum
579 1182 700 1222 operae
728 1168 979 1223 philosophiae
1010 1170 1207 1215 dediffem,
1230 1170 1400 1208 dolorem
1422 1180 1549 1209 tamen
1579 1171 1676 1209 ferre
1704 1185 1782 1210 non

393 1233 552 1288 possem,
586 1235 671 1273 satis
704 1235 791 1274 effet
823 1236 1054 1288 argumenti,
1090 1236 1238 1274 malum
1257 1236 1327 1274 effe
1359 1236 1545 1275 dolorem.
1587 1237 1778 1276 Plurimos

390 1309 523 1338 autem
544 1314 660 1339 annos
682 1301 720 1338 in
740 1300 983 1354 philosophia
997 1300 1227 1354 consumpfi,
1244 1313 1313 1339 nec
1328 1299 1425 1338 ferre
1439 1301 1586 1353 poffum
1599 1318 1611 1345 3
1632 1302 1780 1340 malum

392 1364 446 1402 est
463 1365 582 1417 igitur
601 1366 722 1403 dolor.
753 1367 862 1404 Tum
882 1364 1126 1410 Cleanthem,
1156 1379 1248 1404 cum
1268 1365 1363 1418 pede
1383 1375 1519 1404 terram
1539 1366 1777 1419 percuffiffet,

394 1430 544 1468 versum
563 1444 610 1469 ex
630 1432 816 1483 Epigonis
836 1430 962 1469 flerunt
981 1431 1111 1469 dixisse
1122 1449 1135 1476 3

532 1495 689 1548 Audfize
706 1496 795 1541 haec,
816 1497 1051 1549 Amphiarae,
1067 1496 1140 1548 βψ
1159 1505 1297 1534 terram
1314 1495 1432 1534 abdite
1446 1497 1466 1534 ,ἕ

396 1560 596 1599 Zenonem
616 1560 849 1613 significabat
862 1578 876 1605 3
907 1574 927 1598 a
946 1574 1027 1612 quo
1043 1561 1159 1598 illum
1179 1560 1402 1613 degenerare
1421 1560 1587 1599 dolebat.

448 1627 503 1665 At
535 1639 614 1663 non
651 1625 774 1664 noster
811 1625 1033 1664 Posidonius
1054 1643 1068 1670 3
1116 1638 1234 1678 quem
1260 1634 1298 1663 et
1328 1625 1407 1678 ipse
1435 1625 1529 1678 saepe
1553 1626 1648 1672 vidi,
1676 1636 1714 1666 et
1740 1628 1778 1666 id

393 1691 534 1735 dicam,
554 1691 660 1742 quod
678 1690 820 1729 solebat
840 1704 988 1729 narrare
1004 1691 1235 1743 Pompeius3
1266 1690 1317 1735 se,
1336 1704 1428 1729 cum
1448 1690 1635 1729 Rhodum
1655 1693 1778 1731 venis-

393 1756 450 1795 set
465 1756 648 1795 decedens
668 1770 716 1795 ex
734 1757 852 1809 Syria,
880 1757 1007 1795 audire
1026 1755 1183 1794 voluiffe
1201 1756 1448 1794 Posidonium
1466 1771 1475 1794 :
1507 1756 1570 1794 sed
1594 1769 1686 1796 cum
1707 1771 1777 1795 au-

392 1820 554 1866 divisset,
585 1835 675 1860 eum
693 1823 854 1874 graviter
881 1820 952 1859 effe
981 1834 1142 1874 aegrum,
1168 1821 1273 1873 quod
1291 1820 1536 1859 vehementer
1565 1823 1646 1874 ejus
1675 1831 1776 1862 artus

392 1887 620 1932 laborarent,
662 1886 818 1925 voluifl‘e
851 1895 979 1925 tamen
1020 1886 1299 1925 nobiliffimum
1328 1885 1604 1940 philosophum
1635 1887 1751 1926 visere
1762 1906 1776 1933 3

393 1965 512 2004 quern
532 1961 575 1990 ut
593 1952 739 1990 vidiffet
758 1962 795 1990 et
824 1951 1058 1997 salutavisset,
1090 1950 1387 2004 honorificisque
1404 1953 1528 1991 verbis
1559 1952 1776 2005 prosecutus

392 2017 495 2063 effet,
525 2018 756 2070 molesteque
775 2018 811 2057 se
840 2018 987 2056 dixiffet
1005 2017 1116 2063 ferre,
1146 2017 1251 2070 quod
1278 2031 1369 2057 eum
1389 2031 1468 2057 non
1486 2018 1604 2072 poffet
1620 2019 1749 2057 audire
1762 2037 1776 2064 3

393 2093 431 2121 at
449 2084 529 2128 ille,
549 2085 615 2122 Tu
634 2097 736 2127 vero,
768 2084 909 2136 inquit,
931 2092 1064 2136 potes3
1096 2096 1165 2121 nec
1185 2084 1443 2129 committam,
1476 2094 1520 2123 ut
1552 2084 1662 2123 dolor
1690 2097 1778 2123 cor-

393 2150 494 2201 poris
526 2149 679 2194 efficiat,
708 2158 752 2186 ut
781 2148 915 2187 frustra
935 2159 1061 2187 tantus
1081 2149 1138 2186 vir
1156 2149 1202 2186 ad
1220 2162 1287 2187 me
1301 2150 1460 2188 venerit.
1500 2151 1633 2202 Itaque
1651 2163 1778 2188 narra-

393 2214 471 2258 bat,
492 2227 582 2251 eum
600 2214 762 2265 graviter
779 2223 818 2250 et
836 2213 985 2266 copiose
1012 2213 1057 2251 de
1077 2212 1152 2252 hoc
1171 2213 1263 2265 ipso,
1294 2213 1409 2252 Nihil
1429 2214 1499 2253 effe
1517 2215 1679 2259 bonum,
1710 2214 1776 2252 nisi

392 2279 498 2330 quod
517 2278 721 2316 honesturn
738 2277 840 2322 effet,
856 2279 1060 2317 cubantem
1081 2279 1318 2331 disputavisse
1336 2294 1345 2317 :
1370 2293 1539 2332 cumque
1557 2279 1659 2332 quasi
1678 2277 1777 2316 faces

392 2343 428 2380 ei
447 2342 588 2381 doloris
607 2342 910 2388 admoverentur,
933 2343 1026 2396 saepe
1052 2343 1197 2389 dixisse,
1218 2345 1330 2383 Nihil
1343 2346 1433 2397 agis,
1463 2344 1558 2383 dolor
1572 2361 1585 2383 .·
1616 2343 1778 2397 quamvis

379 2409 435 2459 sis
452 2407 615 2460 molestus,
636 2422 814 2462 nunquam
834 2419 869 2448 te
886 2409 945 2462 ‹ssi’
963 2410 1148 2462 confitebor
1166 2410 1308 2449 malum.

450 2474 703 2525 Omninoque
730 2488 864 2514 omnes
895 2476 988 2514 clari
1020 2486 1058 2514 et
1091 2476 1283 2514 nobilitati
1316 2476 1462 2514 labores
1495 2473 1779 2514 contemnendo

502 2539 541 2577 T
558 2552 582 2577 o
601 2550 652 2577 Μ.
683 2538 736 2577 11.
1395 2541 1424 2578 P
1450 2554 1475 2592 p
