<?xml version="1.0" encoding="UTF-8"?>
<!DOCTYPE html PUBLIC "-//W3C//DTD XHTML 1.0 Transitional//EN"
    "http://www.w3.org/TR/xhtml1/DTD/xhtml1-transitional.dtd">
<html xmlns="http://www.w3.org/1999/xhtml" xml:lang="en" lang="en">
 <head>
  <title>
</title>
<meta http-equiv="Content-Type" content="text/html;charset=utf-8" />
  <meta name='ocr-system' content='tesseract 3.04.00' />
  <meta name='ocr-capabilities' content='ocr_page ocr_carea ocr_par ocr_line ocrx_word'/>
</head>
<body>
  <div class='ocr_page' id='page_1' title='image "./operacumindicibu02ciceuoft_0114.png"; bbox 0 0 2330 2983; ppageno 0'>
   <div class='ocr_carea' id='block_1_1' title="bbox 595 208 1554 252">
    <p class='ocr_par' dir='ltr' id='par_1_1' title="bbox 595 208 1554 252">
     <span class='ocr_line' id='line_1_1' title="bbox 595 208 1554 252; baseline -0.006 0"><span class='ocrx_word' id='word_1_1' title='bbox 595 213 667 252; x_wconf 89' lang='lat'>106</span> <span class='ocrx_word' id='word_1_2' title='bbox 1009 210 1112 248; x_wconf 91' lang='lat' dir='ltr'>DE</span> <span class='ocrx_word' id='word_1_3' title='bbox 1170 208 1554 249; x_wconf 89' lang='lat' dir='ltr'>FINIBUS</span> 
     </span>
    </p>
   </div>
   <div class='ocr_carea' id='block_1_2' title="bbox 588 305 2004 2594">
    <p class='ocr_par' dir='ltr' id='par_1_2' title="bbox 590 305 1991 481">
     <span class='ocr_line' id='line_1_2' title="bbox 726 305 1398 350; baseline -0.003 -4"><span class='ocrx_word' id='word_1_4' title='bbox 726 307 838 346; x_wconf 87' lang='lat' dir='ltr'>Nunc</span> <span class='ocrx_word' id='word_1_5' title='bbox 856 306 989 345; x_wconf 82' lang='lat' dir='ltr'>demum</span> <span class='ocrx_word' id='word_1_6' title='bbox 1007 306 1097 344; x_wconf 82' lang='lat' dir='ltr'>mihi</span> <span class='ocrx_word' id='word_1_7' title='bbox 1110 307 1249 345; x_wconf 82' lang='lat' dir='ltr'>animus</span> <span class='ocrx_word' id='word_1_8' title='bbox 1266 305 1370 345; x_wconf 77' lang='lat' dir='ltr'>ardet</span> <span class='ocrx_word' id='word_1_9' title='bbox 1385 323 1398 350; x_wconf 88' lang='lat'>;</span> 
     </span>
     <span class='ocr_line' id='line_1_3' title="bbox 590 369 1991 426; baseline 0 -15"><span class='ocrx_word' id='word_1_10' title='bbox 590 386 757 426; x_wconf 90' lang='lat' dir='ltr'>quorum</span> <span class='ocrx_word' id='word_1_11' title='bbox 787 372 880 410; x_wconf 87' lang='lat' dir='ltr'>alter</span> <span class='ocrx_word' id='word_1_12' title='bbox 909 371 1041 410; x_wconf 83' lang='lat' dir='ltr'>laetitia</span> <span class='ocrx_word' id='word_1_13' title='bbox 1068 371 1216 424; x_wconf 85' lang='lat' dir='ltr'>gestiat,</span> <span class='ocrx_word' id='word_1_14' title='bbox 1246 371 1339 410; x_wconf 88' lang='lat' dir='ltr'>alter</span> <span class='ocrx_word' id='word_1_15' title='bbox 1369 370 1499 410; x_wconf 91' lang='lat' dir='ltr'>dolore</span> <span class='ocrx_word' id='word_1_16' title='bbox 1528 369 1720 409; x_wconf 83' lang='lat' dir='ltr'>crucietur</span> <span class='ocrx_word' id='word_1_17' title='bbox 1735 388 1750 416; x_wconf 64' lang='grc' dir='ltr'><strong><em>ς</em></strong></span> <span class='ocrx_word' id='word_1_18' title='bbox 1778 369 1850 410; x_wconf 83' lang='lat' dir='ltr'>effe</span> <span class='ocrx_word' id='word_1_19' title='bbox 1868 371 1991 411; x_wconf 75' lang='lat' dir='ltr'>illum</span> 
     </span>
     <span class='ocr_line' id='line_1_4' title="bbox 592 438 780 481; baseline -0.005 -5"><span class='ocrx_word' id='word_1_20' title='bbox 592 438 780 481; x_wconf 88' lang='lat' dir='ltr'>medium,</span> 
     </span>
    </p>

    <p class='ocr_par' dir='ltr' id='par_1_3' title="bbox 590 500 1987 750">
     <span class='ocr_line' id='line_1_5' title="bbox 727 500 1786 556; baseline -0.002 -14"><span class='ocrx_word' id='word_1_21' title='bbox 727 504 940 556; x_wconf 77' lang='lat' dir='ltr'>Qanquam</span> <span class='ocrx_word' id='word_1_22' title='bbox 959 503 1036 543; x_wconf 81' lang='lat' dir='ltr'>haec</span> <span class='ocrx_word' id='word_1_23' title='bbox 1054 503 1151 541; x_wconf 78' lang='lat' dir='ltr'>inter</span> <span class='ocrx_word' id='word_1_24' title='bbox 1170 517 1229 541; x_wconf 81' lang='lat' dir='ltr'>nos</span> <span class='ocrx_word' id='word_1_25' title='bbox 1247 511 1363 554; x_wconf 76' lang='lat' dir='ltr'>nuper</span> <span class='ocrx_word' id='word_1_26' title='bbox 1380 502 1510 541; x_wconf 83' lang='lat' dir='ltr'>notitia</span> <span class='ocrx_word' id='word_1_27' title='bbox 1528 500 1709 541; x_wconf 83' lang='lat' dir='ltr'><em>admodum</em></span> <span class='ocrx_word' id='word_1_28' title='bbox 1728 502 1786 554; x_wconf 74' lang='lat' dir='ltr'>ss,</span> 
     </span>
     <span class='ocr_line' id='line_1_6' title="bbox 590 566 1987 627; baseline -0.006 -13"><span class='ocrx_word' id='word_1_29' title='bbox 590 575 659 627; x_wconf 87' lang='lat' dir='ltr'>qui</span> <span class='ocrx_word' id='word_1_30' title='bbox 679 587 747 612; x_wconf 90' lang='lat' dir='ltr'>nec</span> <span class='ocrx_word' id='word_1_31' title='bbox 769 573 929 612; x_wconf 66' lang='lat' dir='ltr'>laetetur,</span> <span class='ocrx_word' id='word_1_32' title='bbox 965 581 1034 606; x_wconf 90' lang='lat' dir='ltr'>nec</span> <span class='ocrx_word' id='word_1_33' title='bbox 1055 578 1212 620; x_wconf 86' lang='lat' dir='ltr'>angatur</span> <span class='ocrx_word' id='word_1_34' title='bbox 1230 583 1238 605; x_wconf 90' lang='lat'>:</span> <span class='ocrx_word' id='word_1_35' title='bbox 1271 568 1443 619; x_wconf 83' lang='lat' dir='ltr'>itemque</span> <span class='ocrx_word' id='word_1_36' title='bbox 1474 567 1573 604; x_wconf 90' lang='lat' dir='ltr'>inter</span> <span class='ocrx_word' id='word_1_37' title='bbox 1591 580 1698 612; x_wconf 87' lang='lat' dir='ltr'>eum,</span> <span class='ocrx_word' id='word_1_38' title='bbox 1729 567 1797 618; x_wconf 91' lang='lat' dir='ltr'>qui</span> <span class='ocrx_word' id='word_1_39' title='bbox 1818 566 1987 620; x_wconf 82' lang='lat' dir='ltr'>potiatur</span> 
     </span>
     <span class='ocr_line' id='line_1_7' title="bbox 591 632 1986 693; baseline -0.006 -14"><span class='ocrx_word' id='word_1_40' title='bbox 591 640 768 693; x_wconf 85' lang='lat' dir='ltr'>expetitis</span> <span class='ocrx_word' id='word_1_41' title='bbox 789 635 956 688; x_wconf 87' lang='lat' dir='ltr'>corporis</span> <span class='ocrx_word' id='word_1_42' title='bbox 989 633 1271 685; x_wconf 72' lang='lat' dir='ltr'>voluptatibus,</span> <span class='ocrx_word' id='word_1_43' title='bbox 1295 641 1334 670; x_wconf 92' lang='lat' dir='ltr'>et</span> <span class='ocrx_word' id='word_1_44' title='bbox 1366 646 1472 677; x_wconf 91' lang='lat' dir='ltr'>eum,</span> <span class='ocrx_word' id='word_1_45' title='bbox 1504 632 1574 684; x_wconf 77' lang='lat' dir='ltr'>qui</span> <span class='ocrx_word' id='word_1_46' title='bbox 1602 633 1795 671; x_wconf 85' lang='lat' dir='ltr'>crucietur</span> <span class='ocrx_word' id='word_1_47' title='bbox 1825 632 1986 672; x_wconf 89' lang='lat' dir='ltr'>summis</span> 
     </span>
     <span class='ocr_line' id='line_1_8' title="bbox 591 699 1445 750; baseline -0.009 -6"><span class='ocrx_word' id='word_1_48' title='bbox 591 705 801 748; x_wconf 87' lang='lat' dir='ltr'>doloribus,</span> <span class='ocrx_word' id='word_1_49' title='bbox 822 700 893 739; x_wconf 88' lang='lat' dir='ltr'>esse</span> <span class='ocrx_word' id='word_1_50' title='bbox 912 712 1018 743; x_wconf 90' lang='lat' dir='ltr'>eum,</span> <span class='ocrx_word' id='word_1_51' title='bbox 1039 699 1106 750; x_wconf 83' lang='lat' dir='ltr'>qui</span> <span class='ocrx_word' id='word_1_52' title='bbox 1126 707 1289 750; x_wconf 88' lang='lat' dir='ltr'>utroque</span> <span class='ocrx_word' id='word_1_53' title='bbox 1308 707 1445 736; x_wconf 83' lang='lat' dir='ltr'>careat.</span> 
     </span>
    </p>

    <p class='ocr_par' dir='ltr' id='par_1_4' title="bbox 589 762 2004 1735">
     <span class='ocr_line' id='line_1_9' title="bbox 647 762 2000 817; baseline -0.005 -9"><span class='ocrx_word' id='word_1_54' title='bbox 647 771 698 808; x_wconf 92' lang='lat' dir='ltr'>V.</span> <span class='ocrx_word' id='word_1_55' title='bbox 730 767 873 807; x_wconf 88' lang='lat' dir='ltr'>Satisne</span> <span class='ocrx_word' id='word_1_56' title='bbox 901 766 1020 817; x_wconf 89' lang='lat' dir='ltr'>igitur</span> <span class='ocrx_word' id='word_1_57' title='bbox 1039 763 1168 801; x_wconf 89' lang='lat' dir='ltr'>videor</span> <span class='ocrx_word' id='word_1_58' title='bbox 1186 764 1268 800; x_wconf 86' lang='lat' dir='ltr'>vim</span> <span class='ocrx_word' id='word_1_59' title='bbox 1287 763 1494 800; x_wconf 87' lang='lat' dir='ltr'>verborum</span> <span class='ocrx_word' id='word_1_60' title='bbox 1515 771 1640 800; x_wconf 88' lang='lat' dir='ltr'>tenere</span> <span class='ocrx_word' id='word_1_61' title='bbox 1651 779 1664 806; x_wconf 67' lang='grc' dir='ltr'><strong><em>ς</em></strong></span> <span class='ocrx_word' id='word_1_62' title='bbox 1698 775 1744 800; x_wconf 90' lang='lat' dir='ltr'>an</span> <span class='ocrx_word' id='word_1_63' title='bbox 1765 762 1850 800; x_wconf 88' lang='lat' dir='ltr'>sum</span> <span class='ocrx_word' id='word_1_64' title='bbox 1868 763 2000 801; x_wconf 76' lang='lat' dir='ltr'>etiam.</span> 
     </span>
     <span class='ocr_line' id='line_1_10' title="bbox 592 826 1998 881; baseline -0.007 -7"><span class='ocrx_word' id='word_1_65' title='bbox 592 849 696 874; x_wconf 90' lang='lat' dir='ltr'>nunc</span> <span class='ocrx_word' id='word_1_66' title='bbox 715 834 774 872; x_wconf 91' lang='lat' dir='ltr'>vel</span> <span class='ocrx_word' id='word_1_67' title='bbox 797 834 930 871; x_wconf 83' lang='lat' dir='ltr'>Graece</span> <span class='ocrx_word' id='word_1_68' title='bbox 949 829 1072 881; x_wconf 91' lang='lat' dir='ltr'>loqui,</span> <span class='ocrx_word' id='word_1_69' title='bbox 1091 828 1152 867; x_wconf 89' lang='lat' dir='ltr'>vel</span> <span class='ocrx_word' id='word_1_70' title='bbox 1172 827 1324 873; x_wconf 86' lang='lat' dir='ltr'>Latine,</span> <span class='ocrx_word' id='word_1_71' title='bbox 1344 827 1538 867; x_wconf 86' lang='lat' dir='ltr'>docendus</span> <span class='ocrx_word' id='word_1_72' title='bbox 1558 828 1571 864; x_wconf 93' lang='lat'>?</span> <span class='ocrx_word' id='word_1_73' title='bbox 1593 827 1647 864; x_wconf 90' lang='lat' dir='ltr'>Et</span> <span class='ocrx_word' id='word_1_74' title='bbox 1662 835 1789 865; x_wconf 86' lang='lat' dir='ltr'>tamen</span> <span class='ocrx_word' id='word_1_75' title='bbox 1805 826 1905 871; x_wconf 78' lang='lat' dir='ltr'>vide,</span> <span class='ocrx_word' id='word_1_76' title='bbox 1922 839 1998 871; x_wconf 58' lang='lat' dir='ltr'>ne,⁷</span> 
     </span>
     <span class='ocr_line' id='line_1_11' title="bbox 592 892 1996 953; baseline -0.007 -13"><span class='ocrx_word' id='word_1_77' title='bbox 592 902 618 940; x_wconf 83' lang='lat' dir='ltr'>fi</span> <span class='ocrx_word' id='word_1_78' title='bbox 638 914 708 953; x_wconf 89' lang='lat' dir='ltr'>ego</span> <span class='ocrx_word' id='word_1_79' title='bbox 728 913 804 938; x_wconf 88' lang='lat' dir='ltr'>non</span> <span class='ocrx_word' id='word_1_80' title='bbox 825 896 1041 948; x_wconf 85' lang='lat' dir='ltr'>intelligam</span> <span class='ocrx_word' id='word_1_81' title='bbox 1061 893 1156 946; x_wconf 88' lang='lat' dir='ltr'>quid</span> <span class='ocrx_word' id='word_1_82' title='bbox 1168 893 1359 946; x_wconf 84' lang='lat' dir='ltr'>Epicur-us</span> <span class='ocrx_word' id='word_1_83' title='bbox 1379 893 1571 945; x_wconf 80' lang='lat' dir='ltr'>loquatur,</span> <span class='ocrx_word' id='word_1_84' title='bbox 1588 905 1682 931; x_wconf 89' lang='lat' dir='ltr'>cum</span> <span class='ocrx_word' id='word_1_85' title='bbox 1697 893 1852 937; x_wconf 80' lang='lat' dir='ltr'>Graece,</span> <span class='ocrx_word' id='word_1_86' title='bbox 1868 901 1912 931; x_wconf 92' lang='lat' dir='ltr'>ut</span> <span class='ocrx_word' id='word_1_87' title='bbox 1926 892 1996 931; x_wconf 72' lang='lat' dir='ltr'>vi-</span> 
     </span>
     <span class='ocr_line' id='line_1_12' title="bbox 591 958 1998 1012; baseline -0.006 -7"><span class='ocrx_word' id='word_1_88' title='bbox 591 967 696 1012; x_wconf 88' lang='lat' dir='ltr'>deor,</span> <span class='ocrx_word' id='word_1_89' title='bbox 722 964 937 1004; x_wconf 86' lang='lat' dir='ltr'>luculenter</span> <span class='ocrx_word' id='word_1_90' title='bbox 967 961 1108 1005; x_wconf 68' lang='lat' dir='ltr'>sciam,</span> <span class='ocrx_word' id='word_1_91' title='bbox 1140 959 1186 997; x_wconf 86' lang='lat' dir='ltr'>fit</span> <span class='ocrx_word' id='word_1_92' title='bbox 1204 959 1332 1011; x_wconf 88' lang='lat' dir='ltr'>aliqua</span> <span class='ocrx_word' id='word_1_93' title='bbox 1361 958 1476 1011; x_wconf 87' lang='lat' dir='ltr'>culpa</span> <span class='ocrx_word' id='word_1_94' title='bbox 1492 959 1593 1011; x_wconf 83' lang='lat' dir='ltr'>ejus,</span> <span class='ocrx_word' id='word_1_95' title='bbox 1621 958 1690 1011; x_wconf 88' lang='lat' dir='ltr'>qui</span> <span class='ocrx_word' id='word_1_96' title='bbox 1709 959 1764 1001; x_wconf 82' lang='lat' dir='ltr'>ita</span> <span class='ocrx_word' id='word_1_97' title='bbox 1791 958 1998 1010; x_wconf 66' lang='lat' dir='ltr'>loquatur„</span> 
     </span>
     <span class='ocr_line' id='line_1_13' title="bbox 593 1016 1996 1081; baseline -0.006 -11"><span class='ocrx_word' id='word_1_98' title='bbox 593 1041 636 1070; x_wconf 90' lang='lat' dir='ltr'>ut</span> <span class='ocrx_word' id='word_1_99' title='bbox 656 1045 733 1079; x_wconf 83' lang='lat' dir='ltr'>non</span> <span class='ocrx_word' id='word_1_100' title='bbox 764 1029 1012 1081; x_wconf 81' lang='lat' dir='ltr'>intelligatur.</span> <span class='ocrx_word' id='word_1_101' title='bbox 1058 1024 1175 1076; x_wconf 84' lang='lat' dir='ltr'>Qod</span> <span class='ocrx_word' id='word_1_102' title='bbox 1195 1025 1344 1064; x_wconf 86' lang='lat' dir='ltr'>duobus</span> <span class='ocrx_word' id='word_1_103' title='bbox 1364 1024 1488 1063; x_wconf 84' lang='lat' dir='ltr'>modis</span> <span class='ocrx_word' id='word_1_104' title='bbox 1510 1024 1586 1062; x_wconf 84' lang='lat' dir='ltr'>fine</span> <span class='ocrx_word' id='word_1_105' title='bbox 1604 1022 1892 1077; x_wconf 84' lang='lat' dir='ltr'>reprehenfione</span> <span class='ocrx_word' id='word_1_106' title='bbox 1911 1022 1956 1062; x_wconf 89' lang='lat' dir='ltr'>fit</span> <span class='ocrx_word' id='word_1_107' title='bbox 1970 1016 1996 1062; x_wconf 34' lang='lat'>¹:—</span> 
     </span>
     <span class='ocr_line' id='line_1_14' title="bbox 593 1089 1989 1143; baseline -0.01 -6"><span class='ocrx_word' id='word_1_108' title='bbox 593 1098 618 1136; x_wconf 87' lang='lat' dir='ltr'>s1</span> <span class='ocrx_word' id='word_1_109' title='bbox 639 1107 704 1136; x_wconf 88' lang='lat' dir='ltr'>aut</span> <span class='ocrx_word' id='word_1_110' title='bbox 724 1097 770 1135; x_wconf 89' lang='lat' dir='ltr'>de</span> <span class='ocrx_word' id='word_1_111' title='bbox 789 1094 972 1135; x_wconf 89' lang='lat' dir='ltr'>industria</span> <span class='ocrx_word' id='word_1_112' title='bbox 990 1092 1118 1136; x_wconf 84' lang='lat' dir='ltr'>facias,</span> <span class='ocrx_word' id='word_1_113' title='bbox 1136 1101 1179 1129; x_wconf 88' lang='lat' dir='ltr'>ut</span> <span class='ocrx_word' id='word_1_114' title='bbox 1200 1091 1435 1136; x_wconf 85' lang='lat' dir='ltr'>Heraclitus,</span> <span class='ocrx_word' id='word_1_115' title='bbox 1455 1099 1719 1143; x_wconf 85' lang='lat' dir='ltr'>cognomento</span> <span class='ocrx_word' id='word_1_116' title='bbox 1736 1089 1809 1142; x_wconf 78' lang='lat' dir='ltr'>qui</span> <span class='ocrx_word' id='word_1_117' title='bbox 1831 1089 1989 1128; x_wconf 56' lang='grc' dir='ltr'>σκοταῖος</span> 
     </span>
     <span class='ocr_line' id='line_1_15' title="bbox 594 1156 1999 1216; baseline -0.006 -15"><span class='ocrx_word' id='word_1_118' title='bbox 594 1163 829 1216; x_wconf 85' lang='lat' dir='ltr'>perhibetur,</span> <span class='ocrx_word' id='word_1_119' title='bbox 864 1159 955 1213; x_wconf 90' lang='lat' dir='ltr'>quia</span> <span class='ocrx_word' id='word_1_120' title='bbox 973 1159 1019 1196; x_wconf 91' lang='lat' dir='ltr'>de</span> <span class='ocrx_word' id='word_1_121' title='bbox 1039 1168 1171 1198; x_wconf 87' lang='lat' dir='ltr'>natura</span> <span class='ocrx_word' id='word_1_122' title='bbox 1200 1158 1317 1195; x_wconf 91' lang='lat' dir='ltr'>nimis</span> <span class='ocrx_word' id='word_1_123' title='bbox 1337 1156 1494 1195; x_wconf 89' lang='lat' dir='ltr'>obscure</span> <span class='ocrx_word' id='word_1_124' title='bbox 1524 1156 1751 1195; x_wconf 85' lang='lat' dir='ltr'>memoravit</span> <span class='ocrx_word' id='word_1_125' title='bbox 1765 1174 1780 1201; x_wconf 62' lang='grc' dir='ltr'>ς</span> <span class='ocrx_word' id='word_1_126' title='bbox 1809 1165 1875 1194; x_wconf 86' lang='lat' dir='ltr'>aut</span> <span class='ocrx_word' id='word_1_127' title='bbox 1893 1169 1999 1193; x_wconf 88' lang='lat' dir='ltr'>cum..</span> 
     </span>
     <span class='ocr_line' id='line_1_16' title="bbox 593 1222 1994 1274; baseline -0.006 -6"><span class='ocrx_word' id='word_1_128' title='bbox 593 1243 720 1268; x_wconf 86' lang='lat' dir='ltr'>rerum</span> <span class='ocrx_word' id='word_1_129' title='bbox 739 1227 960 1274; x_wconf 80' lang='lat' dir='ltr'>obscuritas,</span> <span class='ocrx_word' id='word_1_130' title='bbox 985 1238 1063 1267; x_wconf 90' lang='lat' dir='ltr'>non</span> <span class='ocrx_word' id='word_1_131' title='bbox 1082 1224 1303 1268; x_wconf 87' lang='lat' dir='ltr'>verborum,</span> <span class='ocrx_word' id='word_1_132' title='bbox 1333 1222 1439 1268; x_wconf 87' lang='lat' dir='ltr'>facit,</span> <span class='ocrx_word' id='word_1_133' title='bbox 1471 1232 1515 1260; x_wconf 92' lang='lat' dir='ltr'>ut</span> <span class='ocrx_word' id='word_1_134' title='bbox 1532 1236 1611 1262; x_wconf 88' lang='lat' dir='ltr'>non</span> <span class='ocrx_word' id='word_1_135' title='bbox 1635 1222 1873 1274; x_wconf 85' lang='lat' dir='ltr'>intelligatur</span> <span class='ocrx_word' id='word_1_136' title='bbox 1898 1235 1994 1260; x_wconf 72' lang='lat' dir='ltr'>ora-</span> 
     </span>
     <span class='ocr_line' id='line_1_17' title="bbox 592 1288 1996 1346; baseline -0.005 -14"><span class='ocrx_word' id='word_1_137' title='bbox 592 1296 671 1339; x_wconf 78' lang='lat' dir='ltr'>ti03</span> <span class='ocrx_word' id='word_1_138' title='bbox 703 1293 825 1346; x_wconf 90' lang='lat' dir='ltr'>qualis</span> <span class='ocrx_word' id='word_1_139' title='bbox 844 1291 897 1330; x_wconf 87' lang='lat' dir='ltr'>est</span> <span class='ocrx_word' id='word_1_140' title='bbox 925 1291 966 1335; x_wconf 74' lang='lat' dir='ltr'>in</span> <span class='ocrx_word' id='word_1_141' title='bbox 986 1291 1139 1328; x_wconf 86' lang='lat' dir='ltr'>Timaeo</span> <span class='ocrx_word' id='word_1_142' title='bbox 1159 1289 1342 1327; x_wconf 88' lang='lat' dir='ltr'>Platonis.</span> <span class='ocrx_word' id='word_1_143' title='bbox 1384 1288 1578 1341; x_wconf 83' lang='lat' dir='ltr'>Epicurus</span> <span class='ocrx_word' id='word_1_144' title='bbox 1597 1297 1753 1333; x_wconf 76' lang='lat' dir='ltr'>autem,</span> <span class='ocrx_word' id='word_1_145' title='bbox 1769 1297 1813 1326; x_wconf 92' lang='lat' dir='ltr'>ut</span> <span class='ocrx_word' id='word_1_146' title='bbox 1831 1288 1996 1340; x_wconf 86' lang='lat' dir='ltr'>opinor‚.</span> 
     </span>
     <span class='ocr_line' id='line_1_18' title="bbox 590 1353 1989 1409; baseline -0.006 -10"><span class='ocrx_word' id='word_1_147' title='bbox 590 1374 659 1407; x_wconf 87' lang='lat' dir='ltr'>nec</span> <span class='ocrx_word' id='word_1_148' title='bbox 681 1374 758 1399; x_wconf 89' lang='lat' dir='ltr'>non</span> <span class='ocrx_word' id='word_1_149' title='bbox 779 1358 876 1402; x_wconf 88' lang='lat' dir='ltr'>vult,</span> <span class='ocrx_word' id='word_1_150' title='bbox 906 1357 933 1396; x_wconf 90' lang='lat' dir='ltr'>s1</span> <span class='ocrx_word' id='word_1_151' title='bbox 953 1355 1078 1409; x_wconf 86' lang='lat' dir='ltr'>poffit,</span> <span class='ocrx_word' id='word_1_152' title='bbox 1108 1355 1220 1408; x_wconf 85' lang='lat' dir='ltr'>plane</span> <span class='ocrx_word' id='word_1_153' title='bbox 1239 1364 1276 1392; x_wconf 91' lang='lat' dir='ltr'>et</span> <span class='ocrx_word' id='word_1_154' title='bbox 1296 1363 1420 1407; x_wconf 88' lang='lat' dir='ltr'>aperte</span> <span class='ocrx_word' id='word_1_155' title='bbox 1451 1354 1583 1406; x_wconf 84' lang='lat' dir='ltr'>loqui:</span> <span class='ocrx_word' id='word_1_156' title='bbox 1615 1367 1685 1392; x_wconf 91' lang='lat' dir='ltr'>nec</span> <span class='ocrx_word' id='word_1_157' title='bbox 1710 1354 1758 1392; x_wconf 91' lang='lat' dir='ltr'>de</span> <span class='ocrx_word' id='word_1_158' title='bbox 1787 1367 1826 1391; x_wconf 90' lang='lat' dir='ltr'>re</span> <span class='ocrx_word' id='word_1_159' title='bbox 1845 1353 1989 1392; x_wconf 87' lang='lat' dir='ltr'>obscu-</span> 
     </span>
     <span class='ocr_line' id='line_1_19' title="bbox 591 1417 1998 1478; baseline -0.007 -14"><span class='ocrx_word' id='word_1_160' title='bbox 591 1439 642 1471; x_wconf 88' lang='lat' dir='ltr'>ra,</span> <span class='ocrx_word' id='word_1_161' title='bbox 665 1435 707 1463; x_wconf 92' lang='lat' dir='ltr'>ut</span> <span class='ocrx_word' id='word_1_162' title='bbox 723 1423 870 1478; x_wconf 88' lang='lat' dir='ltr'>phyfici</span> <span class='ocrx_word' id='word_1_163' title='bbox 886 1441 897 1467; x_wconf 72' lang='grc' dir='ltr'>ς</span> <span class='ocrx_word' id='word_1_164' title='bbox 928 1430 993 1460; x_wconf 88' lang='lat' dir='ltr'>aut</span> <span class='ocrx_word' id='word_1_165' title='bbox 1012 1419 1226 1465; x_wconf 88' lang='lat' dir='ltr'>artificiosa,</span> <span class='ocrx_word' id='word_1_166' title='bbox 1258 1429 1301 1457; x_wconf 89' lang='lat' dir='ltr'>ut</span> <span class='ocrx_word' id='word_1_167' title='bbox 1321 1418 1584 1457; x_wconf 87' lang='lat' dir='ltr'>mathematici</span> <span class='ocrx_word' id='word_1_168' title='bbox 1597 1437 1610 1464; x_wconf 69' lang='grc' dir='ltr'><strong><em>ς</em></strong></span> <span class='ocrx_word' id='word_1_169' title='bbox 1639 1418 1702 1458; x_wconf 91' lang='lat' dir='ltr'>sed</span> <span class='ocrx_word' id='word_1_170' title='bbox 1725 1419 1772 1457; x_wconf 90' lang='lat' dir='ltr'>de</span> <span class='ocrx_word' id='word_1_171' title='bbox 1791 1417 1927 1456; x_wconf 88' lang='lat' dir='ltr'>illustri</span> <span class='ocrx_word' id='word_1_172' title='bbox 1947 1427 1998 1456; x_wconf 92' lang='lat' dir='ltr'>et.</span> 
     </span>
     <span class='ocr_line' id='line_1_20' title="bbox 589 1485 1993 1538; baseline -0.005 -9"><span class='ocrx_word' id='word_1_173' title='bbox 589 1490 709 1535; x_wconf 87' lang='lat' dir='ltr'>facili,</span> <span class='ocrx_word' id='word_1_174' title='bbox 730 1491 848 1528; x_wconf 89' lang='lat' dir='ltr'>etiam</span> <span class='ocrx_word' id='word_1_175' title='bbox 866 1489 906 1526; x_wconf 91' lang='lat' dir='ltr'>in</span> <span class='ocrx_word' id='word_1_176' title='bbox 926 1487 1065 1538; x_wconf 87' lang='lat' dir='ltr'>vulgus</span> <span class='ocrx_word' id='word_1_177' title='bbox 1085 1485 1321 1538; x_wconf 89' lang='lat' dir='ltr'>pervulgata,</span> <span class='ocrx_word' id='word_1_178' title='bbox 1338 1485 1523 1537; x_wconf 89' lang='lat' dir='ltr'>loquitur.</span> <span class='ocrx_word' id='word_1_179' title='bbox 1561 1486 1797 1537; x_wconf 85' lang='lat' dir='ltr'>Qanquam</span> <span class='ocrx_word' id='word_1_180' title='bbox 1815 1497 1892 1523; x_wconf 91' lang='lat' dir='ltr'>non</span> <span class='ocrx_word' id='word_1_181' title='bbox 1913 1497 1993 1523; x_wconf 68' lang='lat' dir='ltr'>ne-</span> 
     </span>
     <span class='ocr_line' id='line_1_21' title="bbox 589 1550 2004 1609; baseline -0.004 -14"><span class='ocrx_word' id='word_1_182' title='bbox 589 1558 687 1609; x_wconf 83' lang='lat' dir='ltr'>gatis</span> <span class='ocrx_word' id='word_1_183' title='bbox 708 1569 775 1594; x_wconf 84' lang='lat' dir='ltr'>nos</span> <span class='ocrx_word' id='word_1_184' title='bbox 795 1553 1020 1606; x_wconf 83' lang='lat' dir='ltr'>intelligere,</span> <span class='ocrx_word' id='word_1_185' title='bbox 1045 1551 1140 1605; x_wconf 89' lang='lat' dir='ltr'>quid</span> <span class='ocrx_word' id='word_1_186' title='bbox 1160 1551 1204 1589; x_wconf 87' lang='lat' dir='ltr'>fit</span> <span class='ocrx_word' id='word_1_187' title='bbox 1221 1551 1411 1604; x_wconf 84' lang='lat' dir='ltr'>voluptas,</span> <span class='ocrx_word' id='word_1_188' title='bbox 1432 1550 1494 1591; x_wconf 86' lang='lat' dir='ltr'>sed</span> <span class='ocrx_word' id='word_1_189' title='bbox 1512 1551 1606 1603; x_wconf 89' lang='lat' dir='ltr'>quid</span> <span class='ocrx_word' id='word_1_190' title='bbox 1623 1551 1689 1590; x_wconf 86' lang='lat' dir='ltr'>ille</span> <span class='ocrx_word' id='word_1_191' title='bbox 1708 1551 1823 1589; x_wconf 89' lang='lat' dir='ltr'>dicat.</span> <span class='ocrx_word' id='word_1_192' title='bbox 1856 1551 1889 1588; x_wconf 82' lang='lat' dir='ltr'>E</span> <span class='ocrx_word' id='word_1_193' title='bbox 1905 1564 2004 1602; x_wconf 56' lang='lat' dir='ltr'>quo*-</span> 
     </span>
     <span class='ocr_line' id='line_1_22' title="bbox 590 1615 1996 1669; baseline -0.005 -9"><span class='ocrx_word' id='word_1_194' title='bbox 590 1622 769 1665; x_wconf 76' lang='lat' dir='ltr'>efficitur,</span> <span class='ocrx_word' id='word_1_195' title='bbox 790 1633 869 1658; x_wconf 91' lang='lat' dir='ltr'>non</span> <span class='ocrx_word' id='word_1_196' title='bbox 884 1628 928 1657; x_wconf 89' lang='lat' dir='ltr'>ut</span> <span class='ocrx_word' id='word_1_197' title='bbox 943 1631 1011 1656; x_wconf 89' lang='lat' dir='ltr'>nos</span> <span class='ocrx_word' id='word_1_198' title='bbox 1032 1615 1109 1655; x_wconf 83' lang='lat' dir='ltr'>non</span> <span class='ocrx_word' id='word_1_199' title='bbox 1125 1616 1403 1669; x_wconf 75' lang='lat' dir='ltr'>intelligamuS,</span> <span class='ocrx_word' id='word_1_200' title='bbox 1421 1629 1507 1668; x_wconf 90' lang='lat' dir='ltr'>quae</span> <span class='ocrx_word' id='word_1_201' title='bbox 1527 1616 1582 1654; x_wconf 93' lang='lat' dir='ltr'>vis</span> <span class='ocrx_word' id='word_1_202' title='bbox 1599 1615 1643 1653; x_wconf 77' lang='lat' dir='ltr'>sit</span> <span class='ocrx_word' id='word_1_203' title='bbox 1661 1615 1766 1655; x_wconf 86' lang='lat' dir='ltr'>istius</span> <span class='ocrx_word' id='word_1_204' title='bbox 1786 1615 1910 1660; x_wconf 79' lang='lat' dir='ltr'>verbi,</span> <span class='ocrx_word' id='word_1_205' title='bbox 1924 1615 1996 1653; x_wconf 76' lang='lat' dir='ltr'>sed.</span> 
     </span>
     <span class='ocr_line' id='line_1_23' title="bbox 590 1681 1533 1735; baseline -0.007 -9"><span class='ocrx_word' id='word_1_206' title='bbox 590 1697 632 1726; x_wconf 92' lang='lat' dir='ltr'>ut</span> <span class='ocrx_word' id='word_1_207' title='bbox 651 1687 718 1725; x_wconf 88' lang='lat' dir='ltr'>ille</span> <span class='ocrx_word' id='word_1_208' title='bbox 735 1687 802 1725; x_wconf 89' lang='lat' dir='ltr'>suo</span> <span class='ocrx_word' id='word_1_209' title='bbox 821 1698 926 1730; x_wconf 76' lang='lat' dir='ltr'>more</span> <span class='ocrx_word' id='word_1_210' title='bbox 946 1684 1137 1735; x_wconf 89' lang='lat' dir='ltr'>loquatur,</span> <span class='ocrx_word' id='word_1_211' title='bbox 1157 1681 1328 1720; x_wconf 88' lang='lat' dir='ltr'>nostrum</span> <span class='ocrx_word' id='word_1_212' title='bbox 1350 1682 1533 1734; x_wconf 84' lang='lat' dir='ltr'>negligat.</span> 
     </span>
    </p>

    <p class='ocr_par' dir='ltr' id='par_1_5' title="bbox 588 1747 1994 2594">
     <span class='ocr_line' id='line_1_24' title="bbox 644 1747 1994 1801; baseline -0.003 -10"><span class='ocrx_word' id='word_1_213' title='bbox 644 1754 682 1791; x_wconf 87' lang='lat' dir='ltr'>Si</span> <span class='ocrx_word' id='word_1_214' title='bbox 701 1752 807 1790; x_wconf 89' lang='lat' dir='ltr'>enim</span> <span class='ocrx_word' id='word_1_215' title='bbox 827 1751 931 1789; x_wconf 90' lang='lat' dir='ltr'>idem</span> <span class='ocrx_word' id='word_1_216' title='bbox 950 1749 1060 1794; x_wconf 87' lang='lat' dir='ltr'>dicit,</span> <span class='ocrx_word' id='word_1_217' title='bbox 1094 1749 1198 1801; x_wconf 86' lang='lat' dir='ltr'>quod</span> <span class='ocrx_word' id='word_1_218' title='bbox 1219 1748 1497 1800; x_wconf 84' lang='lat' dir='ltr'>Hieronymus,</span> <span class='ocrx_word' id='word_1_219' title='bbox 1529 1747 1601 1800; x_wconf 87' lang='lat' dir='ltr'>qui</span> <span class='ocrx_word' id='word_1_220' title='bbox 1628 1747 1753 1787; x_wconf 88' lang='lat' dir='ltr'>censet</span> <span class='ocrx_word' id='word_1_221' title='bbox 1783 1747 1994 1788; x_wconf 68' lang='lat' dir='ltr'>summunt</span> 
     </span>
     <span class='ocr_line' id='line_1_25' title="bbox 590 1813 1984 1866; baseline -0.004 -9"><span class='ocrx_word' id='word_1_222' title='bbox 590 1819 737 1858; x_wconf 89' lang='lat' dir='ltr'>bonum</span> <span class='ocrx_word' id='word_1_223' title='bbox 757 1817 842 1862; x_wconf 81' lang='lat' dir='ltr'>effe,</span> <span class='ocrx_word' id='word_1_224' title='bbox 864 1816 940 1860; x_wconf 79' lang='lat' dir='ltr'>fine</span> <span class='ocrx_word' id='word_1_225' title='bbox 959 1814 1038 1853; x_wconf 88' lang='lat' dir='ltr'>ulla</span> <span class='ocrx_word' id='word_1_226' title='bbox 1056 1813 1229 1852; x_wconf 89' lang='lat' dir='ltr'>molestia</span> <span class='ocrx_word' id='word_1_227' title='bbox 1248 1814 1370 1852; x_wconf 88' lang='lat' dir='ltr'>vivere</span> <span class='ocrx_word' id='word_1_228' title='bbox 1386 1832 1398 1858; x_wconf 86' lang='lat'>;</span> <span class='ocrx_word' id='word_1_229' title='bbox 1429 1827 1498 1852; x_wconf 92' lang='lat' dir='ltr'>cur</span> <span class='ocrx_word' id='word_1_230' title='bbox 1526 1813 1673 1852; x_wconf 87' lang='lat' dir='ltr'>mavult</span> <span class='ocrx_word' id='word_1_231' title='bbox 1698 1814 1824 1852; x_wconf 87' lang='lat' dir='ltr'>dicere</span> <span class='ocrx_word' id='word_1_232' title='bbox 1843 1813 1984 1866; x_wconf 85' lang='lat' dir='ltr'>volup-</span> 
     </span>
     <span class='ocr_line' id='line_1_26' title="bbox 590 1878 1990 1936; baseline -0.005 -13"><span class='ocrx_word' id='word_1_233' title='bbox 590 1894 723 1929; x_wconf 85' lang='lat' dir='ltr'>tatem,</span> <span class='ocrx_word' id='word_1_234' title='bbox 753 1896 872 1936; x_wconf 88' lang='lat' dir='ltr'>quam</span> <span class='ocrx_word' id='word_1_235' title='bbox 902 1881 1132 1920; x_wconf 85' lang='lat' dir='ltr'>vacuitatem</span> <span class='ocrx_word' id='word_1_236' title='bbox 1152 1880 1306 1925; x_wconf 79' lang='lat' dir='ltr'>doloris,</span> <span class='ocrx_word' id='word_1_237' title='bbox 1341 1889 1383 1918; x_wconf 91' lang='lat' dir='ltr'>ut</span> <span class='ocrx_word' id='word_1_238' title='bbox 1402 1879 1468 1922; x_wconf 83' lang='lat' dir='ltr'>ille</span> <span class='ocrx_word' id='word_1_239' title='bbox 1488 1878 1594 1925; x_wconf 85' lang='lat' dir='ltr'>facit,</span> <span class='ocrx_word' id='word_1_240' title='bbox 1630 1880 1713 1932; x_wconf 90' lang='lat' dir='ltr'>qui,</span> <span class='ocrx_word' id='word_1_241' title='bbox 1745 1879 1840 1932; x_wconf 87' lang='lat' dir='ltr'>quid</span> <span class='ocrx_word' id='word_1_242' title='bbox 1865 1879 1990 1924; x_wconf 78' lang='lat' dir='ltr'>dicat..</span> 
     </span>
     <span class='ocr_line' id='line_1_27' title="bbox 589 1946 1985 2003; baseline -0.004 -14"><span class='ocrx_word' id='word_1_243' title='bbox 589 1951 771 2003; x_wconf 84' lang='lat' dir='ltr'>intelligit</span> <span class='ocrx_word' id='word_1_244' title='bbox 790 1951 802 1986; x_wconf 94' lang='lat'>?</span> <span class='ocrx_word' id='word_1_245' title='bbox 834 1949 898 1987; x_wconf 80' lang='lat' dir='ltr'>Sin</span> <span class='ocrx_word' id='word_1_246' title='bbox 933 1957 1060 1985; x_wconf 85' lang='lat' dir='ltr'>autem</span> <span class='ocrx_word' id='word_1_247' title='bbox 1081 1947 1316 1999; x_wconf 88' lang='lat' dir='ltr'>voluptatem</span> <span class='ocrx_word' id='word_1_248' title='bbox 1339 1955 1446 1998; x_wconf 88' lang='lat' dir='ltr'>putat</span> <span class='ocrx_word' id='word_1_249' title='bbox 1466 1946 1748 1998; x_wconf 83' lang='lat' dir='ltr'>adjungendam</span> <span class='ocrx_word' id='word_1_250' title='bbox 1777 1960 1875 1989; x_wconf 88' lang='lat' dir='ltr'>eam,</span> <span class='ocrx_word' id='word_1_251' title='bbox 1898 1960 1985 1998; x_wconf 83' lang='lat' dir='ltr'>quae</span> 
     </span>
     <span class='ocr_line' id='line_1_28' title="bbox 591 2011 1983 2065; baseline -0.003 -11"><span class='ocrx_word' id='word_1_252' title='bbox 591 2017 628 2055; x_wconf 91' lang='lat' dir='ltr'>in</span> <span class='ocrx_word' id='word_1_253' title='bbox 661 2025 770 2054; x_wconf 87' lang='lat' dir='ltr'>motu</span> <span class='ocrx_word' id='word_1_254' title='bbox 806 2015 864 2059; x_wconf 84' lang='lat' dir='ltr'>fit,</span> <span class='ocrx_word' id='word_1_255' title='bbox 899 2013 967 2065; x_wconf 87' lang='lat' dir='ltr'>(fic</span> <span class='ocrx_word' id='word_1_256' title='bbox 986 2015 1091 2050; x_wconf 88' lang='lat' dir='ltr'>enim</span> <span class='ocrx_word' id='word_1_257' title='bbox 1123 2012 1286 2065; x_wconf 75' lang='lat' dir='ltr'>appellat</span> <span class='ocrx_word' id='word_1_258' title='bbox 1307 2011 1407 2049; x_wconf 75' lang='lat' dir='ltr'>hanc.</span> <span class='ocrx_word' id='word_1_259' title='bbox 1425 2012 1595 2057; x_wconf 86' lang='lat' dir='ltr'>dulcem,</span> <span class='ocrx_word' id='word_1_260' title='bbox 1631 2012 1670 2050; x_wconf 91' lang='lat' dir='ltr'>in</span> <span class='ocrx_word' id='word_1_261' title='bbox 1704 2021 1842 2055; x_wconf 84' lang='lat' dir='ltr'>motu;</span> <span class='ocrx_word' id='word_1_262' title='bbox 1875 2012 1983 2050; x_wconf 86' lang='lat' dir='ltr'>illam</span> 
     </span>
     <span class='ocr_line' id='line_1_29' title="bbox 589 2077 1982 2131; baseline -0.003 -11"><span class='ocrx_word' id='word_1_263' title='bbox 589 2081 686 2120; x_wconf 87' lang='lat' dir='ltr'>nihil</span> <span class='ocrx_word' id='word_1_264' title='bbox 708 2081 886 2124; x_wconf 81' lang='lat' dir='ltr'>dolentis,</span> <span class='ocrx_word' id='word_1_265' title='bbox 918 2081 956 2118; x_wconf 89' lang='lat' dir='ltr'>in</span> <span class='ocrx_word' id='word_1_266' title='bbox 979 2079 1197 2129; x_wconf 87' lang='lat' dir='ltr'>stabilitate)</span> <span class='ocrx_word' id='word_1_267' title='bbox 1228 2078 1321 2130; x_wconf 88' lang='lat' dir='ltr'>quid</span> <span class='ocrx_word' id='word_1_268' title='bbox 1349 2078 1483 2122; x_wconf 88' lang='lat' dir='ltr'>tendit,</span> <span class='ocrx_word' id='word_1_269' title='bbox 1516 2092 1606 2116; x_wconf 89' lang='lat' dir='ltr'>cum</span> <span class='ocrx_word' id='word_1_270' title='bbox 1627 2078 1775 2116; x_wconf 77' lang='lat' dir='ltr'>efficere</span> <span class='ocrx_word' id='word_1_271' title='bbox 1797 2092 1872 2116; x_wconf 85' lang='lat' dir='ltr'>non</span> <span class='ocrx_word' id='word_1_272' title='bbox 1895 2077 1982 2131; x_wconf 85' lang='lat' dir='ltr'>pos-</span> 
     </span>
     <span class='ocr_line' id='line_1_30' title="bbox 589 2142 1980 2198; baseline -0.002 -13"><span class='ocrx_word' id='word_1_273' title='bbox 589 2148 646 2191; x_wconf 85' lang='lat' dir='ltr'>fit,</span> <span class='ocrx_word' id='word_1_274' title='bbox 669 2157 710 2185; x_wconf 91' lang='lat' dir='ltr'>ut</span> <span class='ocrx_word' id='word_1_275' title='bbox 730 2147 926 2198; x_wconf 77' lang='lat' dir='ltr'>cuiquam,</span> <span class='ocrx_word' id='word_1_276' title='bbox 958 2145 1023 2197; x_wconf 91' lang='lat' dir='ltr'>qui</span> <span class='ocrx_word' id='word_1_277' title='bbox 1046 2144 1120 2196; x_wconf 86' lang='lat' dir='ltr'>ipse</span> <span class='ocrx_word' id='word_1_278' title='bbox 1142 2154 1253 2183; x_wconf 91' lang='lat' dir='ltr'>notus</span> <span class='ocrx_word' id='word_1_279' title='bbox 1275 2143 1340 2182; x_wconf 80' lang='lat' dir='ltr'>fibi</span> <span class='ocrx_word' id='word_1_280' title='bbox 1374 2144 1431 2189; x_wconf 82' lang='lat' dir='ltr'>fit,</span> <span class='ocrx_word' id='word_1_281' title='bbox 1463 2142 1536 2182; x_wconf 85' lang='lat' dir='ltr'>hoc</span> <span class='ocrx_word' id='word_1_282' title='bbox 1557 2144 1625 2189; x_wconf 82' lang='lat' dir='ltr'>cst,</span> <span class='ocrx_word' id='word_1_283' title='bbox 1654 2144 1722 2196; x_wconf 84' lang='lat' dir='ltr'>qui</span> <span class='ocrx_word' id='word_1_284' title='bbox 1742 2143 1846 2182; x_wconf 81' lang='lat' dir='ltr'>suam</span> <span class='ocrx_word' id='word_1_285' title='bbox 1868 2154 1980 2182; x_wconf 80' lang='lat' dir='ltr'>natu-</span> 
     </span>
     <span class='ocr_line' id='line_1_31' title="bbox 590 2210 1981 2264; baseline -0.001 -13"><span class='ocrx_word' id='word_1_286' title='bbox 590 2228 667 2251; x_wconf 89' lang='lat' dir='ltr'>ram</span> <span class='ocrx_word' id='word_1_287' title='bbox 703 2212 928 2264; x_wconf 84' lang='lat' dir='ltr'>sensumque</span> <span class='ocrx_word' id='word_1_288' title='bbox 960 2211 1203 2263; x_wconf 76' lang='lat' dir='ltr'>perspexerit,</span> <span class='ocrx_word' id='word_1_289' title='bbox 1239 2211 1403 2248; x_wconf 78' lang='lat' dir='ltr'>vacuitas</span> <span class='ocrx_word' id='word_1_290' title='bbox 1435 2210 1575 2249; x_wconf 85' lang='lat' dir='ltr'>doloris</span> <span class='ocrx_word' id='word_1_291' title='bbox 1603 2220 1640 2248; x_wconf 88' lang='lat' dir='ltr'>et</span> <span class='ocrx_word' id='word_1_292' title='bbox 1672 2210 1846 2262; x_wconf 88' lang='lat' dir='ltr'>voluptas</span> <span class='ocrx_word' id='word_1_293' title='bbox 1878 2210 1981 2249; x_wconf 89' lang='lat' dir='ltr'>idem</span> 
     </span>
     <span class='ocr_line' id='line_1_32' title="bbox 588 2275 1981 2329; baseline -0.001 -12"><span class='ocrx_word' id='word_1_294' title='bbox 588 2279 656 2317; x_wconf 77' lang='lat' dir='ltr'>effe</span> <span class='ocrx_word' id='word_1_295' title='bbox 677 2279 875 2317; x_wconf 86' lang='lat' dir='ltr'>videatur?</span> <span class='ocrx_word' id='word_1_296' title='bbox 920 2278 1009 2315; x_wconf 88' lang='lat' dir='ltr'>Hoc</span> <span class='ocrx_word' id='word_1_297' title='bbox 1030 2277 1079 2314; x_wconf 85' lang='lat' dir='ltr'>est</span> <span class='ocrx_word' id='word_1_298' title='bbox 1112 2278 1190 2314; x_wconf 78' lang='lat' dir='ltr'>vim</span> <span class='ocrx_word' id='word_1_299' title='bbox 1213 2275 1356 2320; x_wconf 70' lang='lat' dir='ltr'>afferre,</span> <span class='ocrx_word' id='word_1_300' title='bbox 1379 2278 1588 2329; x_wconf 75' lang='lat' dir='ltr'>Torquate,</span> <span class='ocrx_word' id='word_1_301' title='bbox 1624 2276 1786 2315; x_wconf 80' lang='lat' dir='ltr'>sensibus</span> <span class='ocrx_word' id='word_1_302' title='bbox 1806 2291 1814 2314; x_wconf 89' lang='lat'>:</span> <span class='ocrx_word' id='word_1_303' title='bbox 1851 2286 1981 2315; x_wconf 87' lang='lat' dir='ltr'>extor-</span> 
     </span>
     <span class='ocr_line' id='line_1_33' title="bbox 589 2342 1979 2396; baseline -0.001 -14"><span class='ocrx_word' id='word_1_304' title='bbox 589 2359 701 2396; x_wconf 78' lang='lat' dir='ltr'>quere</span> <span class='ocrx_word' id='word_1_305' title='bbox 734 2358 781 2383; x_wconf 88' lang='lat' dir='ltr'>cx</span> <span class='ocrx_word' id='word_1_306' title='bbox 816 2342 955 2381; x_wconf 87' lang='lat' dir='ltr'>animis</span> <span class='ocrx_word' id='word_1_307' title='bbox 988 2343 1226 2395; x_wconf 82' lang='lat' dir='ltr'>cognitiones</span> <span class='ocrx_word' id='word_1_308' title='bbox 1254 2342 1471 2385; x_wconf 79' lang='lat' dir='ltr'>verborum,</span> <span class='ocrx_word' id='word_1_309' title='bbox 1499 2343 1639 2393; x_wconf 70' lang='lat' dir='ltr'>quibus</span> <span class='ocrx_word' id='word_1_310' title='bbox 1673 2342 1814 2380; x_wconf 85' lang='lat' dir='ltr'>imbuti</span> <span class='ocrx_word' id='word_1_311' title='bbox 1835 2342 1979 2381; x_wconf 75' lang='lat' dir='ltr'>sumus.</span> 
     </span>
     <span class='ocr_line' id='line_1_34' title="bbox 590 2407 1979 2461; baseline 0.001 -17"><span class='ocrx_word' id='word_1_312' title='bbox 590 2412 689 2461; x_wconf 58' lang='lat' dir='ltr'>(Quis</span> <span class='ocrx_word' id='word_1_313' title='bbox 709 2411 812 2447; x_wconf 87' lang='lat' dir='ltr'>enim</span> <span class='ocrx_word' id='word_1_314' title='bbox 844 2409 910 2454; x_wconf 84' lang='lat' dir='ltr'>cst,</span> <span class='ocrx_word' id='word_1_315' title='bbox 943 2409 1009 2461; x_wconf 88' lang='lat' dir='ltr'>qui</span> <span class='ocrx_word' id='word_1_316' title='bbox 1046 2423 1119 2446; x_wconf 83' lang='lat' dir='ltr'>non</span> <span class='ocrx_word' id='word_1_317' title='bbox 1142 2409 1277 2450; x_wconf 67' lang='lat' dir='ltr'>videat,</span> <span class='ocrx_word' id='word_1_318' title='bbox 1310 2408 1387 2446; x_wconf 62' lang='lat' dir='ltr'>lure</span> <span class='ocrx_word' id='word_1_319' title='bbox 1409 2407 1477 2445; x_wconf 74' lang='lat' dir='ltr'>css&#39;c</span> <span class='ocrx_word' id='word_1_320' title='bbox 1511 2409 1546 2445; x_wconf 84' lang='lat' dir='ltr'>in</span> <span class='ocrx_word' id='word_1_321' title='bbox 1578 2418 1706 2446; x_wconf 63' lang='lat' dir='ltr'>natura</span> <span class='ocrx_word' id='word_1_322' title='bbox 1728 2422 1853 2447; x_wconf 86' lang='lat' dir='ltr'>rerum</span> <span class='ocrx_word' id='word_1_323' title='bbox 1882 2409 1979 2447; x_wconf 80' lang='lat' dir='ltr'>tria:</span> 
     </span>
     <span class='ocr_line' id='line_1_35' title="bbox 592 2474 1980 2526; baseline -0.001 -14"><span class='ocrx_word' id='word_1_324' title='bbox 592 2490 726 2518; x_wconf 86' lang='lat' dir='ltr'>uuum.</span> <span class='ocrx_word' id='word_1_325' title='bbox 759 2490 849 2513; x_wconf 83' lang='lat' dir='ltr'>cum</span> <span class='ocrx_word' id='word_1_326' title='bbox 884 2475 920 2512; x_wconf 87' lang='lat' dir='ltr'>in</span> <span class='ocrx_word' id='word_1_327' title='bbox 942 2475 1136 2526; x_wconf 69' lang='lat' dir='ltr'>voluptate</span> <span class='ocrx_word' id='word_1_328' title='bbox 1158 2474 1286 2511; x_wconf 78' lang='lat' dir='ltr'>sumus</span> <span class='ocrx_word' id='word_1_329' title='bbox 1305 2493 1314 2518; x_wconf 58' lang='grc' dir='ltr'><strong><em>ς</em></strong></span> <span class='ocrx_word' id='word_1_330' title='bbox 1347 2475 1523 2517; x_wconf 70' lang='lat' dir='ltr'>alterum,</span> <span class='ocrx_word' id='word_1_331' title='bbox 1545 2488 1636 2512; x_wconf 83' lang='lat' dir='ltr'>cum</span> <span class='ocrx_word' id='word_1_332' title='bbox 1660 2475 1696 2511; x_wconf 84' lang='lat' dir='ltr'>in</span> <span class='ocrx_word' id='word_1_333' title='bbox 1717 2474 1871 2518; x_wconf 59' lang='lat' dir='ltr'>dolorm</span> <span class='ocrx_word' id='word_1_334' title='bbox 1905 2484 1980 2511; x_wconf 88' lang='lat' dir='ltr'>ter-</span> 
     </span>
     <span class='ocr_line' id='line_1_36' title="bbox 593 2540 1981 2594; baseline -0.002 -15"><span class='ocrx_word' id='word_1_335' title='bbox 593 2542 705 2587; x_wconf 83' lang='lat' dir='ltr'>tium,</span> <span class='ocrx_word' id='word_1_336' title='bbox 729 2540 815 2585; x_wconf 67' lang='lat' dir='ltr'>hoc,</span> <span class='ocrx_word' id='word_1_337' title='bbox 849 2542 886 2580; x_wconf 84' lang='lat' dir='ltr'>in</span> <span class='ocrx_word' id='word_1_338' title='bbox 909 2555 986 2594; x_wconf 82' lang='lat' dir='ltr'>quo</span> <span class='ocrx_word' id='word_1_339' title='bbox 1015 2554 1113 2579; x_wconf 86' lang='lat' dir='ltr'>nunc</span> <span class='ocrx_word' id='word_1_340' title='bbox 1136 2540 1291 2591; x_wconf 72' lang='lat' dir='ltr'>quidem</span> <span class='ocrx_word' id='word_1_341' title='bbox 1316 2540 1441 2578; x_wconf 59' lang='lat' dir='ltr'>lunius</span> <span class='ocrx_word' id='word_1_342' title='bbox 1463 2541 1473 2575; x_wconf 61' lang='grc' dir='ltr'><strong><em>Ρ</em></strong></span> <span class='ocrx_word' id='word_1_343' title='bbox 1508 2540 1632 2578; x_wconf 72' lang='lat' dir='ltr'>Credo</span> <span class='ocrx_word' id='word_1_344' title='bbox 1652 2540 1810 2592; x_wconf 87' lang='lat' dir='ltr'>quidem</span> <span class='ocrx_word' id='word_1_345' title='bbox 1832 2552 1896 2577; x_wconf 81' lang='lat' dir='ltr'>vos</span> <span class='ocrx_word' id='word_1_346' title='bbox 1911 2552 1981 2577; x_wconf 88' lang='lat' dir='ltr'>nec</span> 
     </span>
    </p>
   </div>
  </div>
 </body>
</html>
