2330 2983
542 225 595 262 40
860 215 924 254 M.
984 215 1616 257 T.CICERONIS

596 310 717 363 Qid,
747 311 851 364 quod
885 313 1017 351 eadem
1048 313 1113 352 illa
1142 328 1214 360 ars,
1248 315 1351 368 quasi
1381 316 1570 370 Penelope
1600 315 1717 355 telam
1747 322 1940 361 retexens,

540 375 642 414 tollit
662 377 706 414 ad
727 387 944 416 extremum
966 377 1152 432 superiora
1169 381 1182 418 ?
1213 390 1345 420 utrum
1366 395 1408 420 ea
1428 382 1558 428 vestra,
1590 396 1637 421 an
1658 382 1795 428 nostra,
1822 382 1936 435 culpa

538 441 618 479 est?
649 443 806 496 Nempe
835 442 1134 484 fundamentum
1158 446 1363 486 dialceticae
1390 447 1456 493 est,
1486 448 1679 501 quidquid
1697 448 1934 492 enuntietur,

539 508 596 559 (id
617 517 744 548 autem
764 509 975 562 appellatur
993 512 1131 564 ἀξίωμα
1151 531 1163 558 5
1197 513 1301 565 quod
1321 513 1373 552 est
1393 514 1496 566 quasi
1515 513 1694 566 effatum)
1716 523 1782 552 aut
1799 527 1934 552 verum

535 573 619 619 esse,
636 584 700 613 aut
715 574 867 614 falsum.
891 577 999 628 Qid
1016 577 1161 629 igitur?
1183 577 1265 617 haec
1281 592 1380 625 vera,
1396 593 1442 617 an
1462 579 1553 618 falsa
1572 580 1658 619 sunt
1677 580 1689 617 ?
1711 580 1749 618 Si
1761 589 1799 618 te
1819 592 1932 618 men-

535 640 600 678 tiri
621 641 731 687 dicis,
759 641 875 694 idque
893 656 1027 681 verum
1046 643 1141 682 dicis
1155 662 1167 689 ς
1190 645 1359 691 mentiri,
1381 659 1514 684 verum
1530 646 1641 684 dicis.
1674 646 1771 684 Haec
1789 645 1933 684 scilicet

534 704 817 759 inexplicabilia
835 706 906 745 effe
926 707 1054 746 dicitis
1069 726 1082 753 ;
1114 709 1218 761 quod
1238 709 1291 748 est
1318 710 1483 749 odiofius
1514 724 1632 763 quam
1652 710 1731 756 illa,
1758 724 1843 763 quae
1862 723 1931 749 nos

533 770 848 824 incomprehensa
867 781 906 809 et
926 785 1003 810 non
1022 783 1200 826 percepta
1219 774 1401 813 dicimus.

588 837 719 874 XXX.
743 836 813 874 Sed
833 835 914 874 haec
934 838 1088 875 omitto.
1123 838 1227 876 Illud
1247 853 1390 892 quaero,
1412 839 1438 878 fi
1458 839 1525 878 ista
1542 841 1725 894 explicari
1745 853 1821 879 non
1842 840 1929 893 pof-

531 901 631 947 sunt,
654 915 724 940 nec
743 915 877 939 eorum
894 901 1019 941 ullum
1034 903 1230 955 judicium
1248 906 1455 950 invenitur,
1470 916 1512 944 ut
1533 906 1754 959 respondere
1768 905 1929 958 poffitis,

530 980 664 1005 verane
683 981 730 1005 an
749 966 840 1005 falsa
860 967 931 1005 sint
946 986 958 1012 ς
991 969 1059 1006 ubi
1077 969 1130 1006 est
1145 970 1210 1008 illa
1229 970 1417 1016 definitio,
1431 971 1599 1025 Effhtum
1617 971 1675 1026 eff}
1694 971 1743 1016 id,
1761 971 1855 1025 quod
1862 980 1930 1010 aut

529 1047 670 1078 verum,
690 1042 756 1071 aut
761 1033 900 1086 falficm
905 1034 991 1086 sit?
1020 1035 1154 1073 Rebus
1175 1035 1352 1089 sumptis,
1373 1037 1594 1090 adjungam,
1615 1051 1663 1076 ex
1682 1036 1743 1075 his
1764 1037 1928 1090 sequen-

529 1099 593 1137 das
613 1099 683 1137 effe
710 1100 814 1144 alias,
849 1100 938 1138 alias
958 1100 1244 1154 improbandas,
1274 1116 1359 1155 quae
1389 1103 1461 1142 sint
1489 1105 1529 1142 in
1558 1117 1695 1157 genere
1720 1104 1926 1143 contrario.

527 1165 621 1218 Qo
640 1165 758 1204 modo
777 1166 895 1218 igitur
913 1165 989 1205 hoc
1009 1167 1234 1207 conclusum
1266 1168 1337 1207 esse
1350 1170 1501 1222 judicas
1519 1171 1533 1208 P
1565 1171 1602 1209 Si
1622 1170 1718 1209 dicis
1739 1184 1843 1209 nunc
1863 1170 1928 1208 lu-

526 1245 624 1277 cere,
645 1241 683 1270 et
702 1245 834 1270 verum
856 1232 952 1271 dicis
967 1251 979 1278 ;
1003 1233 1134 1272 lucet:
1165 1235 1263 1273 dicis
1282 1245 1411 1274 autem
1432 1237 1572 1282 lucere,
1593 1246 1632 1275 et
1646 1250 1782 1275 verum
1801 1237 1897 1275 dicis
1909 1255 1924 1282 5

525 1296 628 1335 lucet
648 1297 779 1350 igitur.
803 1297 976 1336 Probatis
996 1308 1097 1336 certe
1114 1313 1249 1352 genus,
1265 1309 1305 1338 et
1324 1301 1523 1339 rectiffime
1538 1302 1766 1340 conclusum
1779 1302 1924 1340 dicitis.

523 1363 658 1416 Itaque
687 1363 727 1401 in
758 1363 932 1401 docendo
960 1377 1051 1402 eum
1077 1365 1252 1417 primum
1272 1366 1531 1405 concludendi
1562 1368 1727 1405 modum
1758 1367 1921 1406 traditis.

522 1431 618 1474 Aut,
641 1428 831 1482 quidquid
851 1429 970 1482 igitur
999 1430 1136 1468 eodem
1167 1431 1284 1470 modo
1309 1432 1569 1479 concluditur,
1599 1433 1828 1486 probabitis,
1859 1442 1926 1472 aut

522 1509 577 1533 ars
598 1494 664 1533 ista
684 1495 789 1532 nulla
807 1493 873 1533 est.
896 1494 996 1532 Vide
1014 1508 1119 1548 ergo,
1140 1494 1240 1535 hanc
1260 1498 1544 1537 conclusionem
1561 1499 1837 1552 probaturusne
1853 1499 1919 1544 fis;

521 1562 546 1599 s1
578 1560 672 1599 dicis
707 1569 744 1598 te
768 1559 938 1605 mentiri,
968 1574 1179 1614 verumque
1205 1562 1300 1601 dicis
1317 1582 1328 1608 ς
1360 1564 1562 1603 mentiris:
1594 1565 1690 1603 dicis
1720 1574 1850 1603 autem
1885 1574 1922 1603 te

519 1626 689 1671 mentiri,
711 1638 923 1677 verumque
943 1625 1038 1664 dicis
1052 1645 1063 1671 ς
1095 1620 1271 1666 mentiris
1291 1628 1424 1681 igitur.
1467 1629 1548 1680 Qi
1566 1639 1675 1683 potes
1711 1629 1811 1669 hanc
1840 1644 1920 1670 non

518 1692 691 1745 probare,
713 1705 803 1729 cum
827 1691 1041 1744 probaveris
1061 1692 1228 1744 ejusdem
1248 1695 1395 1747 generis
1414 1695 1646 1748 superiorem
1665 1697 1678 1734 ?

574 1758 670 1796 Haec
703 1756 937 1810 Chrysippea
970 1757 1070 1803 sunt,
1107 1772 1154 1796 ne
1187 1760 1235 1798 ab
1266 1760 1346 1813 ipso
1380 1761 1539 1813 quidem
1571 1762 1761 1800 dissoluta.
1808 1763 1917 1814 Qid

516 1823 621 1860 enim
643 1821 780 1860 faceret
800 1821 892 1860 huic
912 1823 1147 1862 conclusioni
1165 1823 1179 1860 ?
1211 1826 1253 1863 Si
1269 1826 1375 1871 lucet,
1396 1827 1514 1865 lucet:
1544 1827 1636 1866 lucet
1654 1838 1773 1866 autem
1785 1847 1797 1872 ;
1824 1829 1917 1867 lucet

516 1889 643 1941 figitur.
687 1887 849 1926 Cederet
882 1887 1039 1929 scilicet.
1099 1890 1183 1942 Ipsa
1213 1892 1318 1930 enim
1353 1892 1449 1931 ratio
1479 1893 1660 1938 connexi,
1695 1907 1787 1932 cum
1818 1908 1915 1933 con-

515 1953 661 1992 cesseris
683 1954 864 2006 superius,
886 1955 991 2007 cogit
1011 1954 1169 1994 inferius
1189 1957 1409 1996 concedere.
1443 1958 1550 2011 Qid
1571 1972 1662 2011 ergo
1681 1958 1762 1997 haze
1783 1960 1830 1997 ab
1850 1960 1916 1998 illa

514 2020 758 2058 conclusione
779 2018 906 2058 differt
925 2021 938 2058 ?
962 2021 1004 2059 Si
1018 2023 1193 2067 mentiris,
1215 2024 1376 2062 mentiris
1391 2040 1404 2062 .·
1435 2025 1596 2063 mentiris
1615 2035 1734 2063 autem
1749 2043 1761 2070 ;
1783 2026 1912 2065 menti-

514 2088 565 2125 ris
584 2086 712 2139 figitur.
746 2086 834 2124 Hoc
869 2099 980 2139 negas
1012 2097 1048 2125 te
1082 2087 1181 2141 poffc
1215 2103 1285 2128 nec
1319 2091 1540 2143 approbare,
1577 2104 1647 2129 nec
1679 2091 1910 2144 improbare.

513 2153 594 2202 Q?
616 2151 732 2204 igitur
753 2151 873 2204 inagis
895 2152 1019 2190 illud?
1041 2153 1079 2191 Si
1099 2167 1170 2199 ars,
1190 2154 1214 2192 fi
1236 2155 1345 2200 ratio,
1368 2156 1393 2194 fi
1413 2157 1487 2201 via,
1507 2156 1532 2194 fi
1553 2157 1608 2195 vis
1629 2157 1794 2210 denique
1815 2172 1911 2197 con-

512 2218 689 2256 clusionis
710 2217 831 2263 valct;
862 2219 994 2257 eadem
1014 2219 1065 2258 est
1088 2220 1126 2258 in
1148 2231 1324 2275 utroque.

566 2284 637 2322 Sed
669 2283 743 2322 hoc
764 2294 982 2324 extremum
1013 2300 1144 2325 eorum
1165 2288 1231 2326 est.
1265 2288 1474 2335 Postulant,
1506 2299 1548 2328 ut
1567 2290 1808 2343 excipiantur
1829 2291 1909 2330 hac

511 2350 808 2403 inexplicabilia.
840 2352 1065 2390 Tribunum
1099 2353 1268 2406 aliquem
1299 2355 1432 2393 censeo
1452 2356 1628 2394 videant:
1660 2371 1680 2394 a
1711 2371 1773 2396 me
1801 2358 1908 2397 istam

510 2417 775 2467 exceptionem
803 2430 1000 2470 nunquam
1035 2420 1309 2473 impetrabunt.
1344 2422 1499 2460 Etenim
1531 2437 1623 2461 cum
1655 2423 1700 2462 ab
1723 2424 1906 2477 Epicuro,

510 2482 576 2531 qui
601 2491 719 2519 totam
751 2482 988 2522 dialecticam
1019 2494 1057 2522 et
1088 2487 1304 2524 contemnit
1336 2496 1373 2525 ct
1399 2487 1542 2533 irridet,
1576 2502 1650 2526 non
1684 2490 1905 2542 impetrent,

511 2557 549 2583 ut
586 2561 717 2585 verum
751 2547 821 2586 ess‘e
855 2551 1052 2597 concedat,
1098 2552 1203 2604 quod
1234 2553 1286 2591 ita
1316 2552 1542 2600 effabimur,
1574 2557 1656 2594 Aut
1689 2556 1793 2595 viz-ct
1824 2570 1905 2595 cras
