2330 2983
506 219 579 272 348
810 216 1582 256 TUSCULANARUM

503 317 670 360 brevius,
683 325 728 353 ut
743 313 977 367 Chrysippus
993 329 1004 352 ε
1028 315 1134 366 (nam
1154 313 1360 367 superiores
1375 314 1616 353 definitiones
1634 324 1740 353 erant
1751 315 1884 368 Sphae-

502 381 550 425 ri,
578 379 748 418 hominis
768 380 810 418 in
837 379 975 432 primis
1004 379 1101 417 bene
1120 379 1350 424 definientis,
1378 389 1424 418 ut
1451 389 1589 432 putant
1623 380 1741 418 Stoici
1756 398 1770 426 ς
1799 380 1888 419 sunt

502 446 607 483 enim
626 445 788 483 omnino
818 457 954 482 omnes
982 443 1061 482 fere
1079 444 1219 483 fimiles
1231 462 1245 490 ς
1275 444 1337 482 sed
1355 443 1548 483 declarant
1565 457 1791 483 communes
1811 458 1884 483 no·

501 510 638 555 tiones,
654 510 726 548 alia
744 510 868 562 magis
885 508 958 547 alia
971 510 1004 561 z)
1023 523 1102 562 quo
1121 510 1238 548 modo
1252 510 1371 562 igitur
1389 509 1624 563 Chryfippus
1639 511 1651 547 ?
1683 510 1887 549 Fortitudo

500 575 568 620 est,
597 575 739 627 inquit,
760 573 915 613 scientia
943 573 1250 627 perferendarum
1270 588 1412 620 rerum,
1443 575 1504 613 vel
1522 574 1672 612 affectio
1695 575 1814 613 animi
1844 575 1888 612 in.

500 640 682 693 patiendo
698 652 741 678 ac
759 638 997 693 perferendo,
1028 639 1186 678 summae
1204 640 1280 693 legi
1300 653 1432 692 parens
1452 640 1528 678 fine
1548 640 1702 678 timore.
1730 641 1883 693 Qam-

501 705 559 743 vis
588 705 679 743 licet
709 704 936 742 insectemur
953 704 1055 748 istos,
1084 713 1127 742 ut
1159 704 1377 742 Carneades
1393 703 1548 749 solebat,
1579 713 1711 743 metuo
1743 718 1791 742 ne
1817 704 1886 743 soli

499 768 720 822 philosophi
739 769 824 807 fint.
866 769 965 819 Quae
986 769 1090 806 enim
1110 768 1264 806 istarum
1284 768 1555 806 definitionum
1574 781 1652 806 non
1670 770 1790 820 aperit
1811 782 1897 819 no·-

499 835 647 872 tionem
677 833 856 878 nostram,
889 846 1008 885 quam
1034 832 1220 871 habemus
1250 845 1384 871 omnes
1404 833 1450 870 de
1480 831 1719 878 fortitudine,
1748 834 1889 871 tectam

499 908 614 951 atque
632 898 845 937 involutam
860 898 874 935 ?
900 898 989 948 Qa
1007 906 1145 950 aperta,
1161 898 1250 950 quis
1267 897 1333 942 est,
1347 898 1416 950 qui
1430 906 1496 936 aut
1515 897 1703 943 bellatori,
1722 906 1789 935 aut
1806 898 1887 936 im—

499 963 676 1015 peratori,
707 971 772 1000 aut
803 962 943 1011 oratori
975 970 1118 1014 quaerat
1149 962 1310 1014 aliquid,
1339 975 1466 1015 neque
1494 975 1558 1001 eos
1590 962 1781 1001 existimet
1810 961 1888 1000 fine

499 1028 602 1066 rabie
621 1028 835 1080 quidquam
854 1026 1005 1066 fortiter
1023 1026 1144 1071 facere
1163 1027 1264 1080 poffe
1281 1027 1295 1064 ?
1904 1078 1905 1081 Ἴ

553 1093 689 1147 Qid?
735 1092 874 1137 Stoici,
916 1092 985 1144 qui
1017 1105 1150 1131 omnes
1183 1092 1397 1145 infipientes
1426 1091 1573 1131 insanos
1616 1091 1689 1130 effe
1733 1091 1886 1137 dicunt,

498 1171 627 1196 nonne
646 1157 712 1196 ista
730 1157 954 1209 colligunt?
985 1158 1158 1195 Remove
1187 1157 1502 1210 perturbationes,
1538 1158 1782 1209 maximeque
1809 1157 1885 1195 ira-

497 1223 680 1261 cundiam
699 1237 712 1260 :—
725 1222 808 1273 jam
828 1221 1060 1259 videbuntur
1074 1222 1240 1260 monstra
1258 1222 1396 1260 dicere.
1426 1223 1546 1260 Nunc
1560 1231 1689 1260 autem
1704 1222 1759 1260 ita
1771 1221 1885 1263 diffe-

496 1296 602 1331 runt,
632 1287 682 1324 fic
703 1285 739 1323 se
758 1285 896 1330 dicere,
929 1286 1078 1324 Omnes
1098 1285 1231 1323 stultos
1251 1286 1426 1330 insanire,
1459 1295 1503 1324 ut
1522 1287 1621 1324 male
1639 1286 1742 1324 olere
1769 1300 1888 1325 omne

496 1363 671 1390 coenum.
700 1352 756 1389 At
775 1363 852 1388 non
872 1349 1032 1403 semper.
1065 1351 1284 1389 Commove
1295 1369 1308 1396 ς
1330 1351 1482 1390 senties.
1501 1351 1562 1389 Sic
1583 1351 1786 1392 iracundus
1806 1365 1885 1390 non

497 1417 645 1469 semper
662 1416 778 1454 iratus
798 1415 864 1454 est.
908 1415 1060 1454 Laceffe
1074 1433 1086 1460 ς
1112 1417 1195 1468 jam
1221 1415 1366 1455 videbis
1394 1415 1601 1455 furentem.
1649 1416 1787 1468 Qid?
1817 1417 1886 1455 ista

496 1481 674 1521 bellatrix
693 1480 900 1525 iracundia,
930 1493 1023 1518 cum
1041 1480 1207 1519 domum
1231 1482 1358 1527 rediit,
1387 1483 1509 1534 qualis
1535 1482 1588 1520 est
1618 1495 1709 1520 cum
1736 1483 1882 1521 uxore?

496 1534 586 1584 cuin
608 1545 738 1584 liberis
756 1545 769 1581 ?
791 1558 882 1582 cum
900 1543 1048 1582 familia
1064 1545 1078 1581 Ρ
1101 1558 1148 1583 an
1168 1554 1253 1584 tum
1268 1560 1423 1598 quoque
1442 1547 1495 1584 est
1514 1547 1648 1584 utilis?
1680 1547 1746 1585 Est
1766 1547 1886 1599 igitur

496 1610 656 1663 aliquid,
687 1609 791 1662 quod
811 1610 1032 1662 perturbata
1046 1622 1155 1647 mens
1181 1610 1320 1648 melius
1340 1611 1451 1663 poffit
1475 1610 1611 1656 facere,
1641 1625 1758 1663 quam
1788 1625 1883 1650 con-

495 1676 616 1714 stans?
638 1677 701 1713 An
717 1674 919 1726 quisquam
938 1674 1059 1726 potest
1077 1675 1153 1713 fine
1172 1676 1456 1728 perturbatione
1472 1677 1612 1714 mentis
1633 1676 1762 1714 irasci?
1780 1678 1882 1715 Bene

495 1741 614 1793 igitur
632 1739 760 1783 nostri,
782 1752 874 1776 cum
894 1739 1024 1776 omnia
1041 1739 1157 1777 effent
1178 1741 1217 1778 in
1232 1741 1376 1778 morbis
1389 1741 1493 1786 vitia,
1515 1741 1620 1793 quod
1639 1741 1792 1781 nullum
1804 1752 1884 1782 erat

495 1805 689 1844 iracundia
707 1803 861 1849 foedius,
881 1804 1081 1843 iracundos
1101 1804 1199 1842 solos
1217 1805 1383 1858 morbosbs
1402 1807 1706 1844 nominaverunt.

550 1870 679 1909 XXV.
713 1870 915 1906 Oratorem
935 1882 1023 1906 vero
1042 1869 1147 1907 irasci
1170 1870 1332 1907 minime
1352 1870 1459 1908 decet
1474 1888 1487 1915 ;
1518 1870 1692 1908 fimulare
1717 1884 1794 1910 non
1813 1872 1882 1910 de-

495 1936 616 1973 decet.
647 1935 711 1972 An
732 1933 804 1971 tibi
822 1933 929 1970 irasci
950 1943 1034 1971 tum
1052 1934 1242 1979 videmur,
1271 1949 1362 1972 cum
1394 1935 1489 1986 quid
1508 1935 1548 1973 in
1568 1936 1686 1974 caufis
1705 1937 1825 1975 acrius
1844 1947 1883 1976 et

496 1999 759 2038 vehementius
778 1997 973 2036 dicimus?
1004 1998 1126 2050 quid?
1156 2013 1246 2037 cum
1262 2000 1344 2051 jam
1365 2001 1476 2038 rebus
1508 2001 1697 2038 transactis
1727 2011 1764 2039 et
1784 2015 1879 2054 prm-

497 2066 616 2104 teritis
636 2064 823 2102 orationes
843 2062 1060 2108 scribimus,
1080 2077 1175 2102 num
1194 2065 1278 2102 irati
1298 2064 1529 2102 scribimus?

630 2129 764 2181 Ecquis
781 2128 844 2166 hoc
862 2127 1121 2167 animadvertit
1134 2129 1154 2167 ἒ
1185 2129 1323 2168 Vincite
1344 2159 1353 2167 .
1378 2159 1386 2167 .
1409 2159 1417 2167 .

495 2208 589 2234 num
610 2204 675 2232 aut
694 2192 805 2245 cgiffe
825 2206 994 2245 unquam
1021 2194 1161 2232 iratum
1181 2194 1382 2247 AEsopum,
1406 2204 1471 2233 aut
1490 2194 1664 2248 scripsiss'e
1684 2195 1880 2234 existima-

496 2275 583 2299 mus
602 2261 741 2298 iratum
762 2258 926 2296 Accium
945 2258 957 2294 ?
989 2261 1170 2310 Aguntur
1188 2259 1254 2297 ista
1274 2260 1461 2312 praeclare,
1488 2270 1525 2298 et
1552 2261 1598 2298 ab
1618 2270 1762 2299 oratore
1788 2263 1878 2314 qui-

495 2328 583 2364 dem
606 2325 756 2368 melius,
788 2324 812 2361 fi
844 2323 960 2361 modo
989 2324 1040 2361 cst
1066 2334 1203 2368 orator,
1234 2339 1349 2376 quam
1383 2326 1429 2363 ab
1464 2326 1544 2364 ullo
1578 2325 1757 2365 histrione
1773 2345 1784 2371 ;
1817 2326 1879 2366 sed

495 2401 658 2444 aguntur
688 2389 837 2433 leniter,
867 2398 905 2426 et
939 2398 1066 2427 mente
1088 2390 1306 2441 tranquilla.
1339 2391 1561 2429 Libidinem
1594 2405 1679 2429 vero
1714 2391 1878 2437 laudare,

494 2458 603 2508 cujus
622 2455 672 2493 est
693 2454 893 2492 libidinis?
924 2453 1228 2493 Themistoclem
1259 2453 1357 2493 mihi
1388 2466 1425 2494 et
1458 2456 1754 2495 Demosthenem
1786 2471 1876 2510 pro-

495 2521 626 2560 fertis:
650 2520 787 2558 additis
808 2518 1079 2574 Pythagoram,
1102 2521 1387 2567 Democritum,
1409 2521 1622 2561 Platonem.
1654 2522 1790 2572 Qid?
1812 2536 1877 2562 von
