2330 2983
615 250 892 291 LIBER
949 249 1384 303 QUINTUS.
1625 267 1703 307 215

301 353 454 393 Tantus
472 350 525 390 est
541 351 661 403 igitur
679 351 833 390 innatus
846 351 887 389 in
901 352 1011 391 nobis
1028 353 1262 405 cognitionis
1281 367 1387 393 amor
1405 362 1443 392 et
1463 353 1639 402 scientiae,
1659 366 1703 395 ut

304 433 419 458 nemo
452 418 626 456 dubitare
659 416 784 470 possit,
823 417 920 469 quin
950 417 996 455 ad
1027 431 1086 455 eas
1119 432 1176 456 res
1206 418 1416 458 hominum
1443 431 1576 460 natura
1595 423 1706 462 nullo

302 485 569 524 emolumento
589 482 747 520 invitata
766 483 946 535 rapiatur.
965 483 1215 529 Videmusne,
1230 493 1274 522 ut
1293 486 1401 537 pueri
1419 500 1466 524 ne
1485 488 1704 527 verberibus

303 550 463 603 quidem
482 562 503 586 a
521 547 828 600 contemplandis
850 547 962 586 rebus
982 549 1323 602 perquirendisque
1344 550 1629 590 deterreantur?
1661 563 1706 592 ut

303 615 399 669 pulli
430 613 640 667 requirant,
666 621 704 650 et
738 612 885 665 aliquid
918 612 1010 651 scire
1040 613 1076 650 se
1105 614 1294 666 gaudeant
1313 616 1326 652 ?
1371 625 1414 654 ut
1445 616 1528 654 aliis
1560 631 1705 656 narrare

302 681 489 735 gestiant?
520 689 564 718 ut
596 692 754 732 pompa,
784 679 900 724 ludis,
935 688 1049 732 atque
1073 680 1262 732 ejusmodi
1292 681 1513 734 spectaculis
1546 693 1705 722 tenean-

303 757 380 792 tur,
411 747 462 785 ob
482 759 643 798 eamque
663 758 744 783 rem
773 744 998 784 velfamem
1018 755 1057 784 et
1077 746 1179 785 fitim
1198 746 1391 800 perferant
1409 749 1422 786 ?
1454 750 1562 801 Qid
1589 752 1705 790 vero?

303 814 372 866 qui
407 813 584 866 ingenuis
618 811 750 849 studiis
781 820 897 864 atque
926 812 1070 850 artibus
1102 813 1350 859 delectantur,
1382 828 1509 853 nonne
1528 816 1704 856 videmus

305 893 368 918 eos
388 893 459 917 nec
490 877 718 916 valetudinis
739 890 808 915 nec
829 878 883 915 rei
902 876 1106 916 familiaris*
1130 877 1270 917 habere
1300 881 1486 919 rationem
1507 881 1519 919 ?
1550 884 1703 921 omnia-

304 958 381 997 que
400 944 560 997 perpeti,
582 943 660 996 ipsa
678 943 900 995 cognitione
931 952 968 980 et
989 943 1143 981 scientia
1161 946 1320 997 captos?
1352 955 1390 984 et
1409 960 1500 984 cum
1523 949 1704 987 maximis

303 1010 405 1048 curis
439 1017 478 1046 et
510 1008 703 1046 laboribus
724 1007 968 1060 compensare
998 1022 1098 1054 eam,
1126 1023 1250 1061 quam.
1269 1023 1316 1048 ex
1337 1011 1516 1050 discendo
1536 1014 1703 1066 capiant,

304 1075 543 1127 voluptatem
562 1074 575 1110 Ξ

358 1139 468 1179 Mihi
499 1139 658 1192 quidem
690 1139 887 1177 Homerus
918 1138 1142 1192 hujusmodi
1176 1140 1361 1193 quiddam
1394 1142 1525 1181 vidiffe
1555 1144 1706 1183 videtur

303 1207 345 1245 in
365 1206 425 1252 iis,
456 1219 541 1258 quae
571 1204 617 1243 de
639 1205 819 1245 Sirenum
835 1206 1012 1243 cantibus
1036 1205 1205 1245 finxerit.
1265 1207 1405 1260 Neque
1436 1209 1541 1247 enim
1562 1223 1706 1250 vocum

303 1274 483 1312 suavitate
502 1272 694 1316 videntur,
722 1282 787 1309 aut
807 1273 975 1310 novitate
995 1272 1159 1324 quadam
1179 1281 1216 1310 et
1236 1274 1412 1312 varietate
1436 1276 1614 1313 cantandi
1642 1290 1703 1314 re-

303 1353 438 1378 vocare
458 1352 520 1378 eos
540 1338 671 1382 solitae,
703 1338 770 1390 qui
800 1337 1183 1390 praetervehebantur,
1216 1339 1278 1376 sed
1297 1340 1386 1391 quia
1416 1341 1540 1379 multa
1559 1341 1593 1379 se
1613 1341 1706 1381 scire

306 1405 581 1459 profitebantur
593 1422 605 1449 3
637 1413 679 1441 ut
699 1402 877 1441 homines
898 1403 944 1441 ad
963 1417 1094 1442 earum
1114 1404 1198 1442 saxa
1216 1404 1386 1443 discendi
1406 1406 1616 1458 cupiditate
1636 1409 1705 1446 ad-

305 1472 564 1511 haerescerent.
598 1471 654 1509 Ita
673 1471 778 1508 enim
797 1470 963 1508 invitant
983 1470 1156 1523 Ulyffem
1168 1488 1181 1516 ς
1206 1471 1315 1522 (nam
1335 1473 1444 1517 verti,
1466 1482 1510 1511 ut
1529 1474 1705 1526 quaedam

306 1538 485 1582 Homeri,
508 1537 557 1575 fic
577 1536 694 1574 istum
714 1535 839 1588 ipsum
860 1535 1012 1587 locum)

442 1605 484 1642 Ο
495 1602 596 1641 decus
615 1602 840 1655 Argolicum,
861 1602 946 1654 quin
959 1602 1108 1655 puppim
1115 1602 1377 1657 fl‘ffliqulyffl’

440 1669 606 1710 Auribus
625 1678 667 1707 ut
685 1669 814 1722 nostros
825 1669 927 1722 pffs
943 1670 1126 1722 agmstere
1144 1666 1301 1708 cantus.⁷

440 1738 540 1776 Nam
560 1750 654 1774 nemo
671 1736 747 1774 haec
766 1750 920 1789 unquam
940 1736 984 1788 est
1003 1736 1230 1788 traty'vec‘ius
1248 1737 1383 1775 caerula
1401 1738 1520 1791 curfit,

443 1803 539 1854 Qin
552 1802 659 1854 prius
677 1801 854 1854 adstiterit
873 1816 997 1840 vocum
1016 1801 1192 1840 dulcedine
1210 1809 1360 1855 captus,

442 1868 526 1920 Post
545 1867 662 1906 variis
680 1867 786 1906 avido
791 1868 958 1920 satiatus
970 1869 1113 1920 pestere
1130 1869 1245 1920 musis,

443 1934 598 1973 Doeh'or
616 1932 667 1971 ad
673 1933 822 1986 patrias
840 1934 956 1986 lczpfics
966 1934 1179 1986 pervenerit
1197 1949 1292 1973 oras.

442 2002 521 2039 Nos
535 2014 656 2053 grave
674 2009 851 2038 certamen
867 1999 958 2045 belli,
980 1999 1176 2054 clademque
1195 2009 1368 2045 tenemus,

443 2066 592 2105 Graecia
611 2080 715 2119 quam
736 2063 853 2118 Trojae
871 2065 991 2105 divino
1010 2067 1149 2105 numine
1167 2066 1270 2105 vexit
1288 2084 1301 2112 3

442 2132 640 2185 Omniaque
659 2147 675 2170 e
690 2132 774 2169 latis
793 2146 914 2170 rerum
933 2132 1079 2185 vqstigia
1099 2133 1221 2171 terris.

306 2199 419 2237 Vidit
438 2199 651 2243 Homerus,
684 2198 833 2251 probari
853 2197 1024 2237 fabulam
1044 2212 1122 2237 non
1142 2198 1258 2252 poffe,
1288 2198 1313 2237 fi
1340 2199 1595 2238 cantiunculis
1617 2208 1702 2238 tan-

309 2274 370 2303 tus
392 2264 449 2301 vir
467 2264 635 2302 irretitus
657 2271 861 2302 teneretur.
894 2264 1100 2302 Scientiam
1120 2265 1353 2317 pollicentur
1368 2283 1379 2310 ;
1399 2278 1515 2317 quam
1533 2279 1607 2303 non
1627 2272 1706 2302 erat

310 2331 457 2369 mirum
477 2329 666 2382 sapientiae
686 2329 828 2382 cupido
847 2330 968 2383 patria
987 2330 1058 2369 effe
1077 2332 1275 2369 cariorem.
1312 2333 1443 2383 Atque
1463 2331 1595 2369 omnia
1613 2330 1703 2382 qui-

310 2396 400 2434 dem
431 2394 536 2439 scire,
566 2395 826 2448 cujuscunque
859 2396 966 2434 modi
999 2397 1099 2442 sunt,
1135 2410 1286 2450 cupere,
1316 2397 1551 2435 curiosorum
1567 2410 1577 2433 ι
1613 2395 1704 2433 duci

311 2475 400 2499 vero
430 2461 619 2513 majorum
651 2475 778 2499 rerum
808 2463 1133 2515 contemplatione
1166 2463 1211 2501 ad
1245 2462 1496 2515 cupiditatem
1525 2461 1704 2506 scientiae,

309 2528 551 2568 summorum
571 2528 741 2566 virorum
760 2528 812 2566 est
832 2529 1062 2581 putandum.

364 2594 478 2634 XIX.
511 2596 642 2648 Qem
658 2595 762 2642 enim
778 2595 950 2635 ardorem
967 2595 1080 2635 studii
1097 2594 1254 2635 censetis
1269 2593 1378 2634 fuiss‘e
1396 2595 1436 2634 in
1453 2593 1703 2640 Archimede,
