2330 2983
484 323 562 361 412
744 307 836 346 DE
893 305 1220 345 NATURA
1278 304 1616 344 DEORUM

485 407 550 452 est,
571 405 630 444 vel
651 404 740 457 quia
759 403 998 457 sempiterna,
1018 403 1221 442 convenire
1240 402 1410 442 videatur
1429 402 1588 441 eandem
1607 401 1678 441 effe
1694 403 1883 456 pulcher-

488 473 626 509 rimam
642 487 654 514 ς
686 483 771 522 quae
790 469 1016 522 compositio
1046 469 1328 513 membrorum,
1359 482 1443 520 quae
1473 467 1732 507 conformatio
1757 468 1881 507 linea-

487 545 724 580 mentorum,
759 549 845 588 quae
878 534 1012 588 figura,
1054 548 1138 587 quae
1172 534 1311 587 species
1337 533 1507 572 humana
1539 533 1662 586 potest
1689 533 1761 572 effe
1787 534 1880 587 pul-

487 600 645 640 chrior?
676 601 755 639 Vos
775 601 950 652 quidem,
981 601 1127 645 Lucili,
1158 600 1299 645 soletis,
1331 601 1449 651 (nam
1471 601 1587 638 Cotta
1619 613 1728 639 meus
1761 599 1887 638 modo

487 666 577 711 hoc,
609 666 726 705 modo
756 665 882 718 illud)
917 679 1010 704 cum
1030 665 1237 704 artificium
1257 666 1453 718 effingitis,
1486 664 1748 717 fabricamque
1778 665 1880 703 divi-

489 746 594 778 nam,
629 730 746 784 quam
766 731 838 770 sint
857 732 989 769 omnia
1007 731 1050 770 in
1077 730 1248 769 hominis
1269 731 1388 783 figura
1419 745 1496 770 non
1531 731 1651 770 modo
1677 731 1724 769 ad
1753 730 1883 775 usum,

489 811 623 836 verum
647 797 762 834 etiam
784 795 830 833 ad
849 795 1082 834 venustatem
1113 804 1212 848 apta,
1244 795 1466 834 describere.
1498 796 1618 846 Qod
1647 796 1674 834 si
1702 796 1885 834 omnium

490 862 746 901 animantium
765 859 931 898 formam
951 860 1074 898 vincit
1089 858 1260 898 hominis
1279 859 1413 912 figura,
1435 861 1543 899 Deus
1561 869 1691 898 autem
1709 860 1889 897 animans

489 929 542 967 est
555 947 568 973 5
599 940 642 965 ea
656 926 776 979 figura
795 924 967 979 profecto
986 925 1056 971 est,
1080 939 1165 978 quae
1183 924 1445 978 pulcherrima
1464 925 1509 964 fit
1527 926 1721 964 omnium.
1769 926 1885 976 QO·

491 993 673 1045 niamque
693 992 797 1030 Deos
822 991 1053 1030 beatiffimos
1082 989 1154 1029 effe
1187 991 1349 1036 constat,
1378 991 1510 1030 beatus
1544 1001 1674 1030 autem
1703 989 1775 1029 esse
1807 989 1888 1028 fine

491 1059 631 1097 virtute
651 1071 767 1096 nemo
786 1057 920 1109 potest,
952 1070 1022 1096 nec
1042 1057 1162 1095 virtus
1193 1057 1269 1096 fine
1299 1057 1443 1096 ratione
1473 1057 1654 1101 constare,
1690 1069 1759 1095 nec
1790 1056 1894 1094 ratio

492 1123 652 1175 usquam
672 1121 798 1167 inesse,
830 1122 898 1160 nifi
919 1123 959 1160 in
978 1120 1149 1161 hominis
1169 1121 1290 1174 figura
1305 1140 1317 1167 5
1348 1121 1519 1161 hominis
1548 1121 1619 1160 effe
1638 1121 1760 1175 specie
1780 1121 1887 1159 Deos

493 1188 757 1227 confitendum
776 1186 841 1225 est.

547 1254 634 1292 Nec
656 1262 783 1290 tamen
803 1265 844 1288 ea
864 1251 1005 1303 species
1025 1264 1162 1304 corpus
1181 1251 1249 1295 est,
1280 1251 1341 1289 sed
1361 1252 1463 1304 quasi
1482 1266 1619 1305 corpus
1637 1271 1647 1297 ;
1680 1265 1750 1291 nec
1770 1251 1890 1290 habet

494 1317 730 1370 sanguinem,
751 1315 813 1353 sed
832 1315 935 1367 quasi
955 1314 1195 1368 sanguinem.
1216 1316 1313 1354 Haec
1333 1330 1554 1368 quanquam
1570 1326 1609 1355 et
1627 1318 1783 1355 inventa
1803 1317 1890 1355 sunt

494 1383 656 1428 acutius,
686 1391 723 1419 et
754 1381 854 1419 dicta
878 1380 1056 1420 subtilius
1076 1381 1123 1419 ab
1144 1381 1330 1434 Epicur0,
1362 1395 1479 1434 quam
1499 1392 1543 1421 ut
1562 1382 1687 1434 quivis
1707 1395 1749 1419 ea
1777 1380 1894 1433 poffit

494 1449 691 1502 agnoscere
703 1466 716 1493 5
739 1457 866 1486 tamen
887 1446 1007 1486 fretus
1026 1447 1282 1500 intelligentia
1296 1448 1413 1486 vestra
1435 1447 1570 1486 differo
1590 1447 1756 1491 brevius,
1771 1459 1892 1499 quam

495 1515 602 1554 causa
635 1513 828 1552 defiderat.
871 1513 1064 1566 Epicurus
1097 1523 1242 1558 autem,
1283 1514 1352 1565 qui
1385 1526 1440 1552 res
1470 1513 1641 1553 occultas
1668 1523 1706 1552 et
1735 1513 1895 1566 penitus·

496 1579 640 1618 abditas
661 1591 737 1616 non
758 1578 876 1616 modo
894 1578 1031 1616 viderit
1050 1578 1196 1622 animo,
1216 1578 1276 1616 sed
1297 1579 1414 1618 etiam
1439 1579 1489 1618 sic
1511 1581 1657 1623 tractet,
1689 1587 1731 1618 ut
1756 1591 1897 1623 manu,

497 1645 609 1682 docet
629 1656 712 1680 eam
733 1641 801 1680 effe
822 1642 902 1680 vim
921 1650 958 1679 et
979 1652 1156 1680 naturam
1176 1642 1369 1688 Deorum,
1388 1652 1431 1680 ut
1457 1644 1632 1695 primum
1661 1656 1738 1681 non
1770 1642 1898 1688 sensu,

499 1710 559 1747 sed
581 1718 722 1752 mente,
756 1716 929 1744 cernatur
944 1725 957 1751 ³
989 1719 1058 1745 nec
1091 1706 1278 1746 soliditate
1298 1707 1478 1760 quadam,
1509 1721 1579 1747 nec
1599 1708 1645 1747 ad
1666 1721 1888 1751 numerum,

499 1785 541 1813 ut
560 1787 615 1819 ea,
637 1787 722 1825 quae
741 1772 807 1810 ille
826 1780 981 1824 propter
1000 1770 1225 1810 firmitatem
1245 1771 1391 1820 ςιρέμνια
1416 1773 1594 1826 appellat,
1626 1773 1687 1811 sed
1707 1773 1890 1825 imagini-

499 1842 584 1885 bus,
615 1837 866 1877 similitudine
895 1845 934 1874 et
965 1836 1182 1875 transitione
1202 1838 1416 1890 perceptis:
1448 1852 1540 1877 cum
1567 1838 1718 1877 infinita
1736 1838 1891 1877 similli-

500 1918 652 1943 marum
670 1903 886 1955 imaginum
906 1901 1047 1953 species
1066 1915 1113 1940 ex
1134 1902 1477 1942 innumerabilibus
1505 1903 1715 1942 individuis
1743 1903 1895 1948 existat,

500 1981 538 2008 et
557 1970 603 2007 ad
623 1970 726 2007 Deos
747 1967 890 2011 affluat,
920 1980 1012 2005 cum
1042 1968 1223 2006 maximis
1246 1968 1508 2021 voluptatibus
1544 1970 1584 2008 in
1615 1982 1675 2007 eas
1707 1966 1894 2021 imagines

503 2044 672 2073 mentem
705 2034 909 2076 intentam,
946 2031 1184 2084 infixamque
1218 2033 1382 2072 nostram
1416 2034 1710 2086 intelligentiam
1744 2046 1894 2086 capere,

502 2114 586 2152 qua:
608 2099 649 2137 sit
669 2108 707 2136 et
727 2098 834 2136 beata
851 2106 995 2142 natura,
1015 2106 1053 2136 et
1068 2107 1218 2136 aeterna.

558 2166 669 2204 XIX.
708 2165 867 2203 Summa
885 2177 973 2202 vero
993 2164 1048 2202 vis
1069 2163 1269 2203 infinitatis
1290 2178 1427 2217 magna
1446 2178 1488 2203 ac
1509 2164 1685 2217 diligenti
1715 2172 1893 2202 contem-

505 2233 670 2285 platione
704 2229 920 2282 digniffima
952 2230 1028 2274 est;
1060 2230 1099 2269 in
1133 2243 1208 2282 qua
1242 2231 1408 2283 intelligi
1443 2231 1584 2269 neceffe
1612 2231 1679 2275 est.
1709 2244 1793 2268 eam
1823 2230 1896 2268 ess‘e

507 2309 694 2342 naturam,
730 2306 772 2334 ut
792 2296 922 2334 omnia
954 2297 1136 2336 omnibus
1157 2297 1310 2349 paribus
1330 2298 1432 2350 paria
1461 2297 1720 2350 respondeant.
1781 2297 1895 2334 Hanc

507 2363 656 2410 ὶπνομίαιν
675 2362 838 2415 appellat
859 2362 1051 2414 Epicurus
1070 2381 1080 2407 ς
1114 2363 1151 2400 id
1171 2363 1237 2405 est,
1272 2363 1499 2415 aequabilem
1521 2363 1786 2401 tributionem.
1834 2363 1895 2400 Ex

507 2429 577 2466 hac
600 2428 716 2479 igitur
736 2427 831 2465 illud
856 2428 1036 2472 efficitur,
1071 2428 1095 2465 si
1127 2428 1349 2466 mortalium
1372 2438 1472 2467 tanta
1492 2428 1703 2466 multitudo
1738 2428 1795 2471 sit,
1826 2426 1895 2465 ess‘e

509 2494 789 2532 immortalium
822 2507 895 2531 non
919 2493 1135 2537 minorcm5
1167 2503 1202 2530 ct
1232 2494 1270 2536 li.
1302 2507 1386 2545 qua:
1407 2494 1642 2537 interimant,
1675 2494 1895 2531 innumem-

510 2560 600 2597 bilia
623 2559 705 2602 sint,
727 2560 841 2596 etiam
861 2573 914 2603 ca,
941 2572 1025 2610 quae
1044 2558 1276 2601 conservent.
1300 2558 1448 2597 infinita
1467 2560 1537 2598 css‘c
1553 2561 1703 2597 debere.

578 2626 628 2663 Et
659 2639 821 2677 quarere
851 2640 870 2663 a
902 2625 1026 2670 nobis,
1058 2625 1188 2670 Balbe,
1232 2625 1355 2664 soletis
1375 2655 1384 2670 ,
1416 2639 1500 2677 qua:
1531 2627 1606 2664 vita
1638 2626 1809 2664 Deorum
1837 2622 1894 2667 fit,
