2330 2983
557 261 630 315 238
865 253 1639 296 TUSCULANARUM

554 358 734 402 Calatini,
767 356 1008 409 Scipionum,
1043 354 1304 399 Serviliorum,
1340 353 1592 392 Metellorum
1628 352 1796 406 sepulcra
1825 354 1945 397 vides,

553 423 706 464 miseros
740 432 850 475 putas
880 421 967 460 illos
986 422 999 459 ?
1044 423 1271 460 Aumrox.
1309 420 1507 472 Qoniam
1543 433 1606 458 me
1640 419 1756 457 verbo
1786 420 1944 472 premis,

552 487 708 542 posthac
738 501 815 526 non
835 487 887 524 ita
906 486 1047 530 dicam,
1077 487 1213 538 mfiros
1232 485 1304 538 eff’,
1334 485 1394 523 sed
1416 484 1579 528 tantum,
1599 485 1736 537 miseros
1754 484 1805 522 ob
1825 484 1863 522 id
1883 485 1945 537 ip-

552 555 651 599 sum,
672 554 763 606 quia
793 566 870 591 non
890 551 988 590 sunt.
1038 552 1252 590 Mimcus.
1285 551 1378 589 Non
1399 551 1493 588 dicis
1515 550 1646 602 igitur,
1676 549 1794 603 Mg'sbr
1817 548 1862 602 cst
1881 549 1944 588 M.

555 618 711 672 Cnffus,
742 618 804 656 sed
824 616 988 661 tantum,
1020 618 1135 670 Mg'fi’r
1155 618 1216 656 M.
1240 616 1396 669 erffizs.

607 687 835 724 AumToR.
859 685 916 722 Ita
936 683 1059 735 plane.
1106 683 1319 721 MARcus.
1342 681 1458 732 Qafi
1479 694 1556 719 non
1576 680 1718 719 necess‘e
1738 681 1796 725 fit,
1827 679 1944 733 quid-

552 751 645 803 quid
665 751 735 789 isto
755 750 873 788 modo
893 749 1131 801 pronunties,
1163 749 1203 786 id
1221 757 1287 785 aut
1305 747 1388 791 effe,
1410 756 1474 784 aut
1494 761 1570 784 non
1588 745 1671 784 esse.
1714 747 1778 784 An
1799 755 1842 784 tu
1861 746 1943 784 dia-

553 816 696 854 lec‘ticis
731 828 779 852 ne
812 813 986 852 imbutus
1006 813 1165 864 quidem
1199 826 1236 850 es
1256 813 1269 849 ?
1302 813 1346 850 In
1378 812 1512 863 primis
1532 811 1637 848 enim
1661 809 1735 848 hoc
1757 810 1944 848 traditur:

554 883 684 920 Omne
718 879 1010 932 pronuntiatum
1049 878 1116 929 (fic
1136 878 1239 916 enim
1261 875 1359 915 mihi
1394 877 1432 914 in
1462 876 1656 929 praesentia
1689 876 1870 921 occurrit,
1904 884 1947 913 ut

550 947 779 999 appellarem
813 940 971 991 ἀξίωμας
1003 953 1087 981 utar
1117 943 1200 996 post
1217 943 1307 987 alio,
1342 942 1368 980 fi
1388 942 1568 981 invenero
1600 941 1758 993 melius)
1787 941 1827 979 id
1857 954 1948 993 ergo

549 1012 603 1051 est
619 1011 925 1064 pronuntiatum,
946 1009 1051 1061 quod
1070 1008 1122 1047 est
1141 1022 1276 1046 verum
1296 1017 1361 1046 aut
1381 1007 1533 1046 falsum.
1575 1009 1679 1045 Cum
1701 1006 1796 1044 dicis
1813 1006 1944 1058 igitur,

551 1078 669 1130 Mfir
685 1077 749 1115 Μ.
772 1075 917 1127 Craſjiss
932 1093 944 1118 ;
976 1084 1040 1112 aut
1061 1073 1135 1112 hoc
1156 1074 1268 1118 dicis,
1298 1074 1414 1126 Mistr
1433 1072 1477 1125 est
1496 1074 1558 1111 M.
1583 1072 1740 1125 erffits,
1773 1081 1816 1110 ut
1835 1071 1947 1124 poffit

545 1142 724 1195 judicari,
745 1153 878 1178 verum
899 1139 938 1178 id
959 1138 1144 1177 falsumne
1165 1138 1207 1177 fit
1223 1157 1234 1183 3
1266 1148 1331 1176 aut
1351 1137 1450 1176 nihil
1470 1138 1565 1176 dicis
1587 1138 1760 1176 omnino.

606 1209 835 1246 AumToR.
867 1207 965 1257 Age,
996 1205 1079 1256 jam
1099 1204 1270 1242 concedo
1300 1217 1378 1242 non
1407 1203 1478 1242 effe
1504 1203 1673 1247 miseros,
1705 1202 1772 1254 qui
1803 1202 1947 1240 mortui

551 1273 651 1317 sunt,
671 1271 856 1324 quoniam
887 1269 1085 1313 extorfisti,
1116 1278 1160 1306 ut
1178 1267 1328 1313 faterer,
1349 1269 1416 1320 qui
1435 1269 1598 1306 omnino
1627 1281 1702 1305 non
1722 1266 1853 1311 effent,
1883 1280 1947 1305 eos

552 1353 599 1377 ne
619 1337 774 1376 miseros
801 1335 960 1388 quidem
980 1333 1049 1372 effe
1080 1333 1194 1386 poss'e.
1255 1334 1391 1384 Qid?
1422 1334 1490 1386 qui
1524 1334 1704 1377 vivimus,
1735 1345 1827 1370 cum
1858 1346 1947 1371 mo·

552 1404 728 1442 tiendum
750 1402 809 1446 fit,
841 1414 968 1439 nonne
988 1399 1114 1438 miseri
1139 1399 1299 1438 sumus?
1332 1400 1430 1450 ch
1449 1398 1555 1437 enim
1577 1397 1699 1451 potest
1718 1398 1757 1436 in
1778 1397 1855 1436 vita
1877 1398 1948 1436 esse

544 1469 782 1522 jucunditas,
812 1480 904 1505 cum
926 1466 1004 1504 dies
1031 1475 1069 1503 et
1089 1467 1218 1504 noctes
1250 1464 1501 1518 cogitandum
1522 1464 1579 1509 fit,
1604 1465 1687 1517 jam
1698 1464 1859 1516 jamque
1877 1463 1948 1502 effe

551 1533 812 1574 moriendum.

606 1600 719 1639 VIII.
761 1599 976 1637 MARCUS.
1006 1596 1133 1652 Ecqui
1152 1595 1457 1648 ergointelligis,
1480 1605 1667 1648 quantum
1690 1595 1782 1634 mali
1803 1595 1849 1633 de
1869 1594 1946 1633 hu-

550 1679 664 1705 mana
678 1664 898 1703 conditione
917 1662 1096 1714 dejeceris
1112 1663 1124 1699 ?
1157 1663 1384 1700 AumToR.
1417 1662 1599 1712 Qonam
1617 1661 1734 1699 modo
1752 1662 1764 1698 ?
1806 1661 1946 1698 MAR—

555 1746 648 1771 cus.
668 1731 784 1783 Qia‚
799 1730 824 1767 fi
848 1729 945 1768 mori
965 1730 1081 1766 etiam
1103 1729 1264 1766 mortuis
1280 1727 1462 1766 miserum
1483 1727 1585 1773 effet‚
1603 1727 1803 1766 infinitum
1819 1727 1946 1779 quod-

551 1799 641 1837 dam
661 1806 699 1835 et
732 1795 1007 1848 sempiternum
1028 1794 1176 1832 malum
1207 1792 1434 1833 haberemus
1466 1794 1504 1832 in
1536 1794 1626 1832 vita.
1684 1793 1804 1831 Nunc
1836 1793 1947 1832 video

550 1863 696 1902 calcem
712 1881 724 1907 ;
755 1861 800 1899 ad
821 1873 938 1912 quam
959 1873 1051 1898 cum
1072 1859 1115 1898 s1t
1141 1859 1358 1903 decursum,
1382 1858 1481 1897 nihil
1501 1859 1546 1897 fit
1566 1868 1744 1911 praeterea
1767 1858 1948 1896 extimes-

550 1929 732 1968 cendum.
759 1927 829 1966 Sed
851 1935 893 1964 tu
914 1925 1012 1964 mihi
1033 1926 1169 1964 videris
1187 1924 1429 1977 Epicharmi,
1448 1926 1565 1970 acuti,
1586 1938 1656 1963 nec
1672 1924 1798 1963 insulsi
1815 1923 1949 1963 homi·

553 1996 625 2040 nis,
647 2003 689 2032 ut
710 1993 842 2037 Siculi,
870 1991 1094 2030 sententiam
1116 1991 1233 2044 sequi.
1275 1992 1510 2030 AumToR.
1545 1991 1704 2042 Qam?
1737 2004 1813 2028 non
1842 1991 1948 2030 enim

554 2060 656 2100 novi.
696 2060 909 2098 MARCUS.
932 2057 1088 2101 Dicam,
1110 2056 1135 2094 Γ]
1156 2066 1302 2109 potero,
1320 2057 1471 2095 Latine.
1504 2057 1583 2094 Scis
1602 2056 1708 2094 enim
1730 2069 1793 2094 me
1813 2057 1949 2094 Graece

553 2126 660 2179 loqui
680 2125 721 2163 in
742 2125 882 2163 Latino
902 2123 1073 2161 sermone
1090 2137 1166 2161 non
1184 2123 1271 2177 plus
1291 2123 1420 2167 solere,
1438 2135 1555 2175 quam
1577 2123 1616 2161 in
1636 2122 1774 2160 Graeco
1795 2122 1946 2161 Latine.

553 2195 787 2231 Aumron.
811 2191 863 2228 Et
884 2191 979 2227 recte
998 2189 1170 2241 quidem.
1203 2189 1274 2227 Sed
1294 2203 1378 2241 quae
1399 2188 1552 2226 tandem
1573 2188 1625 2226 est
1639 2186 1866 2241 Epicharmi
1883 2187 1950 2227 ista

554 2257 763 2297 sententia?
795 2257 1008 2294 MAacus.

688 2323 816 2362 Emori
832 2322 905 2360 nolo
917 2337 929 2360 :
946 2320 1018 2375 fid
1031 2336 1083 2360 me
1099 2321 1159 2373 eff&
1178 2330 1355 2359 mortuum
1373 2320 1466 2359 mhi!
1479 2319 1618 2374 (estimo.

555 2391 785 2428 Aumwon.
808 2387 896 2439 Jam
913 2385 1075 2440 agnosco
1096 2390 1293 2424 Graccum.
1317 2386 1388 2424 Sed
1407 2386 1591 2438 quoniam
1607 2385 1776 2439 coegisti,
1794 2395 1836 2423 ut
1851 2398 1946 2423 con·
2004 2409 2006 2411 -

551 2454 741 2499 cederem,
763 2454 831 2507 qui
852 2453 993 2492 mortui
1011 2452 1139 2497 ess‘ent,
1156 2466 1218 2490 eos
1241 2452 1394 2490 miseros
1411 2465 1487 2490 non
1503 2451 1588 2496 effe,
1611 2451 1763 2505 perfice,
1781 2451 1805 2490 li
1823 2461 1945 2504 potes.

553 2530 596 2560 ut
618 2533 663 2557 ne
682 2519 923 2557 moriendum
945 2518 1105 2571 quidem
1121 2517 1191 2556 effe
1212 2517 1394 2556 miserum
1414 2527 1562 2571 putem.

607 2585 820 2624 MARcus.
863 2586 951 2637 Jam
986 2583 1086 2623 istud
1117 2582 1276 2638 quidem
1307 2582 1406 2623 nihil
1441 2583 1586 2636 negotii
1615 2583 1667 2623 est
1684 2597 1694 2623 z
1740 2581 1802 2622 sed
1829 2581 1945 2620 etim»
