2330 2983
690 227 967 267 LIBER
1022 227 1445 267 TERTIUS.
1699 228 1767 267 161

368 327 498 367 Graeci
517 323 668 372 πιηπκῖι,
689 327 762 364 alia
776 336 997 380 utrumque.
1035 329 1096 366 De
1116 328 1395 381 pertinentibus
1416 326 1515 366 nihil
1532 326 1585 365 est
1604 325 1768 369 bonum,

368 403 505 447 praeter
524 392 687 431 actiones
709 391 895 431 honestas.
932 395 995 431 De
1015 394 1286 438 efficientibus,
1309 393 1408 432 nihil
1429 401 1561 446 praeter
1581 393 1766 430 amicum.

370 459 441 497 Sed
460 468 498 497 et
517 458 786 511 pertinentem,
818 468 856 495 et
882 459 1113 496 efficientem
1134 459 1357 511 sapientiam
1377 459 1513 497 volunt
1531 458 1614 496 esse.
1661 457 1769 495 Nam

367 526 459 578 quia
479 524 660 577 sapientia
678 524 730 562 est
757 525 985 562 conveniens
1006 525 1117 569 aetio,
1149 524 1202 562 est
1231 538 1278 562 ex
1304 525 1372 562 illo
1392 525 1597 577 pertinenti
1618 536 1767 576 genere,

368 590 474 642 quod
493 590 589 628 dixi.
631 589 750 642 Qod
769 598 898 628 autem
918 589 1090 628 honestas
1112 590 1277 628 actiones
1299 589 1420 634 affert,
1454 597 1492 627 et
1519 589 1652 632 efficit,
1684 588 1769 625 ideo

367 657 538 695 efficiens
559 655 635 694 dici
656 655 791 708 potest.

422 723 557 760 XVII.
590 723 701 767 Haec,
733 735 818 774 quae
838 721 1033 774 praepofita
1053 721 1234 768 dicimus,
1268 722 1410 775 partim
1429 720 1517 759 sunt
1542 734 1608 773 per
1628 719 1662 758 se
1691 718 1769 771 ipsa

367 787 577 841 praeposita,
594 787 734 840 partim
747 786 851 839 quod
866 787 1011 839 aliquid
1025 789 1213 833 efficiunt,
1230 788 1371 841 partim
1387 787 1438 825 ob
1454 796 1675 838 utrumque.
1698 785 1769 823 Per

368 853 418 897 se,
434 862 477 891 ut
497 853 655 905 quidam
666 851 820 891 habitus
836 853 910 891 oris
927 861 964 891 et
977 852 1119 898 vultfis,
1134 862 1177 891 ut
1189 853 1318 898 status,
1336 862 1379 890 ut
1395 862 1549 896 motus;
1573 852 1612 889 in
1625 850 1767 903 quibus

368 918 455 956 sunt
476 927 514 956 et
528 918 779 971 praeponenda
793 918 983 970 quaedam,
1005 928 1043 956 et
1058 919 1283 971 rejicienda:
1305 919 1378 956 alia
1396 919 1447 956 ob
1466 931 1552 956 eam
1571 930 1654 954 rem
1669 929 1766 968 prae-

366 984 487 1037 pofita
517 984 713 1028 dicuntur,
744 984 849 1036 quod
879 997 925 1022 ex
956 984 992 1022 se
1017 985 1164 1037 aliquid
1193 985 1375 1028 efficiant,
1407 993 1452 1021 ut
1476 983 1665 1036 pecunia:
1697 981 1768 1019 alia

368 1059 498 1087 autem
517 1049 568 1087 ob
589 1058 792 1101 utramque
810 1063 906 1093 rem,
929 1058 972 1086 ut
992 1049 1133 1102 integri
1153 1049 1290 1094 sensus,
1308 1058 1353 1086 ut
1372 1049 1474 1086 bona
1491 1047 1683 1086 valetudo.

423 1116 486 1154 De
507 1115 606 1153 bona
625 1123 753 1153 autem
771 1113 874 1153 fama
895 1116 1032 1167 (quarn
1051 1116 1158 1153 enim
1177 1115 1371 1168 appellant
1388 1109 1537 1162 ὲυδαξίαν,
1567 1113 1693 1165 'aptius
1717 1112 1769 1150 est

366 1181 443 1221 hoc
475 1182 564 1221 loco
598 1181 740 1220 bonam
770 1180 915 1220 famam
949 1182 1151 1235 appellare,
1184 1195 1302 1234 quarn
1327 1181 1509 1233 gloriam)
1532 1178 1768 1232 Chrysippus

365 1248 526 1301 quidem
546 1257 584 1286 et
604 1248 811 1299 Diogenes,
842 1247 1005 1286 detra&
1025 1248 1205 1292 utilitate,
1236 1261 1287 1286 ne
1303 1246 1471 1300 digitum
1491 1245 1667 1298 quidem,
1688 1246 1769 1298 ejus

367 1315 491 1360 causa,
514 1313 790 1367 porrigendum
810 1313 882 1352 effe
902 1314 1081 1352 dicebant
1096 1333 1108 1359 3
1131 1314 1273 1366 quibus
1290 1327 1361 1367 ego
1381 1311 1629 1350 vehementer
1647 1311 1768 1349 affen-

369 1381 457 1418 tior.
490 1380 572 1432 Qi
591 1388 719 1417 autern
740 1379 822 1432 post
841 1393 904 1417 eos
924 1379 1095 1424 fuerunt,
1116 1393 1208 1417 cum
1229 1378 1464 1417 Carneadem
1485 1378 1663 1416 sustinere
1691 1391 1769 1415 non

370 1446 530 1499 poffent,
552 1445 666 1490 hanc,
694 1458 810 1497 quam
829 1445 925 1490 dixi,
959 1446 1099 1484 bonam
1117 1445 1277 1490 famam,
1304 1445 1426 1498 ipsam
1442 1453 1597 1497 propter
1616 1443 1652 1481 se
1671 1457 1769 1496 prae-

370 1513 532 1566 positam
562 1520 599 1550 et
618 1511 843 1550 sumendam
861 1511 932 1550 effe
952 1512 1145 1556 dixerunt,
1165 1510 1314 1564 esseque
1344 1510 1516 1549 hominis
1546 1509 1706 1562 ingenui
1731 1518 1770 1547 et

369 1578 575 1617 liberaliter
595 1576 760 1622 educati,
791 1576 888 1615 velle
908 1577 1004 1615 bene
1024 1577 1152 1616 audire
1172 1591 1193 1615 a
1222 1576 1459 1630 parentibus,
1486 1589 1508 1613 a
1526 1575 1768 1629 propinquis,

369 1658 391 1682 a
408 1644 518 1682 bonis
539 1643 656 1682 etiam
675 1643 780 1688 viris,
801 1643 919 1696 idque
939 1653 1094 1697 propter
1111 1657 1193 1683 rem
1213 1643 1347 1697 ipsam,
1363 1656 1441 1681 non
1454 1651 1611 1696 propter
1630 1641 1742 1680 usum
1758 1657 1768 1680 z

367 1710 595 1762 dicuntque,
618 1717 660 1747 ut
677 1708 808 1748 liberis
829 1710 1051 1749 consultum
1069 1710 1248 1755 velimus,
1265 1709 1382 1751 etiam
1401 1709 1428 1747 fi
1446 1707 1641 1762 posthumi
1657 1706 1770 1746 futu·

368 1776 400 1814 ri
420 1775 505 1821 fint,
536 1784 693 1828 propter
712 1774 810 1828 ipsos
825 1792 838 1821 ς
870 1775 919 1814 fic
938 1774 1077 1814 futurae
1095 1776 1180 1828 post
1210 1784 1378 1813 mortem
1397 1773 1510 1812 famae
1540 1782 1670 1813 tamen
1699 1773 1771 1812 effe

367 1850 523 1895 propter
542 1855 638 1887 rem,
655 1841 772 1879 etiam
793 1841 959 1880 detra&0
979 1842 1062 1887 usu,
1084 1841 1378 1881 consulendum.

425 1906 496 1945 Sed
525 1920 633 1952 cum,
665 1906 770 1958 quod
789 1905 994 1946 honestum
1014 1907 1072 1953 fit,
1104 1907 1144 1945 id
1163 1907 1289 1946 solum
1315 1906 1464 1945 bonum
1489 1905 1560 1944 effe
1579 1905 1770 1950 dicamus,

367 1973 666 2012 consentaneum
687 1982 816 2011 tamen
836 1973 902 2019 est,
932 1973 1044 2027 fungi
1075 1974 1219 2019 officio,
1249 1987 1342 2012 cum
1375 1973 1416 2011 id
1440 1972 1616 2011 officium
1636 1984 1706 2010 nec
1728 1971 1770 2009 in

370 2040 480 2078 bonis
497 2052 701 2092 ponamus,
723 2053 793 2078 nec
813 2040 853 2078 in
873 2040 999 2079 malis.
1023 2040 1090 2079 Est
1109 2040 1215 2078 enim
1228 2039 1375 2092 aliquid
1388 2039 1428 2077 in
1447 2038 1507 2077 his
1528 2038 1655 2082 rebus,
1677 2051 1768 2090 pro-

371 2105 512 2149 babile,
542 2114 581 2143 et
601 2104 761 2157 quidem
780 2106 847 2150 ita,
878 2114 922 2143 ut
951 2107 1031 2158 ejus
1052 2106 1148 2145 ratio
1177 2105 1282 2144 reddi
1301 2105 1439 2158 poffit:
1471 2117 1562 2156 ergo
1582 2113 1624 2141 ut
1652 2103 1770 2140 etiam

369 2170 619 2223 probabiliter
639 2171 711 2208 aeti
732 2171 826 2209 ratio
846 2171 949 2209 reddi
970 2171 1095 2224 poffit.
1138 2171 1206 2210 Est
1231 2180 1361 2209 autem
1386 2170 1546 2224 ffcium,
1582 2168 1687 2221 quod
1717 2169 1771 2206 ita

370 2236 516 2274 faetum
535 2235 602 2280 est,
635 2245 676 2273 ut
695 2237 775 2288 ejus
796 2235 885 2274 fasti
906 2237 1114 2290 probabilis
1135 2237 1230 2276 ratio
1246 2236 1352 2275 reddi
1372 2235 1497 2290 poffit.
1530 2235 1590 2273 Ex
1607 2247 1687 2286 quo
1706 2233 1769 2271 in-

370 2302 572 2354 telligitur,
601 2302 776 2340 officium
803 2303 977 2341 medium
997 2304 1192 2357 quoddam
1212 2303 1296 2349 effe,
1328 2303 1432 2356 quod
1452 2314 1577 2354 neque
1596 2301 1635 2338 in
1658 2300 1768 2338 bonis

371 2377 547 2420 ponatur,
586 2381 710 2421 neque
743 2370 782 2407 in
803 2371 1016 2409 contrariis.
1062 2371 1338 2423 Qoniamque
1369 2370 1408 2407 in
1440 2367 1500 2406 his
1527 2367 1652 2410 rebus,
1683 2379 1769 2417 quae

373 2445 498 2483 neque
530 2432 568 2470 in
599 2433 806 2472 virtutibus
837 2434 938 2480 sunt,
969 2449 1094 2487 neque
1115 2436 1155 2473 in
1186 2435 1305 2480 vitiis,
1335 2434 1388 2471 est
1419 2442 1547 2471 tamen
1568 2429 1767 2483 quiddam,

372 2497 477 2548 quod
497 2497 580 2535 usui
596 2498 707 2550 poffit
726 2499 810 2544 effe,
832 2500 1049 2539 tollendum
1068 2501 1108 2538 id
1125 2514 1201 2539 non
1223 2500 1287 2538 est.
1320 2498 1387 2537 Est
1407 2506 1535 2535 autem
1556 2497 1636 2548 ejus
1651 2508 1769 2548 genc-

375 2564 425 2602 ris
447 2564 544 2602 aetio
562 2578 717 2617 quoque
737 2566 926 2619 quaedam,
947 2576 983 2606 et
1000 2567 1159 2620 quidem
1180 2566 1277 2611 taliq,
1301 2574 1342 2603 ut
1363 2565 1459 2603 ratio
1478 2561 1642 2616 postulet
1663 2572 1770 2613 agere

486 2630 524 2668 T
539 2643 562 2669 ο
580 2642 630 2669 Μ.
664 2631 716 2670 ΙΙ.
1433 2629 1471 2668 X
