2330 2983
599 249 875 289 LIBER
932 247 1432 288 SECUNDUS.
1644 265 1716 305 103

319 347 392 386 Me
421 346 549 400 ipsum
579 345 651 384 effe
671 346 852 390 dicerem,
884 345 1061 397 inquam,
1081 346 1151 384 nifi
1171 345 1272 384 mihi
1300 347 1446 385 viderer
1463 346 1601 385 habere
1621 348 1719 387 bene

319 413 515 465 cognitam
549 411 801 464 voluptatem,
829 420 868 448 et
902 411 986 448 satis
1028 411 1139 449 firme
1180 422 1409 464 conceptam
1442 413 1572 451 animo
1605 422 1719 467 atque

318 476 649 530 comprehensam.
707 477 829 516 Nunc
858 485 987 514 autem
1019 477 1122 522 dico,
1153 477 1282 529 ipsum
1312 478 1530 530 Epicurum
1562 480 1717 525 nescire,

319 553 359 581 et
387 543 430 581 in
461 556 509 581 eo
540 552 701 587 nutare3
731 554 916 594 eumque,
946 541 1015 594 qui
1041 542 1174 580 crebro
1207 542 1308 581 dicat
1328 544 1532 596 diligenter
1562 555 1717 597 oporte-

319 623 359 647 re
391 609 571 662 exprimi,
607 622 692 660 quae
711 608 766 646 vis
799 608 965 660 subjeeta
982 608 1027 646 fit
1047 608 1223 654 vocibus,
1252 622 1331 646 non
1361 610 1574 662 intelligere
1599 611 1718 649 inter-

319 673 431 718 dum,
452 673 549 726 quid
566 672 674 711 sonet
692 672 773 711 haec
794 687 868 711 vox
889 673 1113 725 voluptatis,
1142 673 1184 711 id
1208 673 1275 718 est,
1306 687 1392 726 quae
1417 687 1475 712 res
1509 673 1602 713 huic
1633 672 1719 714 voci

320 739 555 791 subjiciatur.

374 806 450 844 ΙΙΙ.
481 806 599 843 Tunc
618 803 685 841 ille
704 803 848 849 tidem,
868 804 964 842 Hoc.
978 818 1082 850 vero,
1113 805 1259 857 inquit,
1282 806 1494 858 optimum,
1521 815 1564 844 ut
1583 806 1631 850 is,
1652 807 1723 858 qui

320 869 442 909 finem
457 883 591 908 rerum
610 869 910 922 expetendarum
927 869 1170 923 voluptatem
1188 869 1259 909 effe
1277 872 1396 917 dicat,
1426 872 1467 909 id
1485 881 1721 917 extremum,

322 936 363 974 id
382 935 584 979 ultimum,
606 934 801 972 bonorum
816 952 828 979 ;
848 935 888 972 id
907 935 1035 987 ipsum
1055 937 1150 988 quid
1169 937 1227 981 fit,
1249 937 1361 989 quale
1382 937 1442 982 fit,
1457 938 1611 975 nesciat.
1643 940 1720 976 At-

321 1002 406 1054 qui,
426 1002 602 1054 inquam‚
633 1010 699 1038 aut
718 1000 912 1052 Epicurus
931 1001 1028 1053 quid
1047 1002 1092 1039 fit
1110 1002 1301 1054 voluptas,
1329 1012 1395 1040 aut
1411 1016 1545 1040 omnes
1574 1013 1720 1041 morta-

320 1067 390 1111 les,
420 1067 488 1119 qui
509 1067 654 1118 ubique
674 1065 776 1111 sunt,
803 1065 992 1104 nesciunt.
1034 1068 1231 1119 Qonmn,
1253 1068 1399 1120 inquit,
1428 1068 1574 1106 modo?
1618 1070 1724 1119 Qua

320 1133 560 1186 voluptatem
592 1131 692 1170 hanc
725 1131 796 1170 effe
829 1131 998 1170 sentiunt
1028 1146 1177 1178 omnes,
1219 1147 1337 1186 quam
1372 1134 1498 1183 sensus
1532 1135 1722 1187 accipiens

320 1209 513 1244 movetur,
543 1208 581 1237 et
594 1199 839 1252 jucunditate
857 1199 1024 1251 quadam
1043 1199 1301 1252 perfunditur.
1334 1201 1441 1253 Qid
1458 1202 1470 1238 ?
1502 1215 1593 1253 ergo
1611 1201 1725 1239 istam

320 1265 574 1319 voluptatem,
605 1266 748 1317 inquit,
784 1266 977 1317 Epicurus
1009 1266 1190 1318 ignorat?
1223 1267 1317 1305 Non
1351 1267 1510 1320 semper,
1546 1268 1722 1319 inquam.

321 1332 430 1371 Nam
447 1331 643 1370 interdum
662 1331 780 1369 nimis
799 1332 918 1370 etiam
935 1332 1057 1377 novit,
1079 1332 1224 1384 quippe
1244 1333 1314 1384 qui
1333 1333 1567 1377 testificetur,
1590 1347 1637 1371 ne
1658 1334 1720 1370 in-

322 1397 496 1450 telligere
515 1397 676 1448 quidem
696 1397 733 1434 se
753 1396 854 1449 pofi'e
874 1397 942 1434 ubi
961 1396 1019 1442 fit,
1037 1407 1101 1434 aut
1121 1398 1216 1449 quid
1231 1398 1275 1435 fit
1295 1399 1421 1436 ullum
1439 1399 1602 1443 bonum,
1623 1412 1722 1451 prae·

323 1471 381 1500 ter
411 1462 522 1507 illud,
558 1462 664 1514 quod
696 1462 799 1506 cibo,
832 1472 896 1499 aut
929 1463 1098 1514 potione,
1135 1473 1173 1500 et
1207 1463 1358 1500 aurium
1390 1463 1653 1508 delefflfioxoe,
1685 1475 1723 1502 et

323 1527 501 1566 obscoena
520 1527 715 1579 voluptate
734 1528 918 1579 capiatur.
950 1529 1015 1565 An
1036 1526 1118 1565 haec
1139 1528 1186 1565 ab
1205 1541 1251 1565 eo
1270 1542 1348 1566 non
1369 1529 1552 1566 dicuntur
1570 1530 1582 1566 ?
1606 1531 1722 1581 Qafi

323 1606 412 1631 vero
431 1605 494 1630 me
513 1593 670 1644 pudeat,
689 1592 832 1644 inquit,
854 1591 1028 1637 istorum,
1045 1602 1109 1630 aut
1125 1606 1204 1630 non
1220 1593 1373 1646 poffim,
1389 1594 1723 1646 quemadmodum

321 1672 366 1697 ea
382 1658 573 1703 dicantur,
593 1657 798 1698 ostendere.
847 1659 933 1710 Ego
952 1672 1043 1696 vero
1062 1672 1141 1696 non
1160 1659 1313 1704 dubito,
1345 1661 1520 1712 inquam,
1548 1661 1642 1713 quin
1662 1660 1722 1698 fa-

321 1724 395 1763 cile
412 1724 524 1778 poffis
540 1739 549 1763 ε
569 1738 639 1763 nec
659 1723 723 1769 est,
738 1724 844 1777 quod
863 1733 900 1762 te
918 1725 1059 1777 pudeat
1078 1725 1239 1777 sapienti
1258 1726 1444 1771 assentiri,
1468 1727 1535 1779 qui
1555 1727 1590 1764 se
1607 1740 1723 1772 unus,

321 1791 427 1843 quod
447 1790 578 1836 sciam,
614 1790 825 1843 sapientem
855 1790 1024 1842 profiteri
1055 1790 1101 1828 fit
1133 1791 1255 1829 ausus.
1316 1792 1422 1830 Nam
1449 1792 1726 1831 Metrodorum

318 1869 396 1894 non
416 1864 511 1908 puto
531 1855 661 1908 ipsum
679 1854 891 1908 profeffum
905 1874 919 1901 3
949 1856 1026 1901 sed,
1060 1869 1153 1894 cum
1186 1857 1439 1909 appellaretur
1467 1858 1513 1895 ab
1534 1858 1721 1910 Epicuro,

323 1922 518 1974 repudiare
549 1930 700 1959 tantum
722 1921 955 1960 beneficium
987 1922 1159 1960 noluisse.
1220 1924 1373 1975 Septem
1394 1924 1616 1968 amemini,
1643 1937 1725 1961 non.

322 1987 402 2032 suo,
424 1987 486 2025 sed
506 1988 740 2040 populorum
761 1986 939 2040 suffragio
958 1988 1155 2033 omnium,
1175 1989 1365 2026 nominati
1385 1989 1486 2027 sunt.

375 2052 526 2090 Verum
559 2047 635 2091 hoc
666 2052 751 2090 loco
771 2053 895 2098 sumo,
916 2054 1040 2091 verbis
1066 2052 1128 2091 his
1158 2054 1318 2092 eandem
1339 2063 1440 2092 certe
1471 2055 1551 2092 vim
1580 2055 1720 2107 volup-

323 2118 411 2156 tatis
432 2119 651 2171 Epicurum
673 2117 787 2163 nosse,
811 2131 928 2170 quam
958 2129 1127 2158 caeteros.
1188 2121 1337 2157 Omnes
1369 2121 1474 2157 enim
1499 2121 1722 2171 jucundum

323 2193 491 2229 motum,
523 2198 602 2236 quo
635 2183 759 2221 sensus
794 2183 1020 2229 hilarentur,
1063 2185 1197 2222 Graece
1230 2179 1341 2230 ἡδονὴν,
1371 2186 1508 2222 Latine
1542 2185 1720 2237 volupta-

323 2259 419 2294 tem,
438 2258 590 2287 vocant.
637 2249 745 2300 Qid
775 2249 828 2287 est
858 2250 990 2302 igitur,
1023 2242 1166 2302 inquit,
1194 2250 1299 2302 quod
1332 2251 1529 2303 requiras?
1562 2252 1719 2294 Dicam,

323 2314 498 2366 inquam,
513 2324 553 2352 et
571 2314 729 2366 quidem
750 2315 919 2353 discendi
938 2315 1045 2353 causa
1065 2315 1201 2367 magis,
1222 2329 1339 2367 quam
1367 2329 1446 2367 quo
1467 2326 1516 2359 te,
1537 2326 1601 2353 aut
1622 2316 1719 2368 Epi-

324 2393 477 2425 curum,
498 2380 768 2433 reprehensum
788 2382 919 2420 velim.
952 2383 1039 2434 Ego
1057 2396 1228 2434 quoque,
1262 2383 1403 2434 inquit,
1437 2382 1638 2419 didicerim
1669 2382 1719 2420 li-

325 2446 492 2490 bentius,
514 2448 540 2483 fi
560 2447 654 2499 quid
674 2448 861 2492 attuleris,
881 2462 998 2500 quam
1021 2457 1056 2485 te
1077 2447 1399 2500 reprehenderim.
1450 2447 1623 2486 Tenesne
1643 2448 1719 2500 igi-

325 2521 402 2556 tur,
435 2512 609 2564 inquam,
644 2513 907 2564 Hieronymus
942 2513 1120 2551 Rhodius
1153 2513 1256 2565 quod
1287 2513 1387 2550 dicat
1415 2512 1486 2550 effe
1520 2513 1720 2551 summum

326 2578 489 2624 bonum,
537 2591 616 2631 quo
648 2588 759 2631 putet
792 2580 923 2618 omnia
972 2579 1101 2618 referri
1139 2589 1311 2631 oportere
1331 2579 1344 2617 ?
1396 2580 1542 2625 Teneo,
1577 2580 1718 2632 inquit,
