2330 2983
671 255 946 295 LIBER
1004 254 1502 294 SECUNDUS.
1712 268 1787 308 279

392 353 529 393 deinde
545 367 636 393 eum
655 355 724 407 qui
741 354 859 393 secuti
878 355 977 394 sunt.
1003 355 1144 394 Nostra
1163 364 1292 394 autem
1313 355 1501 394 memoria
1521 352 1648 400 Philo,
1669 369 1788 408 quem

394 434 462 459 nos
482 419 700 472 frequenter
718 420 949 464 audivimus,
983 421 1146 458 instituit
1172 422 1247 459 alio
1267 430 1439 474 tempore
1465 420 1663 460 rhetorum
1691 436 1788 475 prae-

391 494 502 538 cepta
522 485 679 529 tradere,
700 485 776 522 alio
797 483 1131 537 philosophorum.

445 550 510 595 Ad
530 563 647 602 quarn
669 563 737 587 nos
757 549 1072 587 consuetudinem
1092 563 1112 586 a
1131 548 1385 588 familiaribus
1407 550 1540 588 nostris
1561 551 1726 594 adducti,
1748 552 1790 589 in

391 615 628 660 Tuscu-lano,
649 615 754 667 quod
770 615 903 653 datum
923 615 976 652 est
996 616 1181 667 temporis
1200 615 1327 660 nobis,
1344 616 1384 653 in
1404 629 1449 653 eo
1468 616 1785 667 consumpsimus.

391 682 542 734 Itaque,
570 695 663 720 cum
688 691 775 720 ante
809 681 1010 720 meridiem
1045 682 1203 720 dictioni
1235 695 1389 734 operam
1424 682 1663 727 dedissemus,
1695 682 1790 721 ficut

390 747 514 799 pridie
547 745 772 792 feceramus,
803 746 886 799 post
919 747 1122 785 meridiem
1149 748 1189 785 in
1209 747 1462 785 Academiam
1493 747 1756 785 descendimus
1773 765 1785 791 ς

390 811 431 848 in
451 825 527 863 qua
546 812 843 865 disputationem
877 810 1048 850 habitam
1077 826 1153 850 non
1174 813 1276 864 quasi
1309 823 1497 850 narrantes
1527 813 1756 864 exponimus
1772 831 1786 857 ς

390 877 453 915 sed
472 878 612 916 eisdem
632 877 711 916 fere
730 878 871 923 verbis,
902 887 945 915 ut
965 880 1093 916 ae‘tum
1113 878 1426 931 disputatumque
1445 878 1509 916 est.
1570 878 1637 915 Est
1670 878 1789 930 igitur

390 944 679 982 ambulantibus
709 944 755 981 ad
774 943 880 982 hunc
901 944 1064 982 modum
1095 943 1218 982 sermo
1238 944 1302 982 ille
1322 944 1432 982 nobis
1461 943 1672 988 institutus,
1704 953 1741 981 et
1767 957 1789 981 a

388 1009 457 1047 tali
477 1010 645 1061 quodam
665 1009 844 1047 indud‘tus
864 1009 1036 1048 exordio.

443 1077 673 1114 AumToR.
709 1076 801 1114 Dici
822 1089 900 1113 non
929 1075 1064 1128 potest,
1095 1089 1213 1127 quam
1233 1076 1303 1113 fim
1332 1074 1504 1113 hesterna
1533 1075 1787 1128 disputatione

388 1149 454 1179 tua
472 1140 693 1186 delcetatus‚
724 1141 784 1178 vel
805 1141 933 1193 potius
953 1140 1118 1192 adjutus,
1150 1140 1231 1178 Etfi
1251 1141 1357 1178 enim
1378 1139 1477 1179 mihi
1497 1141 1582 1178 sum
1597 1140 1785 1185 conscius,

388 1219 588 1258 nunquam
610 1220 672 1244 me
692 1206 810 1245 nimis
831 1206 1019 1259 cupidum
1038 1204 1148 1244 fuiffe
1168 1206 1269 1251 vitae‚
1290 1215 1419 1244 tamen
1449 1206 1704 1258 objiciebatur
1723 1206 1787 1243 in-

387 1271 541 1309 terdum
563 1271 693 1309 animo
712 1281 836 1309 metus
858 1271 1016 1322 quidam
1037 1280 1074 1308 et
1095 1270 1216 1315 dolor,
1239 1271 1438 1323 cogitanti,
1471 1269 1553 1308 fore
1581 1271 1788 1322 aliquando

387 1336 507 1374 finem
537 1336 653 1388 hujus
686 1336 797 1381 lucis,
833 1346 870 1374 et
901 1336 1138 1374 amiffionem
1159 1337 1338 1374 omnium
1364 1337 1450 1374 vitae
1471 1336 1783 1374 commodorum.

387 1401 480 1439 Hoc
510 1414 647 1454 genere
673 1401 852 1440 molestiae
887 1401 950 1446 fic,
985 1399 1086 1438 mihi
1116 1400 1241 1446 crede,
1271 1400 1355 1439 sum
1384 1401 1578 1445 liberatus,
1612 1396 1655 1439 ut
1684 1399 1786 1438 nihil

387 1467 519 1505 minus
538 1467 751 1505 curandum
771 1476 920 1519 putem.

442 1533 513 1571 IV.
547 1533 762 1571 MARCUS.
799 1532 970 1569 Minime
991 1532 1136 1569 mirum
1167 1531 1207 1568 id
1228 1531 1400 1583 quidem.
1443 1531 1550 1570 Nam
1570 1531 1689 1569 efficit
1707 1529 1783 1569 hoc

386 1597 642 1652 philosophia,
665 1597 839 1636 medetur
858 1598 1010 1642 animis,
1047 1597 1175 1635 inanes
1204 1596 1479 1636 sollicitudines
1501 1597 1679 1642 detrahit,
1712 1610 1783 1635 cu·-

385 1663 610 1717 piditatibus
631 1663 778 1708 liberat,
810 1663 921 1715 pellit
952 1663 1122 1701 timores.
1184 1662 1254 1700 Sed
1274 1661 1356 1701 haec
1383 1664 1462 1715 ejus
1493 1663 1549 1701 vis
1581 1676 1658 1700 non
1679 1662 1785 1700 idem

382 1728 506 1783 potest
526 1729 626 1782 apud
646 1742 780 1767 omnes
797 1747 809 1774 ς
841 1738 927 1766 tum
954 1729 1053 1766 valet
1073 1728 1258 1772 multum,
1291 1741 1383 1765 cum
1403 1728 1455 1766 est
1475 1728 1650 1766 idoneam
1669 1740 1782 1766 com-

381 1795 495 1849 plexa
514 1804 702 1833 naturam.
735 1796 868 1833 Fortes
888 1795 993 1832 enirn
1015 1807 1091 1832 non
1109 1793 1226 1831 modo
1246 1792 1401 1831 fortuna
1419 1793 1585 1844 adjuvat,
1607 1803 1651 1831 ut
1668 1793 1720 1830 est
1740 1793 1781 1830 in

382 1871 509 1899 vetere
529 1860 744 1913 proverbio,
776 1859 838 1897 sed
868 1860 994 1898 multo
1028 1859 1149 1911 magis
1178 1859 1287 1903 ratio,
1321 1872 1405 1911 quae
1429 1858 1657 1910 quibusdam
1678 1858 1786 1910 quast

383 1926 583 1979 praeceptis
604 1925 806 1964 confirmat
836 1925 916 1962 vim
937 1923 1146 1962 fortitudis.
1179 1925 1240 1962 Te
1270 1933 1402 1962 natura
1432 1923 1624 1962 excelsum
1655 1937 1781 1976 quen·

383 1991 472 2030 dam
504 1991 695 2035 videlicet,
724 2000 762 2028 et
788 1990 925 2035 altum,
957 1999 994 2027 et
1023 1989 1193 2027 humana
1218 1988 1491 2042 despicientem
1512 1989 1673 2042 genuit:
1707 1989 1782 2026 ita-

383 2071 458 2110 que
478 2056 589 2095 facile
620 2057 658 2094 in
685 2057 815 2094 animo
841 2054 932 2094 forti
963 2065 1095 2094 contra
1126 2065 1291 2094 mortem
1321 2054 1452 2093 habita
1479 2055 1615 2093 insedit
1644 2054 1778 2093 oratio.

381 2123 455 2161 Sed
475 2122 557 2161 haec
580 2122 711 2161 eadem
731 2135 828 2160 num
847 2121 972 2159 censes
1004 2121 1104 2174 apud
1123 2134 1185 2158 eos
1207 2121 1304 2173 ipsos
1325 2121 1458 2166 valere,
1481 2121 1548 2158 nis1
1570 2120 1781 2159 admodum

383 2201 538 2241 paucos,
571 2202 592 2226 a
621 2188 762 2240 quibus
794 2188 959 2232 inventa,
993 2187 1193 2239 disputata,
1223 2186 1435 2239 conscripta
1461 2186 1579 2224 sunt?
1625 2186 1779 2236 Qotus

384 2254 489 2292 enim
511 2253 672 2306 quisque
699 2251 1017 2305 philosophorum
1039 2253 1242 2297 invenitur,
1278 2253 1346 2305 qui
1366 2253 1410 2290 slt
1429 2253 1481 2290 ita
1508 2261 1691 2296 moratus,
1727 2252 1781 2288 ita

382 2320 513 2358 animo
543 2333 585 2357 ac
621 2320 697 2357 vita
730 2319 972 2364 constitutus,
1006 2329 1047 2357 ut
1079 2319 1173 2357 ratio
1204 2318 1397 2372 postulat?
1440 2319 1507 2371 qui
1537 2317 1779 2369 disciplinam

383 2385 488 2423 suam
511 2398 586 2422 non
621 2384 911 2423 ostentationem
946 2385 1123 2429 scientiae‚
1156 2384 1216 2422 sed
1248 2385 1374 2437 legem
1403 2384 1504 2428 vitae,
1538 2383 1677 2435 putet?
1708 2381 1778 2434 qui

382 2451 623 2503 obtemperet
644 2449 719 2502 ipse
739 2450 822 2495 fibi,
855 2460 892 2488 et
923 2450 1082 2488 decretis
1113 2450 1186 2487 suis
1219 2449 1373 2502 pareat?
1405 2448 1543 2485 Videre
1574 2447 1665 2484 licet
1683 2447 1776 2485 alios

382 2525 486 2554 tanta
516 2515 667 2553 levitate
697 2524 734 2552 et
762 2515 980 2567 jaeiatione,
1021 2515 1066 2552 iis
1098 2524 1141 2552 ut
1172 2514 1288 2552 fuerit
1314 2526 1390 2550 non
1422 2511 1590 2550 didiciffe
1611 2511 1778 2556 melius;

383 2581 475 2620 alios
491 2581 661 2635 pecuniae
677 2581 851 2635 cupidos,
868 2581 997 2635 gloriae
1013 2580 1234 2626 munuum,
1249 2579 1393 2618 multos
1410 2577 1618 2617 libidinum
1631 2577 1772 2616 servos:
