2330 2983
792 258 1086 298 VARIAE
1172 255 1730 297 LECTIONES.

522 373 583 440 {fi
605 361 639 438 215
662 400 750 428 vitam
766 399 794 427 D
810 401 874 427 vim

604 441 641 468 26
662 447 690 467 et
704 439 762 467 vita
867 436 1016 465 laudabilis
1032 437 1057 471 ψ
1076 446 1100 470 1,
1117 445 1131 464 2
1146 437 1171 466 d.

603 489 639 517 27
662 488 742 518 ergo,
770 477 904 515 quoniam
924 476 1076 505 laudabilis
1104 476 1132 504 D
1155 477 1181 504 A.
1209 476 1231 504 E

702 519 790 556 Igitur
801 520 919 555 quoniam
932 515 1075 545 laudabilis

601 573 642 581 —-
663 557 802 586 bonorum
819 557 846 585 D
861 557 974 584 honorem

605 599 642 627 28
664 597 844 626 concluditur
857 597 882 630 ψ
899 605 913 624 2
929 593 1074 624 concludunt

605 649 641 677 29
662 638 789 666 Deorum
815 644 901 673 atque
925 635 1073 663 hominum
1099 634 1180 663 fidem
1209 647 1232 671 χ

701 679 773 705 dtum
788 682 863 712 atque
875 675 996 702 hominem

603 726 636 754 3¹
663 715 842 744 consumendi
859 714 881 741 Ε
898 715 910 748 ξ
926 715 952 740 d.

601 772 642 778 —
660 756 697 784 ab
711 755 789 783 omni
804 753 826 781 E
842 755 855 788 ξ
870 765 900 782 ac
911 753 998 781 bonum

602 806 638 834 33
661 795 720 833 ejus
735 809 742 822 ι
761 795 787 821 d.

600 851 642 858 —
661 841 832 872 temperatus
846 833 871 865 ψ
889 842 897 860 1
916 839 1056 870 temperans

605 885 639 915 35
663 875 771 912 semper
784 874 807 901 E
823 874 836 906 ξ
850 872 913 900 ralis

525 926 580 955 37,-
625 925 641 943 2
663 914 745 943 sentit
761 912 789 940 D
804 914 910 950 refrt-ret

623 954 642 983 6
663 962 711 983 aut
818 952 875 980 vita
890 949 1071 989 praedieabile
1093 949 1121 977 D
1135 951 1162 978 d.

603 1010 644 1018 —
665 1003 716 1022 nec
730 993 760 1021 in
869 990 1049 1030 gloriandum
1064 1002 1086 1026 χ
1099 990 1126 1018 d.

602 1049 642 1057 —-
664 1043 715 1062 nec
734 1033 759 1067 ψ
778 1041 790 1059 2
806 1031 832 1058 d.

623 1085 639 1108 7
662 1082 690 1102 et
704 1071 884 1112 gloriandum
899 1070 924 1105 ψ
944 1079 952 1098 1
972 1071 1011 1098 ad
1017 1068 1179 1108 gloriandum

625 1116 642 1142 8
665 1122 696 1142 ut
710 1113 737 1141 D
753 1119 780 1140 ut
795 1112 835 1139 ait

606 1163 643 1182 10
665 1161 695 1181 ut
710 1153 732 1181 E
747 1153 761 1185 ξ
774 1159 798 1179 et

607 1203 616 1221 1
627 1203 636 1221 1
662 1193 742 1230 supra
756 1191 781 1224 xl«
799 1199 808 1217 1
829 1191 852 1217 d.

602 1248 640 1255 —
662 1230 771 1260 Maeoti’
785 1229 812 1257 D
825 1229 854 1258 U
870 1227 896 1263 ψ
913 1237 927 1256 2
945 1227 1077 1255 Maeoaeida
1092 1227 1114 1255 E
1130 1226 1234 1257 Mentis

703 1284 726 1309 χ
737 1268 874 1297 Meontidu
888 1268 913 1300 ψ
931 1276 941 1294 1
963 1267 1082 1294 Meandas

606 1322 641 1340 12
664 1307 909 1343 πιει.ξ,σ,χ,ψ
927 1315 953 1339 1,
971 1307 1025 1334 zd.

601 1368 642 1375 —-
663 1350 833 1388 aequiperare
848 1347 876 1375 D
891 1349 1054 1384 aequiparare

604 1401 638 1428 ¹3
661 1391 731 1422 esth
747 1387 898 1424 ἔνθ’-25141
917 1395 926 1413 ¹
949 1386 976 1413 d·

600 1447 641 1453 —
662 1440 719 1468 prae
736 1429 761 1457 se
777 1426 892 1456 ferenda
908 1425 936 1453 D
950 1438 966 1452 r
978 1426 1142 1464 pra-ferenda

605 1479 642 1506 14
665 1479 722 1507 prae
737 1468 763 1497 se
776 1466 922 1496 ferendum
937 1476 954 1494 o
963 1467 1152 1503 praferendum

608 1510 643 1539 16
665 1509 747 1537 beata
760 1522 781 1545 χ
794 1510 820 1537 d.

605 1565 644 1572 ··-
664 1549 700 1577 est
715 1563 723 1576 ι
737 1549 763 1576 d.

607 1599 643 1628 ¹9
665 1589 768 1626 Qid?
796 1596 862 1616 cum
884 1587 907 1615 E
921 1584 995 1624 Qid
1010 1587 1074 1612 mim
1097 1584 1122 1618 ψ
1139 1593 1154 1611 2
1178 1583 1235 1619 Qui

704 1639 759 1657 cum

603 1684 643 1691 —
665 1668 787 1696 fatentur
803 1667 831 1696 U
846 1669 1014 1704 xsauanlur

606 1717 643 1736 20
665 1708 693 1735 in
708 1708 813 1735 virtute
831 1707 854 1734 E
869 1706 897 1735 U
922 1706 948 1739 ξ,
963 1718 983 1740 χ
1000 1705 1127 1731 virtutum
1141 1715 1157 1730 a·
1172 1704 1234 1730 vir-

704 1754 783 1775 tutem

607 1797 638 1817 21
666 1787 751 1815 vitam
769 1785 794 1821 ψ
814 1795 822 1814 1
842 1787 871 1814 d.

604 1843 642 1851 --
665 1827 740 1854 enim
755 1827 781 1860 ψ
798 1836 811 1854 2
827 1827 854 1854 d.

607 1877 642 1897 22
667 1866 740 1894 libra
755 1867 776 1894 E
792 1865 872 1894 libera

603 1923 645 1930 -—
665 1905 784 1934 Critolai
800 1905 828 1934 D
844 1904 986 1942 Aristotelis

607 1957 643 1984 23
667 1947 796 1983 imponat
813 1946 860 1979 Εξ
875 1949 1009 1981 anteponat

605 2001 646 2009 -
666 1986 780 2014 alteram
793 1984 917 2022 corpori:
933 1984 955 2012 E
970 1983 1056 2011 altera
1069 1989 1154 2020 corpus

608 2036 645 2062 ²4
666 2025 744 2053 illam
762 2024 790 2053 D
805 2024 853 2052 illa

605 2081 646 2088 —
667 2065 774 2092 lancem
789 2077 807 2092 σ
820 2064 916 2092 laudem

608 2106 645 2134 zb
667 2103 745 2142 Quid
761 2104 784 2136 ψ
798 2113 811 2131 2
826 2105 891 2141 Qu]

605 2160 645 2167 —
665 2151 734 2181 ergo
748 2151 796 2171 aut
814 2144 838 2171 D
853 2145 934 2181 igitur
947 2148 1028 2170 aurem

605 2200 644 2206 —
664 2182 750 2211 etiun
764 2183 779 2216 ξ
794 2183 818 2210 d.

610 2226 645 2253 28
667 2229 694 2251 et
713 2228 914 2250 extenuantem
941 2235 959 2254 a,
974 2220 1000 2254 ξ,
1014 2233 1041 2254 o,
1055 2219 1080 2253 ᾧ
1098 2229 1112 2248 2
1133 2229 1232 2249 txtenu-

710 2270 793 2290 ΔΙΙΙΠ

609 2312 647 2340 30
667 2303 698 2330 fit
714 2302 736 2329 F.
753 2301 780 2329 U
797 2315 816 2337 χ
824 2302 860 2337 fir

608 2358 648 2365 —
667 2340 851 2378 consequetur
865 2339 893 2369 U
907 2353 928 2376 χ
942 2338 1096 2377 ‹unfiqmrur

611 2399 643 2406 -
668 2381 696 2410 in
712 2394 732 2416 χ
747 2382 776 2410 d·

611 2434 646 2461 3²
668 2420 826 2458 expectatio
840 2419 862 2447 E
876 2417 1133 2457 expcaasiesolicita·

611 2473 646 2501 33
669 2462 799 2489 vincatur
813 2461 837 2493 ψ
855 2469 869 2487 2
882 2462 1024 2488 vincantur

609 2511 650 2544 34
670 2509 751 2541 putet
765 2499 792 2539 ψ
809 2510 824 2530 2
836 2506 925 2538 pumu

1285 366 1305 394 p
1380 354 1389 383 l

1290 405 1345 434 375
1371 403 1410 432 34
1429 395 1568 433 pertinere
1581 395 1740 434 Epertineri

1376 444 1412 473 35
1436 435 1461 462 se
1473 436 1498 469 ψ
1515 445 1530 463 2
1546 437 1575 463 d.

1291 474 1347 513 376
1394 482 1403 501 1
1427 475 1559 503 vincetur
1578 475 1604 503 D
1618 477 1741 504 vincitur

1364 527 1407 536 ·-
1425 523 1477 542 nec
1492 515 1515 542 E
1531 525 1577 542 non

1388 562 1404 582 2
1428 563 1478 582 nos
1492 554 1517 587 ᾧ
1533 563 1548 582 2
1563 565 1606 582 nos
1619 560 1703 582 autem

1388 602 1403 630 3
1427 592 1488 622 sunt
1504 593 1532 622 D
1546 594 1572 626 ψ
1589 595 1668 632 zfinr
1681 593 1759 631 zfibi

1386 641 1406 668 4
1427 633 1517 671 Atqui
1539 648 1546 660 ι
1560 640 1591 661 at

1366 686 1407 693 -
1428 673 1518 709 Atqui
1624 672 1706 701 beate
1720 685 1737 700 r
1749 674 1778 700 d.

1389 720 1404 748 ς
1428 711 1464 738 est
1479 713 1553 739 enim
1569 713 1713 745 Denimlae
1730 714 1791 749 2(st

1365 764 1406 772 —
1425 757 1500 778 certe
1517 751 1539 778 E
1554 751 1570 784 ξ
1583 752 1611 779 d.

1386 789 1404 816 6
1428 796 1457 817 ut
1475 802 1492 816 σ-
1507 792 1536 818 in

1387 829 1403 856 8
1424 828 1599 867 profluenter
1611 831 1635 858 E
1650 830 1664 864 ξ
1675 831 1824 868 perflantur

1385 877 1404 904 9
1427 869 1499 897 Satis
1513 883 1595 891 -—
1609 869 1645 897 ad
1661 870 1741 898 beate
1756 870 1784 899 D
1799 871 1825 898 d.

1371 916 1407 935 ιο
1429 907 1470 936 Ut
1484 922 1502 935 o
1516 911 1543 936 in
1557 909 1582 943 ψ
1602 919 1616 937 2
1631 911 1658 938 d.

1366 962 1410 970 —
1429 948 1477 976 etsi
1493 948 1516 976 E
1532 949 1587 986 gfi

1372 997 1408 1025 ¹4
1428 987 1592 1016 Similemne
1609 989 1637 1017 D
1652 989 1674 1017 E
1691 989 1720 1017 U
1735 1001 1758 1026 χ
1771 988 1886 1017 Similem

1371 1037 1403 1065 ις
1427 1027 1784 1067 ῦΒ]ὲα’ῐῙι,ψ1,2]ῐι

1378 1067 1413 1095 16
1435 1077 1489 1094 non
1506 1067 1534 1096 U
1551 1078 1609 1095 num
1634 1069 1706 1106 (fiap.
1721 1069 1790 1102 lin.)

1367 1123 1410 1131 -—
1431 1107 1506 1135 bono
1521 1106 1547 1140 ψ
1565 1117 1574 1136 ι
1594 1119 1640 1135 uno

1374 1158 1406 1185 ¹7
1429 1155 1504 1174 vano
1518 1147 1547 1174 D
1564 1148 1585 1175 E
1602 1147 1631 1175 U
1651 1147 1707 1180 ι,ξ,
1723 1160 1740 1176 σ
1754 1147 1815 1175 bono

1368 1203 1409 1209 —
1429 1186 1496 1220 fert)
1522 1199 1541 1219 a,
1556 1200 1583 1220 σ,
1597 1187 1622 1220 ψ
1641 1189 1721 1225 :fert
1733 1189 1750 1215 ἶ
1770 1185 1909 1225 suff'ragiil
1926 1194 1999 1223 pre-

1466 1232 1562 1253 lentur

1373 1268 1406 1295 18
1429 1264 1579 1293 Consulem
1595 1265 1623 1293 D
1638 1265 1756 1300 confidem
1769 1266 1811 1302 ff

1368 1321 1409 1327 —
1431 1305 1476 1332 An
1492 1317 1499 1330 ι
1514 1313 1562 1331 aar

1372 1354 1407 1383 ¹9
1429 1343 1550 1371 Cinnam
1568 1343 1594 1372 D
1611 1343 1697 1371 Cinna

1370 1393 1407 1413 20
1428 1383 1482 1412 hoc
1500 1383 1575 1412 idem
1590 1384 1794 1422 interrogarem
1821 1383 1844 1411 E
1864 1383 2000 1417 eber-edm

1467 1427 1624 1462 interrogare

1373 1473 1404 1492 21
1429 1463 1500 1490 alius
1517 1464 1537 1490 E
1554 1463 1659 1497 ξαΙὶαᾹ

1369 1518 1406 1524 -
1429 1502 1718 1539 seDEJtfide.

1372 1551 1408 1570 22
1432 1542 1584 1571 multorum
1599 1550 1627 1570 et
1643 1541 1670 1570 D
1687 1543 1714 1569 d.

1369 1596 1410 1603 —-
1431 1581 1554 1610 virorum
1570 1582 1599 1610 D
1614 1585 1734 1610 virorum
1748 1580 1882 1611 multorum

1373 1631 1409 1657 24
1429 1631 1457 1650 at
1474 1636 1498 1659 χ
1510 1631 1533 1650 η

1369 1676 1410 1682 -
1430 1661 1545 1699 praecidi
1561 1661 1583 1688 E
1600 1661 1736 1699 Zpraecidi
1745 1661 1802 1699 ſsbi

1372 1710 1406 1738 25
1430 1701 1461 1728 P.
1489 1701 1516 1729 D
1534 1703 1586 1738 post

1369 1755 1410 1761 —
1430 1741 1659 1769 nobiliffimorum
1675 1741 1698 1769 E
1713 1742 1727 1775 ξ
1740 1739 1930 1777 clariffi'nncrnn

1373 1779 1410 1807 26
1431 1779 1523 1809 fuerat
1541 1781 1661 1819 Dsuerie

1368 1833 1408 1841 —-
1428 1820 1595 1858 militiaeque
1616 1819 1733 1858 cognita
1760 1818 1789 1847 D
1809 1818 1913 1847 mlitiae
1929 1830 2001 1848 cxco-

1466 1869 1557 1898 gnata

1374 1908 1408 1935 ²7
1432 1899 1567 1927 audierim
1585 1899 1613 1928 U
1629 1913 1659 1935 χ,
1675 1899 1700 1933 ψ
1720 1907 1728 1927 ι
1748 1899 1882 1927 audiera-

1373 1941 1408 1967 28
1431 1939 1503 1968 mihi
1516 1939 1540 1967 E
1555 1939 1624 1967 nibil

1370 1993 1411 2000 —-
1431 1979 1570 2016 specimen
1586 1979 1608 2007 E
1622 1980 1694 2016 spen

1369 2034 1410 2040 —
1430 2019 1573 2047 suavitatis
1592 2020 1739 2055 osanitatir

1374 2068 1409 2096 ²9
1430 2058 1478 2095 qui
1494 2059 1518 2091 ψ
1538 2067 1546 2085 1
1566 2062 1628 2095 quia

1370 2113 1410 2119 —
1431 2097 1574 2125 interfecit
1596 2110 1619 2133 χ
1635 2097 1753 2135 interficit

1373 2146 1410 2175 30
1431 2136 1544 2164 videtur
1557 2148 1577 2172 χ
1590 2139 1682 2165 videre

1373 2186 1410 2214 34
1431 2178 1542 2205 tandem
1564 2177 1587 2204 E
1602 2189 1624 2213 χ
1637 2185 1721 2204 tamn

1375 2226 1409 2253 35
1432 2216 1536 2250 Caulo
1551 2217 1578 2245 D
1593 2215 1698 2244 cuall-

1294 2266 1348 2294 377
1397 2265 1405 2283 1
1432 2255 1507 2284 hunc
1533 2256 1576 2285 illi
1604 2256 1633 2284 D
1658 2257 1679 2284 E
1700 2256 1728 2285 U
1756 2257 1782 2290 ξ,
1796 2268 1827 2291 χ,
1842 2256 1865 2289 ψ
1899 2264 1907 2282 ι
1943 2255 1999 2282 burt

1450 2295 1522 2324 illu-

1372 2351 1411 2358 —
1431 2335 1497 2363 dico
1514 2336 1540 2364 D
1556 2337 1616 2364 duce

1394 2386 1409 2404 2
1432 2375 1518 2404 iratus
1532 2388 1552 2411 χ
1566 2384 1641 2403 natm

1373 2432 1412 2439 -
1433 2415 1529 2444 Catuli
1552 2415 1577 2443 D
1597 2415 1697 2444 Car-lli

1395 2465 1409 2494 3
1433 2455 1502 2494 [τρο
1524 2454 1552 2484 D
1562 2455 1661 2493 stupor
