2330 2983
622 234 899 275 LIBER
956 233 1381 273 TERTIUS.
1630 248 1702 285 14⁰

1683 266 1702 288 δ

360 340 495 391 Itaque
513 349 736 390 quanquam
757 336 796 374 in
817 349 863 374 eo
882 335 1068 380 sermone,
1099 335 1168 387 qui
1188 348 1281 373 cum
1301 335 1504 386 Torquato
1523 334 1575 372 est
1594 333 1709 374 habi-

306 414 382 451 tus,
414 417 490 443 non
521 402 660 441 remiffi
691 401 854 446 fuimus,
889 410 1016 439 tamen
1036 399 1118 438 haec
1139 401 1260 438 acrior
1286 400 1339 438 est
1368 413 1460 438 cum
1482 400 1619 438 Stoicis
1641 414 1708 454 pa-

306 479 384 508 rata
403 468 613 507 contentio.
646 468 745 519 Qae
765 466 871 504 enim
891 466 937 504 de
954 465 1151 517 voluptate
1172 465 1369 509 dicuntur,
1391 479 1434 502 ea
1453 479 1522 503 nec
1543 465 1711 504 acutiffi-

305 549 383 580 me,
402 548 470 573 nec
491 532 723 577 abscondite,
737 531 980 570 disseruntur.
1004 531 1145 583 Neque
1158 530 1279 575 enim,
1297 531 1365 583 qui
1381 530 1595 568 defendunt
1610 545 1711 577 eam,

306 601 444 639 versuti
464 600 505 638 in
526 598 736 637 disserendo
757 597 870 643 sunt3
902 611 987 642 nec,
1010 597 1079 650 qui
1099 606 1232 635 contra
1252 596 1404 640 dicunt,
1435 596 1583 634 causam
1606 597 1710 635 diffi-

305 668 423 706 cilem
443 665 649 720 repellunt.
709 664 794 718 Ipse
812 664 929 702 etiam
949 664 1044 702 dicit
1065 664 1272 716 Epicurus,
1294 677 1341 701 ne
1361 663 1711 715 argumentandum

306 733 466 787 quidem
486 732 558 770 effe
577 732 624 770 de
644 731 855 785 voluptate,
876 731 980 784 quod
1002 730 1046 768 fit
1065 730 1234 783 pofitum
1254 730 1335 782 ejus
1349 729 1547 781 judicium
1568 729 1607 766 in
1625 729 1711 767 sen-

307 799 422 844 fibus,
445 807 489 837 ut
507 798 747 837 commoneri
768 810 836 835 nos
858 797 942 836 satis
964 796 1022 841 fit,
1040 795 1139 834 nihil
1160 796 1316 834 attineat
1337 795 1478 833 doceri.
1512 795 1641 846 Qare
1661 795 1712 833 il-

307 865 344 904 la
364 865 474 904 nobis
496 864 655 917 simplex
674 862 750 901 fuit
770 863 809 901 in
832 873 1034 915 utramque
1054 871 1203 915 partem
1229 861 1449 915 disputatio.
1500 861 1587 898 Nec
1607 861 1714 899 enim

308 932 349 969 in
370 931 561 983 Torquati
581 930 753 968 sermone
772 929 987 982 quidquam
1020 928 1266 981 implicatum
1285 936 1351 965 aut
1372 926 1587 965 tortuosum
1609 925 1684 964 fuit
1701 945 1715 970 ;

309 996 522 1048 nostraque,
554 1005 597 1033 ut
627 993 728 1033 mihi
761 995 925 1039 videtur,
958 993 1128 1032 dilucida
1152 993 1286 1031 oratio.
1334 993 1552 1030 Stoicorum
1583 1001 1715 1030 autem

309 1076 387 1101 non
407 1063 557 1115 ignoras
579 1074 697 1113 quarn
718 1060 762 1099 s1t
781 1059 935 1105 subtile,
965 1061 1025 1099 vel
1046 1059 1240 1112 spinosum
1259 1059 1403 1111 potiuS,
1425 1057 1623 1095 differendi
1644 1071 1714 1110 ge-

309 1141 409 1173 nus5
441 1127 559 1180 idque
589 1124 682 1164 cum
703 1127 864 1171 Graecis,
896 1135 980 1164 tum
1002 1125 1125 1177 magis
1146 1124 1272 1169 nobis,
1303 1124 1445 1176 quibus
1465 1123 1582 1160 etiam
1604 1124 1717 1161 verba

311 1193 492 1247 parienda
511 1193 612 1237 sunt,
640 1191 953 1244 imponendaque
982 1204 1080 1229 nova
1106 1190 1215 1228 novis
1242 1189 1355 1227 rebus
1376 1189 1549 1227 nomina.
1597 1189 1718 1240 Qod

308 1259 469 1312 quidem
503 1272 619 1297 nemo
649 1257 895 1296 mediocriter
925 1257 1059 1295 doc‘tus
1080 1255 1299 1300 mirabitur,
1330 1255 1503 1307 cogitans
1538 1255 1579 1292 in
1605 1253 1718 1292 omni

309 1335 401 1370 arte,
422 1326 533 1377 cujus
555 1324 640 1362 usus
661 1323 826 1376 vulgaris
854 1322 1153 1374 communisque
1171 1335 1250 1360 non
1281 1321 1339 1366 fit,
1372 1321 1542 1358 multam
1562 1321 1717 1358 novita-

310 1400 391 1430 tem
422 1390 630 1429 nominum
660 1388 744 1433 effe,
773 1402 865 1427 cum
900 1389 1179 1427 constituantur
1199 1400 1330 1424 earum
1357 1400 1485 1424 rerum
1516 1386 1716 1431 vocabula,

311 1470 397 1509 quae
417 1456 457 1494 in
477 1468 630 1508 quaque
649 1464 727 1492 arte
739 1454 945 1493 versentur.
977 1455 1111 1506 Itaque
1131 1462 1168 1490 et
1187 1452 1376 1490 dialcetici
1397 1461 1434 1489 et
1453 1451 1600 1504 physici
1629 1464 1716 1489 ver-

312 1522 372 1561 bis
394 1530 555 1560 utuntur
575 1521 636 1565 iis,
664 1533 750 1571 quae
770 1519 838 1572 ipsi
858 1519 1018 1558 Graeciae
1047 1528 1138 1557 nota
1157 1531 1235 1555 non
1251 1517 1352 1556 sunt.
1371 1517 1592 1554 Geometrae
1611 1529 1717 1560 vero,

312 1587 462 1631 musici,
493 1585 752 1638 grammatici,
784 1584 902 1622 etiam
931 1597 1038 1622 more
1069 1583 1239 1636 quodam
1269 1583 1483 1634 loquuntur
1503 1581 1582 1620 suo.
1615 1582 1717 1619 Item

311 1653 399 1706 ipsae
432 1649 632 1689 rhetorum
652 1659 764 1694 artes,
801 1663 887 1702 quae
917 1649 1005 1688 sunt
1035 1658 1124 1687 totae
1153 1647 1317 1687 forenses
1351 1657 1465 1700 atque
1496 1647 1716 1700 populares,

310 1717 434 1756 verbis
455 1726 583 1755 tamen
604 1716 645 1754 in
665 1715 839 1754 docendo
859 1715 962 1768 quafi
982 1715 1139 1768 privatis
1160 1723 1337 1759 utuntur,
1359 1727 1401 1751 ac
1420 1714 1507 1752 suis.

355 1784 409 1822 ΙΙ.
442 1784 589 1835 Atque,
610 1791 653 1820 ut
672 1783 854 1821 omittam
874 1781 941 1820 has
962 1791 1057 1819 artes
1078 1781 1269 1833 elegantes
1289 1789 1329 1817 et
1345 1781 1543 1832 ingenuas,
1561 1793 1608 1817 ne
1629 1778 1717 1832 opi-

311 1850 401 1888 fices
421 1849 581 1901 quidem
613 1849 711 1886 tueri
741 1848 805 1886 sua
829 1847 989 1886 artificia
1014 1847 1175 1901 possent,
1211 1846 1281 1884 nisi
1301 1846 1498 1884 vocabulis
1520 1854 1718 1883 uterentur

312 1916 423 1954 nobis
443 1915 669 1967 incognitis,
700 1915 843 1952 usitatis
870 1914 953 1952 fibi.
996 1914 1107 1966 Qin
1127 1913 1244 1951 etiam
1264 1912 1511 1964 agricultura,
1542 1925 1627 1963 quae
1646 1911 1717 1949 ab-

311 1981 440 2020 horret
457 1981 504 2018 ab
523 1981 632 2018 omni
652 1980 832 2033 politiore
851 1980 1052 2032 elegantia,
1085 1989 1216 2017 tamen
1234 1991 1293 2016 eas
1315 1990 1389 2022 reS,
1408 1978 1448 2015 in
1469 1978 1611 2030 quibus
1633 1990 1719 2014 ver-

312 2047 426 2092 satur,
457 2046 683 2085 nominibus
705 2046 853 2084 notavit
874 2046 998 2084 novis.
1044 2046 1136 2097 Qo
1155 2044 1278 2097 magis
1298 2042 1373 2082 hoc
1394 2041 1624 2096 philosopho
1657 2042 1716 2080 fa-

312 2112 495 2150 ciendum
525 2111 591 2149 est.
640 2113 715 2149 Ars
735 2111 788 2149 est
817 2111 923 2149 enim
942 2109 1188 2164 philosophia
1206 2110 1320 2153 vitae3
1359 2109 1405 2147 de
1435 2121 1510 2160 qua
1539 2107 1721 2145 differens·

311 2179 473 2231 arripere
491 2178 606 2216 verba
624 2177 671 2215 de
691 2176 776 2215 foro
795 2166 873 2215 non
895 2177 1031 2230 potest.
1091 2177 1327 2228 Qanquam
1353 2189 1399 2213 ex
1419 2175 1602 2212 omnibus
1623 2173 1716 2226 phi-

311 2243 481 2296 losophis
502 2243 620 2281 Stoici
638 2243 808 2296 plurima
826 2252 1077 2281 novaverunt.
1121 2243 1231 2280 Zeno
1251 2255 1422 2294 quoque,
1450 2254 1583 2278 eorum
1605 2240 1716 2292 prin-

311 2322 416 2362 ceps,
448 2322 526 2347 non
557 2318 637 2347 tam
669 2322 797 2347 rerum
818 2309 993 2347 inventor
1012 2307 1102 2354 fuit,
1135 2321 1251 2360 quam
1284 2320 1473 2346 novorum
1493 2306 1717 2343 verborum.

313 2375 432 2426 Qod
451 2375 478 2412 fi
497 2375 539 2412 in
558 2387 600 2412 ea
619 2374 764 2428 lingua,
790 2389 908 2427 quam
938 2375 1111 2428 plerique
1132 2374 1349 2412 uberiorem
1377 2381 1528 2425 putant,
1559 2370 1717 2408 conces-

315 2441 399 2479 sum
419 2454 440 2478 a
460 2440 610 2479 Graecia
628 2441 694 2486 est,
725 2450 768 2480 ut
787 2441 994 2480 doctiffimi
1013 2440 1208 2486 homines,
1235 2440 1281 2478 de
1301 2440 1413 2477 rebus
1434 2451 1512 2476 non
1532 2450 1715 2490 pervaga-

315 2508 378 2552 tis,
396 2506 583 2545 inufitatis
604 2507 727 2545 verbis
747 2516 943 2546 uterentur
955 2526 967 2552 3
999 2516 1144 2560 quanto
1163 2507 1203 2544 id
1223 2506 1334 2544 nobis
1355 2504 1478 2557 magis
1499 2503 1720 2541 conceden-

314 2574 426 2620 dum,
446 2574 516 2627 qui
533 2586 576 2613 ea
601 2587 704 2613 nunc
723 2573 897 2628 primum
918 2573 1103 2613 audemus
1124 2571 1336 2626 attingere?
1367 2571 1462 2617 Etfi,
1496 2569 1602 2624 quod
1622 2569 1721 2623 saepe
