2330 2983
677 259 953 298 LIBER
1010 257 1430 298 TERTIUS.
1674 273 1745 313 321

353 360 603 415 nee-opinato
619 359 722 398 casus
742 360 922 398 evenerit.
955 360 1088 412 Itaque
1107 359 1290 399 dicuntur
1309 358 1489 398 nonnulli
1508 359 1549 397 in
1569 372 1747 406 moerore,

352 441 446 466 cum
465 427 513 464 de
530 425 604 464 hac
623 426 826 464 communi
856 424 1066 463 hominum
1084 425 1306 464 conditione
1332 424 1571 470 audivissent,
1603 426 1647 464 ea
1666 426 1749 479 lege

352 492 424 531 effe
454 504 523 530 nos
554 499 676 535 natos,
709 499 753 528 ut
783 503 899 529 nemo
928 489 970 528 in
988 498 1220 542 perpetuum
1240 489 1311 528 effe
1336 489 1455 542 poss'et
1477 504 1610 543 expers
1641 492 1747 536 mali,

351 558 502 610 gravius
521 556 638 595 etiam
659 554 798 594 tulisse.

371 626 374 629 '
406 623 538 662 XXV.
571 622 765 674 roirca
786 621 1011 666 Carneades,
1043 629 1086 658 ut
1106 620 1218 659 video
1239 620 1410 660 nostrum
1428 621 1587 660 scribere
1608 622 1750 660 Antio-

351 687 487 734 chum,
508 687 781 741 reprehendere
801 686 1062 740 Chryslppum
1082 686 1238 733 solebat,
1260 688 1481 727 laudantem
1499 688 1751 741 Euripideum

350 767 507 794 carmen
522 755 622 793 illud
634 773 648 800 3

489 820 666 860 Mortalis
683 834 778 860 nemo
798 819 856 872 est,
887 833 986 873 quem
1004 833 1072 859 non
1090 820 1257 873 attingat
1275 819 1385 866 dolor,

490 886 721 939 Morbzgsque.
781 886 903 924 Multi
903 887 1001 939 stent
1018 886 1192 926 humandi
1204 886 1322 931 liberi,

490 953 648 1004 Rurfitm
664 950 835 990 creandi:
865 954 1023 1005 morsque
1042 952 1086 1005 est
1089 953 1208 1004 finita
1227 952 1396 997 omnibus,

487 1017 584 1069 Quae
597 1017 725 1069 generi
740 1017 891 1055 humano
909 1030 1076 1069 angorem
1095 1017 1327 1070 nequidquam
1346 1018 1521 1070 qffbrunt.

430 1118 433 1119 γ
488 1081 681 1120 Reddenda
698 1081 744 1134 cst
762 1091 875 1121 terrae
892 1090 997 1119 terra
1011 1097 1026 1120 .-
1056 1091 1132 1120 tum
1152 1082 1234 1120 vita
1253 1082 1410 1120 omnibus

489 1147 680 1193 Metenda‚
701 1156 744 1186 ut
746 1147 898 1200 finges.
929 1147 990 1187 Sic
995 1147 1104 1200 jubet
1121 1148 1310 1200 necqffitas.

353 1213 532 1268 Negabat
568 1227 689 1268 genus
720 1213 796 1254 hoc
829 1214 1012 1254 orationis
1042 1215 1257 1268 quidquam
1288 1214 1450 1252 omnino
1481 1212 1526 1251 ad
1557 1213 1756 1252 levandam

353 1281 624 1333 aegritudinem
654 1281 857 1333 pertinere.
900 1281 946 1320 Id
965 1281 1072 1319 enim
1105 1281 1232 1334 ipsum
1251 1280 1463 1318 dolendum
1492 1278 1563 1317 effe
1589 1280 1756 1325 dicebat,

355 1346 464 1398 quod
492 1347 535 1384 in
563 1355 645 1384 tam
669 1346 868 1385 crudelem
897 1346 1155 1385 neceffitatem
1175 1345 1449 1384 incidiffemus.
1508 1345 1615 1383 Nam
1646 1345 1759 1384 illam

355 1411 518 1464 quidem
538 1411 751 1451 orationem
781 1424 829 1449 ex
855 1411 1222 1450 commemoratione
1255 1411 1468 1450 alienorum
1488 1411 1682 1449 malorum
1711 1410 1758 1449 ad

357 1477 566 1516 malevolos
600 1475 849 1516 consolandos
882 1476 954 1516 effe
985 1477 1333 1516 accommodatam.
1378 1474 1488 1514 Mihi
1526 1489 1616 1514 vero
1645 1476 1759 1528 longe

357 1542 510 1581 videtur
529 1542 647 1580 secus.
706 1541 814 1580 Nam
843 1549 882 1580 et
914 1541 1105 1581 neceffitas
1125 1541 1289 1580 ferendae
1314 1540 1549 1580 conditionis
1580 1539 1759 1579 humanae

357 1607 463 1660 quasi
494 1620 589 1646 cum
614 1607 700 1645 Deo
729 1620 900 1660 pugnare
929 1606 1100 1653 cohibet,
1130 1608 1390 1660 admonetque
1421 1607 1492 1646 esse
1526 1605 1730 1646 hominem
1745 1625 1757 1651 ς

357 1686 445 1725 quae
464 1672 648 1725 cogitatio
666 1686 897 1726 magnopere
916 1673 1067 1712 luctum
1086 1673 1185 1712 levat
1202 1689 1212 1712 :
1243 1683 1282 1712 et
1302 1673 1539 1712 enumeratio
1558 1673 1758 1726 exemplo-

356 1751 463 1784 rum,
491 1752 571 1778 non
590 1747 634 1777 ut
649 1739 823 1778 animum
843 1739 1123 1778 malevolorum
1143 1739 1323 1784 oblectet,
1345 1737 1513 1783 affertur,
1535 1739 1597 1777 sed
1616 1748 1660 1777 ut
1677 1739 1757 1783 ille,

357 1805 428 1858 qui
448 1814 601 1851 moeret,
630 1805 831 1844 ferendum
854 1805 925 1844 fibi
957 1805 998 1843 id
1017 1805 1177 1850 censeat,
1208 1805 1313 1858 quod
1342 1805 1467 1842 videat
1495 1805 1639 1842 multos
1671 1818 1759 1843 mo-

360 1869 488 1907 derate
508 1878 546 1907 et
566 1870 772 1921 tranquille
792 1869 928 1907 tulisse.
962 1870 1160 1909 Omnibus
1180 1871 1287 1908 enim
1306 1870 1432 1908 modis
1450 1868 1638 1907 fulciendi
1659 1869 1758 1913 sunt,

361 1935 432 1986 qui
452 1944 583 1979 ruunt,
619 1947 689 1972 nec
710 1933 896 1972 cohaerere
928 1935 1080 1988 poffunt
1099 1945 1254 1988 propter
1273 1935 1584 1988 magnitudinem
1605 1935 1760 1987 aegritu-

361 2000 477 2038 dinis.
520 2000 583 2038 Ex
603 2013 682 2051 quo
710 2000 830 2052 ipsam
851 2001 1119 2053 aegritudinem
1137 1998 1237 2040 λύπην
1257 2000 1508 2054 Chryfippus,
1529 2000 1633 2053 quafi
1662 1997 1759 2045 λύων,

360 2065 402 2104 id
431 2065 486 2103 est
517 2064 749 2104 solutionem
779 2066 897 2104 totius
931 2065 1118 2113 hominis,
1147 2067 1378 2120 appellatam
1398 2076 1521 2120 putat.
1554 2067 1652 2119 Qae
1682 2074 1762 2104 tota

361 2131 504 2184 poterit
522 2131 647 2176 evelli,
668 2131 870 2185 explicata,
892 2143 936 2171 ut
954 2134 1149 2186 principio
1168 2133 1264 2178 dixi,
1285 2133 1394 2171 causa
1413 2133 1664 2186 aegritudinis.
1696 2132 1762 2170 Est

361 2197 470 2235 enim
489 2196 597 2235 nulla
615 2196 701 2241 alia,
734 2197 803 2235 nisi
822 2197 955 2250 opinio
984 2207 1022 2236 et
1046 2198 1244 2250 judicium
1272 2199 1404 2251 magni
1432 2197 1620 2251 praesentis
1648 2205 1762 2249 atque

365 2263 533 2314 urgentis
555 2263 662 2301 mali.
704 2263 839 2316 Itaque
857 2273 894 2302 et
913 2264 1024 2303 dolor
1049 2265 1233 2318 corporis,
1267 2266 1378 2318 cujus
1407 2265 1460 2303 est
1491 2263 1636 2303 morsus
1656 2275 1761 2301 acer-

367 2327 502 2372 rimus,
531 2326 740 2380 perferetur
757 2328 821 2382 spe
854 2330 1045 2382 proposita
1071 2331 1187 2369 boni:
1229 2339 1269 2368 et
1301 2332 1380 2368 aeta
1416 2339 1501 2368 aetas
1533 2327 1687 2366 honeste
1720 2340 1762 2366 ac

368 2391 566 2444 splendide
585 2401 731 2431 tantam
750 2392 859 2433 affert
889 2395 1203 2440 consolationem,
1237 2404 1280 2433 ut
1300 2408 1377 2440 eos,
1413 2394 1481 2446 qui
1511 2394 1564 2431 ita
1582 2391 1760 2437 vixerint,

368 2466 434 2495 aut
454 2471 530 2496 non
552 2467 681 2511 tangat
700 2460 899 2513 aegritudo‚
921 2471 986 2500 aut
1002 2462 1204 2515 perleviter
1223 2471 1369 2514 pungat
1389 2459 1509 2497 animi
1529 2458 1651 2497 dolor.

422 2524 575 2562 XXVI.
608 2525 679 2563 Sed
709 2526 755 2564 ad
781 2525 880 2566 hanc
909 2528 1135 2581 opinionem
1164 2528 1295 2579 magni
1326 2526 1417 2563 mali
1452 2538 1543 2563 cum
1563 2524 1629 2562 illa
1647 2523 1763 2561 etiam

368 2589 502 2642 opinio
536 2590 698 2637 acceffit,
730 2603 917 2646 oportere,
960 2596 1106 2633 testum
1137 2593 1222 2638 effe,
1267 2592 1313 2630 ad
1346 2591 1522 2630 officium
1560 2590 1762 2643 pertinere,

478 2660 517 2698 T
535 2673 558 2700 o
577 2673 628 2700 M.
660 2662 714 2702 11.
1397 2662 1417 2699 S
1446 2661 1467 2698 s
