2330 2983
636 231 912 272 LIBER
970 230 1398 284 QUARTUS.
1644 244 1714 283 193

379 333 530 373 XXVI.
563 334 662 385 Qis
682 333 794 378 istud,
817 333 954 385 quaeso,
977 332 1164 371 nesciebat
1183 333 1194 369 ?
1218 330 1363 370 Verum
1384 330 1596 369 audiamus.
1629 331 1714 375 Ista,

322 399 465 452 inquit,
500 413 585 452 quae
618 399 760 443 dixisti,
793 399 927 443 valere,
961 398 1197 450 locupletem
1228 397 1313 442 effe,
1348 411 1425 435 non
1447 397 1586 441 dolere,
1618 398 1718 435 bona

323 477 400 502 non
421 464 507 502 dico
525 479 533 502 :
567 463 627 501 sed
650 464 776 501 dicam
797 464 932 500 Graece
951 457 1156 508 πῢηγμῧζόοι,
1190 463 1327 500 Latine
1348 471 1476 499 autem
1507 463 1688 514 producta
1706 476 1714 499 :

321 528 384 567 sed
418 529 625 582 praepofita,
654 538 719 567 aut
752 530 940 581 praecipua
971 527 1098 572 malo,
1129 528 1179 565 fic
1209 525 1440 565 tolerabilius
1474 537 1511 565 et
1545 526 1715 566 mollius.

323 594 395 632 Illa
424 605 566 639 autem,
608 594 825 647 egestatem,
857 593 1055 638 morbum,
1087 593 1273 637 dolorem,
1315 606 1393 630 non
1423 593 1574 645 appello
1605 593 1717 637 mala,

321 660 397 706 sed,
419 662 444 699 s1
465 662 574 707 libet,
607 663 824 713 rejectanea.
884 662 1018 712 Itaque
1048 660 1115 698 illa
1134 673 1212 698 non
1246 660 1333 698 dico
1354 673 1417 697 me
1436 669 1624 712 expetere,
1658 659 1719 697 sed

322 726 470 779 legere;
504 741 573 766 nec
607 737 751 780 optare,
783 726 846 764 sed
877 726 1050 764 sumere:
1085 727 1273 764 contraria
1303 735 1430 763 autem
1463 739 1540 763 non
1571 725 1716 778 fugere,

323 792 385 830 sed
419 794 521 845 quasi
553 793 754 831 secernere.
814 792 922 844 Qid
951 793 1004 829 ait
1034 792 1270 837 Aristoteles,
1302 792 1517 844 reliquique
1548 792 1717 830 Platonis

323 858 501 897 alumni?
533 861 578 897 Se
611 859 755 903 omnia,
787 873 871 911 quae
892 858 1100 896 secundum
1133 867 1307 896 naturam
1338 858 1423 902 fint,
1455 858 1554 896 bona
1586 858 1718 910 appel—

323 923 424 968 lare;
457 938 541 976 quae
561 934 688 962 autem
709 933 855 968 contra,
888 923 1000 961 mala.
1046 923 1210 960 Videsne
1229 923 1361 975 igitur,
1385 924 1584 961 Zenonem
1607 933 1720 961 tuum

323 1002 414 1027 cum
434 990 610 1027 Aristone
640 990 764 1027 verbis
786 989 995 1033 consistere,
1027 1002 1066 1026 re
1097 988 1294 1031 diffidere;
1325 1002 1416 1026 cum
1448 989 1651 1026 Aristotele
1682 1000 1720 1026 et

323 1055 400 1093 illis
420 1069 459 1093 re
478 1055 704 1100 consentire,
722 1055 845 1093 verbis
868 1054 1103 1106 discrepare?
1135 1055 1218 1092 Cur
1236 1054 1368 1106 igitur,
1387 1067 1480 1092 cum
1501 1054 1547 1091 de
1566 1068 1604 1092 re
1623 1069 1718 1093 con-

322 1121 461 1164 veniat,
493 1134 571 1158 non
593 1120 774 1158 malimus
802 1118 933 1158 ufitate
958 1118 1097 1171 loqui?
1128 1120 1211 1156 Aut
1230 1118 1376 1164 doceat,
1406 1120 1631 1171 paratiorem
1658 1134 1724 1158 me

323 1185 370 1223 ad
400 1185 723 1223 contemnendam
754 1185 958 1237 pecuniam
978 1183 1074 1229 fore,
1099 1184 1125 1222 s1
1146 1183 1255 1221 illam
1285 1184 1326 1221 in
1356 1185 1467 1222 rebus
1498 1186 1720 1238 praepofitis,

324 1264 442 1303 quam
464 1251 488 1288 s1
520 1251 560 1288 in
592 1250 718 1295 bonis,
744 1250 888 1288 duxero
903 1267 916 1294 ;
947 1249 1225 1301 fortioremque
1254 1250 1295 1287 in
1315 1250 1493 1302 patiendo
1520 1250 1664 1295 dolore,
1695 1252 1724 1290 fi

323 1331 413 1355 eum
434 1317 606 1370 asperum
627 1324 665 1354 et
684 1315 883 1354 difficilem
903 1315 1072 1369 perpessu
1092 1324 1129 1354 et
1148 1324 1280 1354 contra
1305 1325 1479 1354 naturam
1499 1315 1583 1361 effe,
1605 1330 1725 1369 quam

325 1383 350 1420 fi
372 1382 520 1420 malum
541 1382 686 1420 dixero.

380 1449 518 1486 Facete
549 1448 610 1486 M.
636 1447 735 1492 Piso,
764 1446 962 1486 familiaris
985 1446 1121 1492 noster,
1152 1456 1190 1485 et
1221 1447 1293 1485 alia
1312 1447 1448 1492 multa,
1482 1457 1519 1485 et
1539 1446 1722 1487 hocloco

326 1514 474 1552 Stoicos
504 1513 696 1551 irridebat.
748 1513 855 1564 Qid
886 1513 1005 1557 enim,
1040 1512 1177 1557 aiebat,
1209 1513 1358 1550 bonum
1378 1526 1491 1565 negas
1522 1513 1592 1551 effe
1621 1513 1725 1552 divi-

326 1580 410 1624 tias,
439 1578 682 1632 praepofitum
703 1577 773 1615 effe
793 1578 889 1615 dicis
908 1579 921 1615 ?
953 1578 1047 1630 quid
1067 1578 1219 1630 adjuvas
1238 1579 1251 1615 ?
1281 1579 1527 1616 avaritiamne
1547 1580 1722 1618 minuis?

325 1644 443 1696 Qod
461 1644 488 1682 fi
507 1643 668 1682 verbum
689 1644 898 1696 sequimur,
920 1641 1093 1697 primum
1113 1644 1266 1696 longius
1284 1644 1460 1690 verbum,
1475 1647 1719 1698 praepqfitum‚

323 1723 439 1762 quam
459 1709 596 1748 bonum.
629 1708 745 1748 Nihil
765 1709 810 1747 ad
830 1723 926 1747 rem.
958 1709 1023 1747 Ne
1042 1709 1086 1747 fit
1106 1709 1189 1747 sane
1206 1724 1215 1747 ε
1238 1719 1275 1747 at
1293 1719 1395 1748 certe
1413 1711 1563 1763 gravius
1582 1726 1590 1749 :
1613 1726 1720 1757 nam,

323 1775 472 1814 bonum
493 1788 540 1813 ex
560 1789 638 1827 quo
658 1775 893 1828 appellatum
913 1775 972 1819 fit,
1002 1774 1127 1812 nescio
1144 1793 1156 1819 3
1188 1775 1430 1827 praepofitum
1451 1789 1498 1813 ex
1518 1789 1563 1814 eo
1590 1777 1719 1822 credo,

322 1842 428 1894 quod
448 1850 687 1894 praeponatur
707 1841 789 1878 aliis
809 1856 818 1879 :
847 1840 887 1878 id
906 1839 1008 1879 mihi
1033 1854 1220 1894 magnum
1241 1841 1404 1879 videtur.
1455 1843 1588 1894 Itaque
1613 1843 1720 1881 dice-

323 1907 388 1946 bat
417 1907 504 1960 plus
536 1906 654 1945 tribui
688 1906 832 1945 divitiis
852 1920 872 1944 a
893 1907 1063 1952 Zenone,
1096 1907 1164 1959 qui
1184 1920 1242 1944 eas
1262 1907 1303 1945 in
1323 1908 1528 1960 praepofitis
1549 1920 1720 1961 poneret,

323 1986 441 2026 quam
461 1973 508 2011 ab
528 1972 746 2018 Aristotele,
782 1973 851 2025 qui
871 1973 1018 2011 bonum
1051 1971 1122 2011 effe
1156 1973 1306 2011 divitias
1327 1972 1530 2019 fateretur3
1563 1975 1624 2013 sed
1652 1989 1722 2014 nec

324 2053 511 2093 magnum
542 2039 705 2084 bonum,
741 2049 779 2078 et
798 2054 874 2093 prae
904 2040 1013 2078 rectis
1046 2038 1285 2092 honestisque
1316 2042 1646 2080 contemnendum
1680 2056 1722 2081 ac

323 2105 624 2158 despiciendum,
646 2119 714 2144 nec
735 2119 965 2159 magnopere
984 2106 1242 2159 expetendum
1263 2121 1271 2144 :
1304 2107 1544 2159 omninoque
1562 2109 1607 2145 de
1633 2122 1721 2147 om-

324 2171 438 2210 nibus
468 2171 547 2209 istis
567 2171 691 2209 verbis
712 2185 733 2209 a
753 2173 911 2210 Zenone
941 2173 1098 2210 mutatis
1119 2172 1171 2210 ita
1191 2172 1418 2225 disputabat,
1450 2183 1488 2211 et
1508 2187 1592 2225 quae
1625 2174 1724 2212 bona

325 2246 551 2290 negarentur
570 2237 642 2275 effe
663 2237 710 2275 ab
731 2251 790 2283 eo,
819 2248 857 2276 et
877 2252 961 2291 quae
981 2239 1094 2283 mala,
1118 2239 1182 2276 illa
1202 2239 1410 2277 laetioribus
1430 2240 1654 2278 nominibus
1675 2241 1724 2279 ab

325 2317 370 2341 eo
391 2303 570 2356 appellari
591 2317 707 2356 quam
727 2318 748 2342 a
767 2305 893 2350 nobis,
912 2304 993 2343 haec
1015 2305 1254 2344 tristioribus.

381 2369 553 2407 XXVII.
587 2369 672 2408 Piso
702 2371 821 2423 igitur
840 2370 915 2410 hoc
937 2372 1068 2417 modo,
1101 2373 1158 2409 vir
1178 2373 1362 2424 optimus,
1397 2371 1545 2424 tuique,
1568 2381 1610 2409 ut
1638 2371 1723 2417 scis,

327 2434 618 2474 amantiffimus.
669 2437 768 2482 Nos,
802 2439 930 2490 paucis
959 2437 1005 2476 ad
1025 2437 1105 2476 haec
1126 2438 1276 2483 additis,
1309 2437 1426 2476 finem
1447 2437 1632 2476 faciamus
1654 2439 1724 2476 ali-

331 2500 499 2555 qnando.
536 2501 719 2554 Longum
738 2503 791 2542 est
809 2504 914 2543 enim
934 2503 980 2543 ad
1000 2505 1130 2544 omnia
1159 2504 1393 2557 respondere,
1424 2517 1509 2557 quae
1529 2518 1549 2542 a
1569 2513 1605 2543 te
1625 2505 1725 2545 dieta

441 2567 480 2607 T
494 2580 517 2607 ο
534 2579 585 2607 M.
619 2568 671 2608 11.
1343 2571 1374 2608 B
1400 2570 1424 2607 b
