2330 2983
749 263 1351 305 LUCULLUS.
1699 281 1755 321 47

354 358 550 398 interdum
569 357 731 411 opinari,
753 371 831 395 non
850 371 1101 411 repugnarem
1118 376 1129 403 ς
1151 358 1361 410 praesertim
1381 370 1429 396 ne
1450 357 1643 397 Carneade
1662 361 1753 412 qui-

356 426 445 463 dem
464 423 559 462 huic
578 423 665 461 loco
685 422 793 460 valde
811 432 1048 475 repugnante
1065 438 1075 461 z
1106 436 1210 460 nunc
1226 423 1320 475 quid
1339 422 1461 461 facere
1480 423 1630 476 possum
1648 425 1662 461 ?

409 490 554 540 Qaero
571 489 691 532 enim,
723 487 818 540 quid
837 487 896 532 fit,
929 487 1034 539 quod
1064 487 1341 540 comprehendi
1362 488 1486 540 poffit.
1533 489 1753 542 Respondet

353 553 455 593 mihi
475 567 553 592 non
572 553 810 598 Aristoteles,
840 561 904 590 aut
924 551 1213 605 Theophrastus
1225 570 1239 598 ς
1261 566 1308 590 ne
1323 554 1555 592 Xenocrates
1575 556 1752 607 quidem,

353 629 419 658 aut
439 620 599 658 Polemo
615 637 628 664 3
659 618 722 657 sed
741 617 866 656 nihilo
886 618 1015 657 minor
1029 637 1042 663 3
1075 618 1182 671 quod
1201 618 1276 672 tale
1295 632 1443 663 verum,
1466 619 1578 671 quale
1597 619 1753 665 falsum,

352 685 424 723 effe
454 699 531 724 non
561 685 686 738 poffit.
736 683 853 723 Nihil
873 684 1062 736 ejusmodi
1081 684 1251 723 invenio.
1300 685 1436 737 Itaque
1455 685 1656 737 incognito
1689 686 1753 724 ni-

352 751 500 790 mirum
520 751 704 795 affentiar,
736 750 777 788 id
796 750 862 795 est,
892 750 1090 803 opinabor.
1139 750 1232 788 Hoc
1251 749 1352 789 mihi
1371 759 1409 788 et
1427 751 1684 803 Peripatetici,
1715 761 1754 790 et

352 826 460 855 vetus
495 817 705 855 Academia
736 817 915 854 concedit
929 835 942 861 ς
987 830 1054 854 vos
1085 816 1245 868 negatis,
1276 815 1496 855 Antiochus
1531 818 1571 854 in
1599 817 1753 870 primis,

353 883 423 935 qui
442 897 505 921 me
524 883 632 921 valde
662 892 792 920 movet
807 900 819 927 3
851 883 910 920 vel
931 883 1035 934 quod
1054 882 1179 920 amavi
1197 881 1417 927 hominem,
1449 883 1545 920 ficut
1565 883 1630 921 ille
1659 898 1722 921 me
1737 902 1753 928 ς

352 948 412 985 vel
433 949 537 1000 quod
558 949 609 985 ita
622 948 772 999 judico,
793 947 1064 1000 politiffimum
1083 956 1123 984 et
1141 947 1401 985 acutiffimum
1419 949 1599 986 omnium
1619 949 1754 987 nostrae

352 1013 549 1051 memoriae
571 1011 906 1065 philosophorum.
954 1014 993 1050 A
1012 1026 1091 1064 quo
1120 1012 1294 1064 primum
1313 1026 1457 1064 quaero,
1485 1026 1563 1065 quo
1596 1014 1754 1052 tandem

353 1079 470 1116 modo
490 1079 535 1116 fit
554 1079 635 1130 ejus
655 1077 889 1123 Academiae,
920 1078 1028 1130 cujus
1049 1077 1085 1115 se
1110 1077 1182 1115 effe
1208 1077 1431 1130 profiteatur
1449 1078 1462 1115 ?
1494 1079 1551 1116 Ut
1570 1079 1753 1118 omittam

351 1145 423 1182 alia
439 1163 450 1189 ;
482 1144 563 1182 haec
583 1145 674 1189 duo,
703 1145 749 1182 de
769 1144 912 1196 quibus
932 1145 1072 1197 agitur,
1101 1144 1187 1197 quis
1209 1157 1382 1195 unquam
1403 1144 1502 1182 dixit
1531 1154 1597 1182 aut
1616 1146 1755 1184 veteris

352 1210 584 1255 Academiae,
635 1220 701 1248 aut
734 1210 1092 1262 Peripateticorum,
1134 1209 1194 1248 vel
1228 1209 1268 1247 id
1299 1209 1424 1248 solum
1457 1211 1604 1263 percipi
1634 1210 1753 1263 poffe,

352 1276 458 1328 quod
478 1276 568 1314 effet
587 1290 721 1314 verum
742 1276 829 1321 tale,
861 1276 973 1329 quale
992 1275 1133 1314 falsum
1153 1275 1225 1313 effe
1246 1289 1323 1314 non
1343 1275 1463 1328 poffet
1478 1294 1491 1321 ;
1522 1276 1583 1313 vel
1602 1276 1751 1329 sapien-

351 1352 433 1380 tem
455 1341 555 1380 nihil
575 1341 749 1394 opinari?
772 1343 886 1379 Certe
902 1355 1030 1379 nemo.
1062 1343 1221 1379 Horum
1241 1351 1424 1379 neutrum
1445 1350 1531 1379 ante
1548 1342 1751 1381 Zenonem

353 1420 584 1460 magnopere
596 1406 795 1444 defensum
815 1406 881 1444 est.
909 1408 995 1459 Ego
1015 1416 1145 1444 tamen
1163 1416 1374 1459 utrumque
1394 1420 1527 1445 verum
1542 1417 1657 1460 puto:
1680 1421 1753 1446 nec

353 1473 441 1511 dico
462 1473 646 1526 temporis
667 1472 776 1509 causa
787 1490 800 1517 ς
832 1472 894 1509 sed
913 1473 966 1509 ita
983 1473 1096 1524 plane
1114 1472 1250 1524 probo.

406 1539 599 1578 XXXVI.
631 1538 735 1576 Illud
753 1537 851 1576 ferre
871 1552 949 1576 non
970 1538 1134 1591 poffum.
1166 1540 1247 1583 Tu,
1275 1551 1367 1576 cum
1388 1552 1451 1577 me
1471 1540 1673 1592 incognito
1691 1540 1751 1578 as·-

351 1605 481 1645 sentiri
499 1614 616 1649 vetes,
637 1604 754 1657 idque
774 1604 1036 1656 turpiffimum
1055 1604 1126 1642 effe
1146 1605 1262 1650 dicas,
1283 1614 1322 1642 et
1340 1604 1604 1658 pleniflimum
1624 1614 1750 1643 teme-

351 1671 487 1715 ritatis,
526 1670 679 1708 tanturn¹
698 1669 771 1707 tibi
792 1683 954 1723 arroges,
986 1679 1030 1708 ut
1064 1683 1231 1723 exponas
1264 1670 1507 1723 disciplinam
1543 1670 1752 1723 sapientiae,

349 1747 523 1775 naturam
557 1750 686 1774 rerum
711 1736 892 1775 omnium
911 1737 1076 1782 evolvas,
1108 1750 1234 1775 mores
1265 1736 1401 1789 fingas,
1433 1736 1528 1775 fines
1555 1737 1750 1776 bonorum

349 1804 621 1855 malorumque
650 1803 870 1848 constituas,
901 1803 1029 1841 officia
1047 1803 1248 1848 describas,
1281 1816 1398 1855 quam
1417 1803 1538 1841 vitam
1558 1803 1752 1856 ingrediar

348 1869 520 1913 definias,
549 1869 731 1920 idemque
747 1869 863 1906 etiam
884 1868 1100 1921 disputandi
1119 1878 1158 1907 et
1175 1869 1417 1922 intelligendi
1432 1869 1628 1920 judicium
1646 1869 1753 1907 dicas

348 1943 389 1972 te
406 1944 444 1972 et
463 1933 670 1972 artificium
691 1935 921 1972 traditurum
937 1952 949 1979 ς
981 1934 1169 1987 perficies,
1190 1944 1233 1972 ut
1253 1948 1339 1987 ego,
1366 1935 1432 1972 ista
1451 1935 1750 1972 innumerabilia

348 2001 622 2054 complec‘tens,
656 2000 844 2054 nusquam
864 2001 996 2039 labar?
1032 2000 1130 2039 nihil
1146 2002 1280 2054 opiner
1297 2002 1310 2039 ?
1342 2003 1441 2053 Qae
1463 2001 1617 2039 tandem
1637 2014 1679 2038 ea
1695 2000 1748 2039 est

349 2066 561 2119 disciplina,
594 2066 640 2104 ad
660 2079 779 2118 quarn
798 2080 862 2104 me
881 2067 1059 2112 deducas,
1091 2067 1119 2105 fi
1144 2068 1190 2104 ab
1210 2066 1282 2105 hac
1311 2066 1557 2105 abstraxeris?
1589 2067 1746 2111 Vereor,

349 2146 396 2171 ne
416 2133 703 2186 subarroganter
727 2131 859 2178 facias,
894 2134 921 2171 fi
941 2133 1080 2171 dixeris
1102 2142 1209 2171 tuam
1227 2148 1237 2171 ε
1268 2133 1376 2185 atqui
1409 2134 1464 2171 ita
1481 2133 1583 2170 dicas
1604 2131 1752 2170 necesse.

348 2199 416 2237 est.
445 2199 585 2250 Neque
600 2212 688 2237 vero
708 2208 750 2236 tu
766 2199 880 2243 solus,
902 2199 964 2237 sed
983 2213 1045 2236 me
1065 2199 1110 2237 ad
1130 2199 1236 2237 suam
1257 2199 1418 2251 quisque
1438 2199 1570 2251 rapiet.

401 2267 502 2317 Age,
533 2265 700 2303 restitero
730 2266 1005 2318 Peripateticis,
1033 2266 1100 2317 qui
1133 2265 1203 2303 fibi
1236 2279 1328 2303 cum
1359 2265 1570 2303 oratoribus
1601 2277 1746 2316 cogna-

347 2332 494 2368 tionem
512 2330 595 2376 effe,
627 2332 696 2384 qui
716 2331 835 2369 claros
866 2332 965 2369 viros
986 2345 1006 2369 a
1034 2332 1070 2369 se
1089 2331 1288 2370 instrustos
1315 2332 1444 2369 dicant
1463 2330 1748 2383 rempublicam.

348 2396 441 2448 saepe
460 2395 590 2434 rexiffe
607 2410 616 2434 ε
649 2396 857 2435 sustinuero
875 2398 1104 2450 Epicureos,
1124 2406 1181 2435 tot
1200 2411 1308 2435 meos
1327 2396 1546 2440 familiares,
1569 2405 1649 2433 tam
1671 2396 1743 2434 bo-

349 2474 432 2506 nos,
468 2469 549 2499 tam
583 2461 682 2500 inter
702 2462 737 2500 se
757 2472 926 2501 amantes
947 2463 1045 2501 viros
1066 2477 1075 2501 ε
1108 2462 1281 2501 Diodoto
1315 2463 1410 2514 quid
1439 2461 1578 2498 faciem
1600 2461 1746 2506 Stoico,

346 2539 465 2579 quem
483 2539 504 2564 a
523 2539 642 2579 puero
659 2527 787 2565 audivi
805 2527 819 2564 ?
850 2528 918 2580 qui
946 2541 1103 2567 mecum
1123 2528 1218 2566 vivit
1245 2536 1303 2566 tot
1321 2539 1438 2565 annos
1458 2526 1469 2562 ?
1502 2527 1570 2578 qui
1596 2525 1745 2565 habitat
