2330 2983
757 223 1031 261 LIBER
1089 220 1524 275 QUINTUS.
1760 225 1836 276 387

449 321 658 360 Ordiamur
687 323 734 360 ab
765 335 823 367 eo,
856 323 882 360 fi
913 323 1050 374 placet,
1082 335 1199 374 quem
1230 323 1406 368 mollem,
1439 335 1557 375 quem
1576 322 1835 375 voluptarium

446 387 626 425 dicimus.
659 387 794 438 Qid?
826 388 857 424 is
879 387 952 425 tibi
970 396 1186 424 mortemne
1206 388 1367 433 videtur,
1394 402 1440 426 an
1461 388 1647 432 dolorem,
1669 388 1833 426 timere?

445 452 514 503 qui
533 465 624 491 eum
643 451 760 496 diem,
783 465 862 503 quo
880 451 1058 495 moritur,
1081 452 1236 489 beatum
1256 452 1419 502 appellat
1436 471 1447 496 3
1480 452 1735 505 maximisque
1763 453 1833 491 do-

445 516 590 553 loribus
623 515 791 560 affectus,
824 529 886 553 eos
907 515 1004 567 ipsos
1026 516 1269 553 inventorum
1304 515 1459 553 suorum
1492 517 1680 554 memoria
1706 527 1744 555 et
1774 531 1834 555 re-

444 580 662 618 cordatione
681 579 854 618 confutat
872 594 880 617 :
913 593 982 617 nec
1002 579 1083 617 haec
1105 580 1153 617 s1c
1174 580 1266 632 agit,
1289 589 1331 617 ut
1354 593 1401 618 ex
1422 588 1593 633 tempore
1613 581 1714 632 quasi
1734 581 1833 620 effu-

443 646 515 684 tire
534 646 703 683 videatur
718 664 730 690 3
762 646 807 683 de
827 655 951 684 morte
971 646 1076 683 enim
1095 646 1162 683 ista
1182 646 1307 690 sentit,
1342 656 1397 691 ut,
1429 645 1608 684 diffoluto
1628 647 1832 691 animante,

443 710 594 749 sensum
612 711 827 749 extinctum
847 720 956 763 putet
970 729 982 755 3
1015 711 1119 762 quod
1138 719 1266 748 autem
1288 711 1393 749 sensu
1412 720 1547 756 careat,
1579 710 1679 749 nihil
1700 711 1745 749 ad
1765 726 1833 750 nos

442 776 483 813 id
496 777 646 828 judicet
665 776 863 828 pertinere.
910 777 1009 815 Item
1030 775 1076 813 de
1096 776 1226 814 dolore
1246 785 1346 814 certa
1366 775 1493 822 habet,
1525 790 1609 829 quae
1629 777 1804 829 sequatur
1820 796 1830 821 5

443 842 552 893 cujus
573 841 882 894 magnitudinem
912 842 1093 880 brevitate
1123 841 1351 886 consolatur,
1383 842 1706 894 longinquitatem
1732 842 1832 880 leni-

441 915 532 945 tate.
565 907 672 958 Qid
692 906 874 944 tandem?
905 906 963 945 isti
982 906 1225 959 grandiloqui
1245 915 1376 945 contra
1393 907 1474 945 haec
1494 907 1585 953 duo,
1606 921 1690 960 quae
1706 908 1831 946 maxi-

442 984 506 1009 me
535 980 697 1022 angunt,
734 971 872 1008 melius
904 970 939 1008 se
962 970 1105 1009 habent
1139 985 1255 1023 quam
1276 972 1496 1024 Epicurus?
1527 973 1591 1010 An
1621 972 1667 1010 ad
1687 981 1830 1016 caetera,

441 1049 527 1088 quae
553 1036 653 1074 mala
682 1045 879 1088 putantur,
911 1050 988 1074 non
1019 1046 1056 1074 et
1077 1037 1267 1089 Epicurus
1294 1045 1332 1074 et
1351 1037 1488 1088 reliqui
1508 1036 1727 1089 philosophi
1747 1037 1830 1075 satis

439 1103 559 1156 parati
578 1102 784 1140 videntur?
816 1102 915 1152 Qis
947 1115 1025 1140 non
1052 1111 1316 1154 paupertatem
1346 1102 1587 1141 extimescit?
1619 1116 1742 1154 neque
1772 1111 1830 1141 ta-

440 1181 531 1207 men
552 1168 756 1221 quisquam
777 1165 1111 1221 philosophorum.

492 1236 667 1274 XXXII.
705 1234 787 1272 Hic
814 1247 903 1272 vero
922 1234 1002 1286 ipse
1028 1247 1146 1286 quam
1165 1247 1279 1286 parvo
1298 1235 1350 1272 est
1370 1243 1572 1272 contentus
1592 1235 1605 1271 ?
1637 1248 1750 1272 nemo
1784 1235 1831 1272 de

439 1300 546 1338 tenui
579 1300 684 1337 victu
713 1298 822 1351 plura
841 1299 953 1337 dixit.
1000 1299 1160 1337 Etenim
1193 1313 1276 1351 quae
1307 1313 1363 1337 res
1390 1300 1560 1352 pecuniae
1579 1299 1830 1351 cupiditatem

438 1364 616 1410 afferunt,
637 1374 680 1403 ut
700 1365 834 1409 amori,
857 1374 900 1402 ut
919 1364 1136 1409 ambitioni,
1158 1374 1201 1403 ut
1221 1365 1453 1417 quotidianis
1473 1365 1690 1418 sumptibus
1710 1365 1830 1418 copiae

440 1432 639 1485 suppetant
650 1449 663 1476 ς
686 1445 778 1470 cum
798 1431 933 1483 procul
954 1431 1000 1469 ab
1019 1431 1066 1469 iis
1081 1431 1264 1469 omnibus
1285 1432 1398 1470 rebus
1414 1432 1520 1476 absit,
1542 1445 1611 1469 cur
1625 1432 1830 1484 pecuniam

438 1511 669 1550 magnopere
688 1497 881 1542 desideret,
902 1497 962 1535 vel
982 1497 1111 1549 potius
1131 1506 1238 1535 curet
1253 1497 1441 1535 omnino?
1462 1499 1528 1535 An
1548 1495 1704 1547 Scythes
1721 1498 1827 1534 Ana-

437 1563 574 1602 charfis
593 1563 721 1615 potuit
749 1576 820 1614 pro
838 1561 963 1601 nihilo
981 1562 1186 1614 pecuniam
1205 1562 1343 1600 ducere
1359 1581 1370 1606 ς
1402 1562 1581 1600 nostrates
1607 1561 1829 1614 philosophi

435 1628 559 1667 facere
577 1641 655 1667 non
674 1627 881 1680 poterunt?
904 1628 1012 1666 Illius
1032 1627 1187 1680 epistola
1205 1626 1325 1666 fertur
1337 1627 1397 1666 his
1413 1627 1551 1672 verbis,
1570 1629 1828 1669 ANACHAR—

439 1701 499 1728 s1s
522 1690 747 1727 HANNONI
781 1700 1019 1727 SALUTEM.
1061 1688 1166 1726 Mihi
1186 1689 1334 1727 amiefffui
1358 1688 1403 1740 est
1437 1688 1636 1740 Scythicum
1666 1696 1801 1740 tegmen
1814 1707 1826 1732 ;

436 1755 719 1799 calceamentum,
735 1754 893 1806 filorum
912 1754 1038 1792 callum
1053 1770 1065 1797 ;
1096 1752 1217 1798 cubile,
1234 1763 1337 1791 terra
1352 1771 1363 1797 ς
1388 1753 1669 1805 pulpamentum,
1675 1753 1798 1805 fames
1812 1769 1826 1792 .-

437 1821 539 1864 Ιαὲῖε,
561 1821 667 1872 casto,
702 1832 810 1857 carne
833 1820 966 1871 vescor.
1010 1819 1133 1870 Qare
1161 1827 1204 1856 ut
1235 1817 1286 1856 ad
1314 1818 1468 1871 quietum
1497 1832 1550 1857 me
1578 1819 1659 1857 licet
1688 1819 1825 1858 venias.

438 1886 601 1924 Munera
619 1893 736 1923 autem
755 1883 831 1937 ssa,
862 1883 986 1938 quibus
1005 1899 1039 1922 es
1057 1883 1259 1928 deleb't'atus,
1294 1885 1357 1922 vel
1381 1883 1518 1922 civibus
1537 1884 1622 1929 tuis,
1653 1885 1716 1923 vel
1740 1884 1828 1923 Diis

437 1949 691 1989 immortalibus
709 1949 811 1988 dona.
835 1951 984 1988 Omnes
999 1948 1078 1986 fere
1095 1947 1314 2002 philosophi
1329 1949 1509 1987 omnium
1524 1949 1824 2001 disciplinarum,

437 2015 507 2054 nifi
526 2027 622 2067 quos
643 2028 663 2051 a
682 2016 781 2052 recta
800 2015 944 2053 ratione
963 2023 1096 2053 natura
1110 2014 1243 2053 vitiosa
1262 2014 1478 2060 detorfiffet,
1498 2013 1574 2053 hoc
1589 2014 1722 2053 eodem
1742 2015 1824 2053 ani-

438 2093 503 2119 mo
522 2079 592 2117 effe
605 2088 825 2132 potuerunt.

493 2147 676 2189 Socrates,
708 2146 748 2182 in
768 2157 910 2197 pompa
939 2158 1030 2183 cum
1061 2158 1198 2197 magna
1218 2146 1272 2183 vis
1299 2146 1379 2183 auri
1399 2145 1620 2198 argentique
1650 2144 1822 2191 ferretur,

437 2211 553 2261 Qum
586 2210 699 2248 multa
730 2224 798 2248 non
831 2210 1007 2262 defidero!
1046 2211 1187 2263 inquit.
1235 2212 1479 2257 Xenocrates,
1515 2225 1607 2249 cum
1637 2211 1751 2264 legati
1777 2212 1824 2249 ab

439 2276 656 2314 Alexandro
687 2275 965 2328 quinquaginta
983 2277 1018 2314 ei
1048 2277 1187 2315 talenta
1206 2278 1426 2324 attulissent,
1458 2292 1542 2330 quae
1562 2286 1638 2315 erat
1664 2277 1824 2329 pecunia

437 2341 678 2393 temporibus
699 2340 790 2386 illis,
809 2341 973 2380 Athenis
994 2342 1215 2395 praesertim‚
1238 2344 1419 2389 maxima,
1437 2343 1596 2382 abduxit
1616 2342 1756 2394 legatos
1777 2341 1823 2380 ad

438 2420 588 2444 coenam
608 2406 648 2444 in
661 2407 910 2446 Academiam
923 2427 935 2453 ς
953 2409 999 2447 iis
1019 2409 1192 2462 apposuit
1210 2419 1375 2454 tantum,
1390 2409 1493 2461 quod
1510 2408 1593 2445 satis
1613 2406 1714 2452 effet,
1731 2407 1822 2446 nul-

439 2472 478 2510 lo
498 2481 688 2525 apparatu.
718 2474 820 2513 Cum
840 2473 1017 2528 postridie
1036 2487 1211 2528 rogarent
1231 2489 1333 2519 eum,
1355 2475 1418 2511 cui
1439 2473 1627 2512 numerari
1642 2472 1792 2525 juberet
1806 2492 1819 2519 5

1353 2541 1386 2578 C
1406 2552 1427 2578 c
1448 2552 1469 2578 c
1501 2552 1521 2577 2
