2330 2983
694 255 969 295 LIBER
1026 254 1458 306 QUINTUS.
1693 257 1767 309 365

382 364 534 400 terrent,
579 354 696 393 nullae
732 353 974 406 aegritudines
1009 354 1190 399 exedunt,
1234 353 1350 392 nullae
1379 353 1558 392 libidines
1590 354 1768 401 incitant,

382 421 497 459 nullae
518 419 648 458 futiles
668 419 808 457 laetitiae
827 419 1040 456 exultantes
1063 418 1253 471 languidis
1284 419 1540 471 liquefaciunt
1558 420 1767 473 voluptati-

382 487 468 524 bus.
500 486 558 522 Ut
583 485 698 522 maris
720 484 841 536 igitur
861 483 1114 535 tranquillitas
1135 484 1377 535 intelligitur,
1399 485 1518 530 nulla,
1540 499 1587 523 ne
1607 486 1771 524 minima.

381 550 555 603 quidem,
578 550 668 587 aura
687 549 824 587 fluctus
844 558 1138 594 commovente3
1170 549 1220 586 fic
1237 549 1357 586 animi
1377 550 1529 601 quietus
1547 561 1584 588 et
1603 553 1770 603 placatus

380 615 495 654 status
529 615 709 659 cernitur,
740 628 833 653 cum
863 615 1098 667 perturbatio
1128 614 1233 652 nulla
1264 614 1329 659 est,
1361 628 1436 666 qua
1466 617 1611 653 moveri
1641 629 1768 668 queat.

381 681 500 732 Qod
519 681 544 719 fi
565 680 630 725 est,
660 680 729 732 qui
749 680 830 717 vim
849 679 1026 724 fortunae,
1058 680 1127 732 qui
1155 680 1286 718 omnia
1315 679 1496 725 humana,
1528 694 1612 732 quae
1631 683 1771 734 cuique

380 747 549 785 accidere
579 746 750 799 possunt,
795 746 1006 784 tolerabilia
1042 747 1174 791 ducat,
1218 760 1264 784 ex
1294 760 1372 798 quo
1412 760 1482 784 nec
1516 747 1633 785 timor
1665 761 1769 794 eum,

381 827 453 852 nec
472 827 603 866 angor,
624 813 809 864 attingat3
842 812 1035 864 idemque,
1067 813 1094 850 fi
1114 811 1213 850 nihil
1233 813 1492 865 concupiscat,
1514 813 1619 851 nulla
1636 813 1771 853 effera-

381 887 444 917 tur
463 878 583 916 animi
616 878 719 915 inani
739 878 948 929 voluptate,
984 877 1078 930 quid
1094 877 1159 922 est,
1191 891 1259 915 cur
1279 877 1309 915 is
1330 891 1407 915 non
1427 879 1555 916 beatus
1576 878 1620 916 fit
1637 897 1647 922 3
1679 889 1717 917 et
1743 881 1770 918 si

381 942 464 981 haec
483 944 624 981 virtute
653 942 887 987 efficiuntur,
918 943 1012 994 quid
1031 943 1098 988 est,
1130 956 1199 980 cur
1217 943 1335 981 virtus
1355 943 1433 996 ipsa
1451 957 1518 995 per
1537 943 1571 980 se
1588 957 1665 982 non
1684 945 1769 983 effi-

380 1008 455 1045 ciat
476 1007 602 1045 beatos
621 1007 634 1043 ?

434 1072 528 1110 VH.
555 1073 789 1110 AUDIToR.
821 1071 945 1122 Atqui
965 1072 1127 1109 alterum
1147 1072 1223 1109 dici
1243 1085 1320 1109 non
1340 1071 1475 1123 potest,
1506 1073 1600 1124 quin
1631 1073 1671 1117 ii,
1703 1074 1770 1125 qui

380 1136 480 1176 nihil
501 1145 687 1181 metuant,
721 1135 821 1173 nihil
840 1145 1040 1188 angantur,
1071 1135 1171 1174 nihil
1201 1137 1485 1189 concupiscant,
1516 1137 1622 1175 nulla
1640 1139 1770 1192 impo-

381 1203 478 1242 tenti
497 1203 629 1241 laetitia
647 1201 864 1246 efferantur,
886 1202 985 1239 beati
1005 1202 1076 1240 fint
1088 1220 1100 1247 3
1132 1202 1260 1255 itaque
1280 1203 1319 1240 id
1340 1203 1412 1240 tibi
1433 1203 1616 1242 concedo.
1657 1205 1769 1243 Alte-

380 1283 468 1307 rum
487 1278 616 1306 autem
630 1268 712 1319 jam
731 1268 927 1319 integrum
946 1281 1024 1305 non
1044 1268 1097 1305 est
1109 1286 1121 1312 3
1143 1267 1396 1320 superioribus
1416 1269 1521 1306 enim
1542 1269 1769 1321 disputatio-

382 1335 496 1373 nibus
516 1333 696 1371 effectum
716 1332 781 1377 est,
813 1346 941 1370 vacare
959 1333 1068 1371 omni
1087 1333 1207 1371 animi
1238 1334 1522 1385 perturbatione
1548 1334 1767 1387 sapientem.

332 1414 336 1418 ’
382 1400 597 1439 MARCUS.
619 1398 823 1437 Nimirum
851 1398 970 1450 igitur
1002 1398 1173 1436 confecta
1203 1412 1259 1437 res
1293 1399 1358 1437 est.
1403 1400 1566 1438 Videtur
1591 1401 1695 1439 enim
1724 1401 1770 1439 ad

382 1466 533 1504 exitum
567 1464 702 1503 veniffe
729 1463 898 1516 quaestio.
957 1465 1184 1502 AumToR.
1217 1466 1502 1517 Propemodum
1527 1466 1567 1503 id
1595 1467 1768 1518 quidem.

383 1532 597 1570 MARCUS.
626 1530 887 1567 Veruntamen
915 1528 1277 1567 mathematicorum
1310 1530 1377 1567 iste
1406 1544 1490 1568 mos
1519 1530 1585 1575 est,
1614 1545 1690 1569 non
1718 1533 1771 1570 est

381 1595 714 1650 philosophorum.
750 1594 856 1632 Nam
876 1603 1092 1646 geometrae,
1124 1608 1217 1632 cum
1237 1595 1382 1647 aliquid
1402 1596 1535 1634 docere
1564 1597 1712 1643 volunt,
1743 1599 1770 1637 fi

382 1662 477 1715 quid
497 1662 542 1699 ad
562 1674 646 1699 eam
661 1673 742 1698 rem
758 1661 923 1713 pertinet
941 1674 1089 1706 eorum,
1106 1675 1190 1714 quae
1209 1670 1295 1700 ante
1311 1662 1538 1707 docuerunt,
1556 1664 1594 1702 id
1613 1664 1771 1703 sumunt

382 1742 450 1782 pro
470 1727 642 1767 concesso
660 1736 699 1765 et
718 1727 878 1779 probato
892 1745 905 1772 3
927 1727 1026 1764 illud
1045 1728 1163 1765 modo
1181 1729 1387 1780 explicant,
1405 1729 1451 1766 de
1469 1743 1548 1781 quo
1564 1739 1649 1768 ante
1669 1730 1769 1769 nihil

382 1793 568 1846 scriptum
587 1793 653 1831 est.
686 1791 923 1843 Philosophi,
939 1805 1227 1844 quamcumque
1244 1807 1324 1830 rem
1352 1792 1495 1831 habent
1515 1795 1554 1832 in
1575 1795 1767 1841 manibus,

382 1859 424 1896 in
442 1871 541 1902 eam,
562 1871 646 1909 quae
665 1857 913 1902 conveniunt,
943 1866 1154 1909 congerunt
1169 1859 1322 1903 omnia3
1354 1859 1417 1896 etsi
1438 1859 1512 1897 alio
1531 1860 1618 1898 loco
1637 1860 1767 1913 dispu-

382 1931 459 1961 tata
478 1922 578 1961 sunt.
598 1922 716 1974 Qod
735 1922 775 1959 ni
795 1922 847 1959 ita
866 1921 966 1967 effet,
988 1936 1057 1960 cur
1077 1923 1240 1968 Stoicus,
1258 1924 1283 1961 s1
1303 1923 1390 1962 effet
1409 1925 1622 1976 quaesitum,
1637 1925 1769 1964 satisne

382 1989 428 2026 ad
447 1988 552 2026 beate
572 1987 780 2026 vivendum
806 1988 926 2025 virtus
957 1987 1088 2040 poffet,
1119 1989 1243 2026 multa
1274 1989 1442 2027 diceret?
1475 1991 1549 2028 Cui
1571 1991 1655 2029 satis
1681 1991 1768 2029 effet

382 2053 615 2106 respondere,
646 2053 690 2090 Se
710 2061 795 2090 ante
815 2052 992 2099 docuisse,
1025 2052 1124 2091 nihil
1145 2055 1292 2092 bonum
1312 2054 1396 2100 effe,
1418 2055 1484 2093 nis1
1506 2057 1608 2108 quod
1628 2055 1766 2094 hones-

382 2128 468 2157 tum
490 2118 604 2157 effet:
635 2117 710 2156 hoc
736 2118 894 2170 probato
924 2118 1156 2171 consequens
1187 2119 1271 2165 effe,
1302 2120 1449 2158 beatam
1480 2122 1597 2159 vitam
1629 2123 1768 2160 virtute

383 2183 454 2221 effe
473 2192 716 2228 contentam3
747 2192 799 2227 et,
831 2197 910 2235 quo
928 2183 1046 2221 modo
1065 2183 1139 2222 hoc
1167 2184 1210 2222 s1t
1236 2186 1467 2238 consequens
1498 2187 1569 2231 illi,
1601 2187 1648 2224 fic
1669 2188 1766 2225 illud

384 2247 503 2293 huic3
535 2257 592 2292 ut,
623 2249 649 2285 fi
670 2247 777 2285 beata
795 2248 871 2285 vita
889 2248 1029 2286 virtute
1047 2258 1227 2288 contenta
1244 2251 1301 2295 sit,
1334 2252 1400 2289 nis1
1431 2250 1631 2289 honestum
1663 2253 1767 2303 quod

385 2313 442 2357 sit,
464 2311 562 2350 nihil
584 2311 686 2349 aliud
706 2312 749 2349 s1t
770 2312 928 2350 bonum.
962 2313 1032 2351 Sed
1048 2322 1176 2352 tamen
1196 2328 1271 2352 non
1292 2326 1408 2368 agunt
1430 2316 1493 2353 fic.
1539 2316 1644 2353 Nam
1663 2326 1700 2352 et
1721 2317 1766 2353 de

385 2376 542 2415 honesto
561 2387 598 2415 et
618 2377 663 2415 de
682 2377 833 2416 summo
849 2378 951 2416 bono
970 2378 1167 2432 separatim
1183 2380 1272 2418 libri
1292 2381 1400 2424 sunt3
1423 2391 1460 2418 et
1476 2394 1565 2418 cum
1583 2394 1628 2418 ex
1645 2394 1690 2418 eo
1705 2380 1764 2419 ef·-

385 2443 548 2488 ficiatur,
569 2443 652 2482 satis
669 2457 847 2496 magnam
868 2445 908 2482 in
928 2445 1068 2483 virtute
1086 2446 1131 2484 ad
1147 2446 1252 2484 beate
1272 2446 1477 2483 vivendum
1498 2446 1566 2484 effe
1586 2447 1680 2492 vim,
1702 2448 1763 2485 ni-

384 2508 466 2547 hilo
486 2509 614 2548 minus
634 2508 708 2547 hoc
727 2519 845 2562 agunt
859 2511 1068 2563 separatim.
1092 2512 1258 2563 Propriis
1277 2512 1395 2555 enim,
1412 2521 1448 2548 et
1469 2511 1541 2549 suis
1561 2526 1762 2565 argumen-

385 2575 448 2622 tis,
469 2584 505 2614 et
525 2575 849 2616 admonitionibus
869 2577 1057 2615 tractanda
1077 2590 1236 2630 quaeque
1261 2590 1317 2615 res
1336 2577 1401 2622 est,
1425 2586 1525 2615 tanta
1543 2579 1759 2630 proestrtim.
