2330 2983
876 292 1075 347 [77]

685 564 791 604 DE
872 543 1298 605 F1N113Us'

275 745 869 805 ssoNoRUM
915 764 1015 803 ET
1061 747 1672 820 MALoRUM,

455 981 551 1024 AD
663 979 731 1024 M.
837 979 1478 1035 BRUTUM,

623 1174 899 1213 LIBER
962 1175 1326 1215 PRIMUS.

281 1375 313 1413 1.
490 1375 527 1413 O
541 1374 583 1414 N
604 1387 707 1412 eram
728 1373 890 1418 nescius,
924 1374 1055 1418 Brute,
1086 1387 1194 1420 cum,
1215 1389 1300 1427 quae
1320 1375 1481 1415 summis
1511 1378 1674 1430 ingeniis

334 1372 481 1503 N
517 1439 781 1492 exquisitaque
801 1439 972 1478 doctrina
987 1439 1209 1492 philosophi
1226 1442 1364 1485 Graeco
1384 1442 1555 1482 sermone
1576 1454 1674 1483 trac-

518 1504 703 1549 taviffent,
735 1518 777 1542 ea
798 1505 946 1543 Latinis
967 1505 1086 1543 literis
1107 1507 1389 1553 mandaremus,
1420 1507 1513 1554 fore,
1548 1519 1591 1548 ut
1611 1509 1675 1549 hic

280 1573 403 1612 noster
422 1572 529 1611 labor
547 1571 589 1609 in
608 1570 724 1609 varias
738 1570 1044 1623 reprehenfiones
1060 1571 1283 1612 incurreret.
1307 1574 1414 1612 Nam
1429 1575 1673 1626 quibusdam,

279 1648 317 1677 et
336 1639 382 1677 iis
401 1636 559 1690 quidem
580 1648 658 1673 non
678 1634 890 1674 admodum
911 1635 1088 1681 indoctis,
1112 1645 1240 1676 totum
1257 1636 1333 1676 hoc
1355 1639 1529 1692 displicet
1543 1639 1675 1693 philo-

278 1703 441 1757 sophari.
473 1701 647 1754 Qidam
666 1711 796 1740 autern
827 1715 905 1740 non
937 1702 976 1740 id
997 1711 1076 1741 tam
1102 1703 1398 1756 reprehendunt,
1432 1706 1458 1743 s1
1489 1707 1675 1746 remiffius

276 1779 408 1824 agatur
423 1788 435 1815 ς
467 1769 529 1807 sed
548 1777 700 1807 tanturn
719 1768 904 1814 studium,
922 1778 1078 1822 tamque
1098 1770 1263 1808 multam
1284 1784 1438 1823 operam
1457 1774 1675 1826 ponendam

276 1838 318 1876 in
337 1850 383 1876 eo
401 1850 479 1875 non
500 1835 744 1874 arbitrantur.
777 1836 904 1874 Erunt
922 1836 1053 1882 etiam,
1073 1846 1112 1874 et
1131 1835 1173 1875 hi
1193 1837 1351 1889 quidem
1371 1839 1512 1877 eruditi
1529 1841 1675 1880 Graecis

277 1903 413 1949 literis,
443 1910 734 1940 contemnentes
754 1901 924 1947 Latinas,
961 1902 1084 1954 quise
1109 1903 1239 1941 dicant
1265 1904 1306 1941 in
1338 1905 1483 1943 Graecis
1505 1905 1675 1959 legendis

277 1981 433 2021 operam
453 1967 568 2005 malle
587 1966 826 2005 consumere.
857 1967 1055 2006 Postremo
1072 1967 1220 2020 aliquos
1239 1967 1390 2007 futuros
1411 1969 1588 2023 suspicor,
1607 1973 1675 2024 qui

276 2047 340 2072 me
359 2033 406 2071 ad
425 2032 514 2070 alias
534 2032 660 2070 literas
689 2041 827 2071 vocent
839 2050 851 2077 3
882 2045 1002 2085 genus
1022 2031 1098 2071 hoc
1118 2033 1321 2079 scribendi,
1354 2034 1420 2072 etfi
1440 2035 1485 2073 s1t
1509 2035 1673 2089 elegans,

277 2098 441 2152 personae
463 2106 591 2136 tamen
611 2107 650 2136 et
670 2097 866 2151 dignitatis
889 2097 961 2136 effe
980 2108 1134 2152 negent.
1168 2100 1313 2138 Contra
1333 2114 1429 2153 quos
1456 2115 1592 2140 omnes
1612 2103 1674 2142 di-

278 2165 446 2203 cendum
476 2163 640 2202 breviter
659 2163 860 2203 existimo:
891 2177 1114 2218 quanquam
1144 2164 1398 2219 philosophiae
1428 2167 1588 2220 quidem
1615 2170 1673 2207 vi-

279 2230 560 2284 tuperatoribus
594 2230 679 2269 satis
699 2230 918 2284 responsum
936 2231 991 2270 est
1023 2245 1069 2270 eo
1088 2231 1202 2277 libro,
1233 2247 1312 2286 quo
1331 2247 1351 2271 a
1372 2234 1482 2272 nobis
1502 2233 1673 2287 philoso-

279 2297 370 2350 phia
391 2296 541 2335 defensa
558 2305 597 2334 et
616 2297 829 2336 collaudata
849 2297 915 2344 est,
931 2311 1024 2337 cum
1045 2298 1133 2338 effet
1150 2299 1320 2337 accusata
1341 2310 1378 2338 et
1398 2301 1609 2354 vituperata
1628 2302 1673 2339 ab

280 2363 499 2402 Hortensio.
535 2364 623 2415 ‚Qi
638 2364 734 2403 liber
748 2378 840 2403 cum
861 2374 898 2404 et
918 2365 991 2404 tibi
1011 2366 1192 2418 probatus
1213 2366 1415 2412 videretur,
1439 2377 1476 2405 et
1496 2368 1556 2412 iis,
1578 2382 1674 2420 quos

279 2443 350 2481 ego
372 2427 470 2481 posse
495 2429 667 2481 judicare
698 2431 896 2470 arbitrarer
911 2449 923 2477 ;
956 2431 1064 2485 plura
1091 2432 1246 2485 suscepi,
1283 2433 1422 2471 veritus
1444 2446 1491 2471 ne
1522 2447 1673 2473 movere

279 2496 488 2534 hominum
511 2495 634 2535 studia
659 2498 817 2544 viderer,
839 2499 999 2537 retinere
1019 2513 1097 2538 non
1117 2499 1231 2552 pofi‘e.

336 2562 416 2613 Qi
447 2572 591 2608 autern,
623 2563 648 2602 fi
684 2565 852 2603 maxime
879 2564 955 2603 hoc
989 2565 1135 2618 placeat
1152 2595 1162 2610 ,
1208 2566 1439 2604 moderatius
1475 2576 1600 2606 tamen
1635 2568 1671 2605 id

280 2627 415 2665 volunt
437 2627 532 2672 ficri,
563 2629 763 2668 difficilem
784 2631 975 2682 quandam
1008 2632 1299 2684 temperantiam
1320 2632 1510 2684 postulant
1541 2633 1581 2672 in
1614 2648 1672 2677 co,

363 2694 485 2731 Toxi.
511 2695 564 2732 ΙΙ.
