2330 2983
532 209 611 249 500
792 198 885 236 DE
943 197 1268 236 NATURA
1324 198 1664 247 DEORUM

529 294 808 339 Leucotheam,
839 309 923 346 quae
943 294 1018 333 fuit
1051 296 1134 340 Ino,
1165 304 1202 333 et
1221 296 1301 347 ejus
1323 295 1581 335 Palaemonem
1612 295 1755 342 filium,
1787 301 1924 338 cuncta

530 362 679 399 Graecia
694 380 706 405 ;
738 361 968 405 Herculem,
995 360 1275 414 AEsculapium,
1297 361 1561 413 Tyndaridas:
1594 362 1814 401 Romulum
1834 364 1923 402 nos-

530 427 592 470 tri,
612 425 779 477 aliosque
799 426 1030 478 complures,
1047 440 1143 479 quos
1164 428 1265 479 quas]
1283 441 1414 472 nOVOS‚
1435 437 1472 466 et
1488 427 1740 481 adscriptitios
1760 429 1862 467 cives
1881 429 1923 467 in

526 491 666 530 caelum
686 500 855 544 receptos
875 501 1027 545 putant.
1060 494 1158 531 Haec
1179 495 1297 547 igitur
1316 494 1474 533 indocti.

580 556 692 595 XVI.
725 557 835 608 Qid
854 571 920 596 vos
940 557 1190 611 philosophi?
1221 560 1290 612 qui
1310 560 1496 598 meliora?
1530 561 1687 599 Omitto
1712 560 1803 606 illa,
1835 559 1922 598 sunt

525 622 630 661 enim
641 623 832 676 praeclara.
865 624 921 662 Sit
941 623 1024 662 sane
1046 625 1152 664 Deus
1173 625 1250 679 ipse
1269 626 1452 665 mundus.
1486 627 1577 665 Hoc
1597 627 1710 666 credo
1729 626 1829 665 illud
1849 625 1922 664 effe

662 689 814 729 Sublime
833 690 995 736 candens,
1015 706 1114 744 quem
1133 692 1303 731 invocant
1320 708 1433 732 omnes
1447 694 1598 746 Jovem.

525 757 655 808 Qare
673 756 792 810 igitur
811 757 937 810 plures
957 757 1204 810 adjungimus
1228 759 1361 797 Deos?
1393 760 1550 812 Qanta
1567 767 1697 797 autem
1717 759 1771 798 est
1785 772 1921 798 eorum

524 821 766 860 multitudo?
793 821 902 861 Mihi
931 822 1092 874 quidem
1120 823 1206 861 sane
1231 824 1350 862 multi
1375 824 1567 862 videntur.
1608 824 1782 876 Singulas
1813 824 1920 862 enim

522 887 646 926 stellas
666 901 842 926 numeras
863 889 983 933 Deos,
1015 887 1153 941 eosque
1173 897 1239 927 aut
1258 889 1474 928 belluarum
1494 889 1653 928 nomine
1673 889 1855 942 appellas,
1877 898 1922 928 ut

524 953 704 1005 Capram,
726 962 769 991 ut
790 954 960 1006 Nepam,
983 962 1025 991 ut
1046 955 1240 1000 Taurum,
1264 964 1308 993 ut
1327 956 1502 994 Leonem
1516 973 1529 1000 ς
1560 963 1626 993 aut
1642 968 1771 993 rerum
1791 953 1919 993 inani-

475 1017 478 1019 ’
522 1028 727 1065 matarum,
749 1028 793 1058 ut
813 1021 934 1072 Argo,
956 1029 1000 1058 ut
1019 1021 1154 1066 Aram,
1176 1030 1220 1059 ut
1239 1021 1450 1061 Coronam.

576 1085 661 1130 Sed,
694 1095 737 1124 ut
756 1084 839 1124 haec
858 1087 1132 1133 concedantur,
1156 1088 1303 1141 reliqua
1321 1089 1389 1142 qui
1408 1088 1562 1128 tandem
1583 1101 1661 1128 non
1677 1088 1795 1127 modo
1820 1100 1917 1127 con-

519 1152 619 1198 cedi,
650 1153 711 1191 sed
742 1154 904 1192 omnino
930 1154 1112 1207 intelligi,
1134 1155 1316 1207 poffunt?
1348 1157 1454 1194 Cum
1482 1155 1626 1208 fruges,
1649 1156 1827 1199 Cererem,
1856 1154 1918 1192 vi-

519 1232 632 1265 num,
663 1219 837 1259 Liberum
869 1219 1051 1265 dicimus,
1086 1233 1223 1272 genere
1256 1234 1324 1260 nos
1358 1221 1518 1274 quidem
1552 1221 1734 1260 sermonis
1768 1221 1919 1260 utimur

519 1285 682 1329 ufitato;
714 1286 776 1323 sed
806 1298 970 1337 ecquem
1002 1294 1081 1324 tam
1114 1295 1309 1324 amentem
1334 1287 1405 1324 effe
1438 1296 1563 1339 putas,
1594 1288 1662 1339 qui
1694 1287 1807 1331 illud,
1838 1301 1918 1339 quo

518 1350 701 1395 vescatur,
724 1351 857 1389 Deum
872 1350 1002 1388 credat
1019 1350 1121 1389 effe?
1152 1351 1259 1389 Nam
1280 1364 1376 1403 quos
1396 1351 1443 1390 ab
1461 1350 1689 1390 hominibus
1709 1351 1916 1404 pervenisse

517 1416 613 1455 dicis
644 1417 690 1454 ad
722 1417 841 1461 Deos,
878 1425 920 1454 tu
952 1416 1082 1454 reddes
1111 1416 1314 1462 rationem,
1341 1417 1672 1469 quemadmodum
1702 1417 1809 1454 idem
1835 1416 1919 1455 fieri

518 1483 697 1536 potuerit,
729 1491 795 1520 aut
814 1495 883 1521 cur
902 1481 985 1520 fieri
1005 1482 1165 1527 deflerit,
1196 1492 1234 1521 et
1253 1496 1324 1536 ego
1344 1483 1487 1521 discam
1508 1483 1684 1522 libenter.
1732 1483 1917 1534 Qomo-

515 1549 566 1587 do
599 1563 703 1587 nunc
734 1548 894 1600 quidem
925 1547 991 1593 est,
1019 1562 1098 1586 non
1128 1548 1253 1594 video,
1285 1563 1364 1601 quo
1383 1550 1494 1602 pacto
1527 1549 1607 1594 ille,
1638 1549 1702 1587 cui
1735 1549 1772 1587 in
1802 1559 1917 1588 monte

517 1617 639 1655 Oetaeo
668 1615 780 1653 illatae
808 1614 983 1666 lampades
998 1615 1164 1666 fuerint,
1196 1624 1239 1651 ut
1259 1616 1311 1651 ait
1340 1617 1499 1658 Accius,
1530 1616 1566 1652 in
1589 1615 1724 1654 domum
1741 1626 1916 1654 aeternam

508 1682 632 1735 patris
661 1694 708 1719 ex
740 1679 808 1717 illo
843 1679 971 1717 ardore
992 1679 1232 1731 pervenerit:
1264 1691 1383 1731 quem
1404 1687 1531 1717 tamen
1553 1680 1750 1718 Homerus
1770 1694 1912 1719 conve-

516 1748 590 1786 niri
610 1745 710 1800 apud
731 1743 873 1782 inferos
893 1742 985 1782 facit
1015 1744 1062 1782 ab
1094 1743 1238 1795 Ulyffe,
1273 1744 1369 1782 ficut
1388 1755 1554 1791 caeteros‚
1587 1746 1655 1798 qui
1683 1745 1914 1785 excesserant

517 1814 608 1852 vita.

569 1882 819 1933 Qanquam,
850 1892 969 1931 quem
990 1877 1228 1932 potiffimhm
1255 1881 1471 1919 Herculem
1497 1881 1685 1926 colamus,
1716 1881 1809 1919 scire
1828 1880 1914 1920 sanc

514 1947 646 1985 velim.
681 1946 813 1984 Plures
833 1945 938 1983 enim
956 1945 1110 1984 tradunt
1132 1947 1241 1984 nobis
1263 1947 1304 1991 ii,
1337 1948 1405 2000 qui
1425 1948 1623 1986 interiores
1643 1947 1856 1986 scrutantur
1873 1956 1912 1985 et

514 2012 726 2051 reconditas
746 2011 896 2049 literas:
929 2010 1251 2063 antiquislimum,
1273 2014 1368 2063 Jove
1388 2023 1536 2056 natum,
1567 2013 1629 2051 sed
1648 2011 1912 2064 antiquissimo

513 2081 608 2117 item
628 2079 721 2130 J0ve
740 2092 748 2115 :
783 2077 891 2128 (nam
912 2077 1026 2127 Joves
1047 2091 1201 2130 quoque
1232 2078 1358 2131 plures
1380 2078 1419 2116 in
1448 2078 1579 2131 priscis
1601 2079 1828 2116 Graecorum
1860 2077 1910 2116 li-

513 2145 603 2183 teris
638 2143 876 2193 invenimus)
907 2156 952 2180 ex
983 2156 1028 2180 eo
1056 2143 1173 2196 igitur
1203 2154 1240 2182 et
1261 2143 1393 2195 Lisyto
1423 2144 1475 2182 est
1506 2145 1536 2182 is
1559 2144 1764 2188 Hercules,
1791 2157 1908 2195 quem

513 2209 779 2250 concertaviss‘e
809 2223 902 2247 cum
924 2210 1106 2262 Apolline
1126 2210 1172 2248 de
1204 2211 1354 2263 tripode
1379 2211 1612 2264 accepimus.
1658 2210 1769 2249 Alter
1789 2209 1908 2248 tradi-

513 2287 574 2316 tur
610 2277 706 2317 Nilo
741 2286 864 2321 natus,
896 2276 1131 2328 AEgypti1185
1164 2291 1283 2328 quem
1308 2277 1414 2315 aiunt
1434 2276 1617 2330 Phrygias
1651 2277 1776 2315 literas
1810 2289 1906 2314 con-

513 2343 700 2397 scripsisse.
745 2342 902 2381 Tertius
937 2342 989 2379 cst
1023 2356 1069 2380 ex
1105 2343 1213 2381 Ida-is
1247 2344 1419 2397 Digitis;
1451 2344 1513 2382 cui
1546 2342 1698 2382 inferias
1728 2341 1905 2381 afferunt.

512 2413 697 2462 Qartus,
715 2410 820 2461 jovis
841 2418 878 2447 et
900 2408 1066 2453 Asteriae,
1100 2410 1254 2448 Latonm
1278 2410 1424 2454 sororis,
1446 2411 1513 2462 qui
1535 2411 1632 2462 Tyri
1650 2409 1818 2449 maxime
1837 2422 1907 2447 co-

513 2478 628 2520 litur,
660 2477 769 2528 cujus
798 2473 1073 2528 Carthaginem
1096 2474 1214 2514 filiam
1236 2475 1378 2514 ferunt.
1424 2477 1597 2528 Qintus
1620 2477 1658 2514 in
1681 2476 1802 2519 India,
1838 2475 1907 2527 qui

513 2542 626 2582 Belus
646 2543 799 2583 dicitur.
844 2543 979 2583 Sextus
1007 2539 1072 2581 hic
1097 2555 1142 2581 ex
1173 2542 1404 2589 Alcumena,
1436 2556 1554 2595 quem
1575 2542 1725 2597 Jupiter
1754 2540 1904 2596 genuit,
