<?xml version="1.0" encoding="UTF-8"?>
<!DOCTYPE html PUBLIC "-//W3C//DTD XHTML 1.0 Transitional//EN"
    "http://www.w3.org/TR/xhtml1/DTD/xhtml1-transitional.dtd">
<html xmlns="http://www.w3.org/1999/xhtml" xml:lang="en" lang="en">
 <head>
  <title>
</title>
<meta http-equiv="Content-Type" content="text/html;charset=utf-8" />
  <meta name='ocr-system' content='tesseract 3.04.00' />
  <meta name='ocr-capabilities' content='ocr_page ocr_carea ocr_par ocr_line ocrx_word'/>
</head>
<body>
  <div class='ocr_page' id='page_1' title='image "./operacumindicibu02ciceuoft_0465.png"; bbox 0 0 2330 2983; ppageno 0'>
   <div class='ocr_carea' id='block_1_1' title="bbox 612 298 1726 352">
    <p class='ocr_par' dir='ltr' id='par_1_1' title="bbox 612 298 1726 352">
     <span class='ocr_line' id='line_1_1' title="bbox 612 298 1726 352; baseline -0.001 -13"><span class='ocrx_word' id='word_1_1' title='bbox 612 299 886 339; x_wconf 83' lang='lat' dir='ltr'>LIBER</span> <span class='ocrx_word' id='word_1_2' title='bbox 945 298 1440 339; x_wconf 83' lang='lat' dir='ltr'>SECUNDUS.</span> <span class='ocrx_word' id='word_1_3' title='bbox 1648 314 1726 352; x_wconf 75' lang='lat'>457</span> 
     </span>
    </p>
   </div>
   <div class='ocr_carea' id='block_1_2' title="bbox 333 398 1728 2717">
    <p class='ocr_par' dir='ltr' id='par_1_2' title="bbox 336 398 1725 518">
     <span class='ocr_line' id='line_1_2' title="bbox 337 398 1725 450; baseline -0.001 -12"><span class='ocrx_word' id='word_1_4' title='bbox 337 399 384 438; x_wconf 93' lang='lat' dir='ltr'>ad</span> <span class='ocrx_word' id='word_1_5' title='bbox 403 411 460 438; x_wconf 91' lang='lat' dir='ltr'>res</span> <span class='ocrx_word' id='word_1_6' title='bbox 479 411 613 437; x_wconf 90' lang='lat' dir='ltr'>omnes</span> <span class='ocrx_word' id='word_1_7' title='bbox 633 398 791 444; x_wconf 88' lang='lat' dir='ltr'>veniret,</span> <span class='ocrx_word' id='word_1_8' title='bbox 813 399 1001 436; x_wconf 85' lang='lat' dir='ltr'>Venerem</span> <span class='ocrx_word' id='word_1_9' title='bbox 1026 399 1141 436; x_wconf 88' lang='lat' dir='ltr'>nostri</span> <span class='ocrx_word' id='word_1_10' title='bbox 1161 399 1466 443; x_wconf 86' lang='lat' dir='ltr'>nominaverunt,</span> <span class='ocrx_word' id='word_1_11' title='bbox 1488 408 1601 450; x_wconf 90' lang='lat' dir='ltr'>atque</span> <span class='ocrx_word' id='word_1_12' title='bbox 1619 412 1666 437; x_wconf 81' lang='lat' dir='ltr'>ex</span> <span class='ocrx_word' id='word_1_13' title='bbox 1685 412 1725 436; x_wconf 91' lang='lat' dir='ltr'>ea</span> 
     </span>
     <span class='ocr_line' id='line_1_3' title="bbox 336 463 1245 518; baseline -0.004 -15"><span class='ocrx_word' id='word_1_14' title='bbox 336 465 465 518; x_wconf 87' lang='lat' dir='ltr'>potius</span> <span class='ocrx_word' id='word_1_15' title='bbox 483 463 668 507; x_wconf 89' lang='lat' dir='ltr'>venustas,</span> <span class='ocrx_word' id='word_1_16' title='bbox 688 477 805 515; x_wconf 88' lang='lat' dir='ltr'>quam</span> <span class='ocrx_word' id='word_1_17' title='bbox 826 464 956 500; x_wconf 85' lang='lat' dir='ltr'>Venus</span> <span class='ocrx_word' id='word_1_18' title='bbox 975 475 1022 501; x_wconf 86' lang='lat' dir='ltr'>ex</span> <span class='ocrx_word' id='word_1_19' title='bbox 1041 463 1245 500; x_wconf 88' lang='lat' dir='ltr'>venustate.</span> 
     </span>
    </p>

    <p class='ocr_par' dir='ltr' id='par_1_3' title="bbox 335 526 1725 1361">
     <span class='ocr_line' id='line_1_4' title="bbox 389 526 1724 580; baseline -0.001 -12"><span class='ocrx_word' id='word_1_20' title='bbox 389 529 582 568; x_wconf 90' lang='lat' dir='ltr'><strong>XXVIII.</strong></span> <span class='ocrx_word' id='word_1_21' title='bbox 614 528 810 566; x_wconf 86' lang='lat' dir='ltr'>Videtisne</span> <span class='ocrx_word' id='word_1_22' title='bbox 841 527 973 579; x_wconf 89' lang='lat' dir='ltr'>igitur,</span> <span class='ocrx_word' id='word_1_23' title='bbox 1003 537 1047 564; x_wconf 92' lang='lat' dir='ltr'>ut</span> <span class='ocrx_word' id='word_1_24' title='bbox 1077 541 1097 564; x_wconf 92' lang='lat' dir='ltr'>a</span> <span class='ocrx_word' id='word_1_25' title='bbox 1124 526 1290 579; x_wconf 75' lang='lat' dir='ltr'>physicis</span> <span class='ocrx_word' id='word_1_26' title='bbox 1317 527 1443 572; x_wconf 91' lang='lat' dir='ltr'>rebus,</span> <span class='ocrx_word' id='word_1_27' title='bbox 1472 529 1578 573; x_wconf 89' lang='lat' dir='ltr'>bene,</span> <span class='ocrx_word' id='word_1_28' title='bbox 1612 538 1724 580; x_wconf 91' lang='lat' dir='ltr'>atque</span> 
     </span>
     <span class='ocr_line' id='line_1_5' title="bbox 337 592 1722 637; baseline -0.001 -5"><span class='ocrx_word' id='word_1_29' title='bbox 337 594 482 632; x_wconf 88' lang='lat' dir='ltr'>utiliter</span> <span class='ocrx_word' id='word_1_30' title='bbox 500 593 679 637; x_wconf 90' lang='lat' dir='ltr'>inventis,</span> <span class='ocrx_word' id='word_1_31' title='bbox 707 594 821 630; x_wconf 56' lang='lat' dir='ltr'>tra&amp;</span> <span class='ocrx_word' id='word_1_32' title='bbox 839 592 935 630; x_wconf 88' lang='lat' dir='ltr'>ratio</span> <span class='ocrx_word' id='word_1_33' title='bbox 954 592 998 630; x_wconf 89' lang='lat' dir='ltr'>fit</span> <span class='ocrx_word' id='word_1_34' title='bbox 1017 592 1064 630; x_wconf 91' lang='lat' dir='ltr'>ad</span> <span class='ocrx_word' id='word_1_35' title='bbox 1083 593 1372 631; x_wconf 90' lang='lat' dir='ltr'>commentitios</span> <span class='ocrx_word' id='word_1_36' title='bbox 1402 603 1440 631; x_wconf 91' lang='lat' dir='ltr'>et</span> <span class='ocrx_word' id='word_1_37' title='bbox 1460 593 1566 632; x_wconf 58' lang='lat' dir='ltr'>fiftos</span> <span class='ocrx_word' id='word_1_38' title='bbox 1588 596 1690 632; x_wconf 86' lang='lat' dir='ltr'>Deos</span> <span class='ocrx_word' id='word_1_39' title='bbox 1710 596 1722 630; x_wconf 85' lang='lat'>?</span> 
     </span>
     <span class='ocr_line' id='line_1_6' title="bbox 337 657 1723 711; baseline -0.001 -14"><span class='ocrx_word' id='word_1_40' title='bbox 337 659 435 710; x_wconf 84' lang='lat' dir='ltr'>Qae</span> <span class='ocrx_word' id='word_1_41' title='bbox 451 671 507 697; x_wconf 89' lang='lat' dir='ltr'>res</span> <span class='ocrx_word' id='word_1_42' title='bbox 526 658 659 711; x_wconf 88' lang='lat' dir='ltr'>genuit</span> <span class='ocrx_word' id='word_1_43' title='bbox 679 657 785 696; x_wconf 89' lang='lat' dir='ltr'>falsas</span> <span class='ocrx_word' id='word_1_44' title='bbox 803 657 1017 710; x_wconf 88' lang='lat' dir='ltr'>opiniones,</span> <span class='ocrx_word' id='word_1_45' title='bbox 1031 657 1246 709; x_wconf 86' lang='lat' dir='ltr'>erroresque</span> <span class='ocrx_word' id='word_1_46' title='bbox 1265 657 1519 702; x_wconf 90' lang='lat' dir='ltr'>turbulentos,</span> <span class='ocrx_word' id='word_1_47' title='bbox 1536 667 1574 695; x_wconf 90' lang='lat' dir='ltr'>et</span> <span class='ocrx_word' id='word_1_48' title='bbox 1594 658 1723 710; x_wconf 85' lang='lat' dir='ltr'>super-</span> 
     </span>
     <span class='ocr_line' id='line_1_7' title="bbox 335 722 1725 776; baseline -0.001 -14"><span class='ocrx_word' id='word_1_49' title='bbox 335 723 504 762; x_wconf 88' lang='lat' dir='ltr'>stitiones</span> <span class='ocrx_word' id='word_1_50' title='bbox 524 736 621 776; x_wconf 91' lang='lat' dir='ltr'>pene</span> <span class='ocrx_word' id='word_1_51' title='bbox 640 723 770 762; x_wconf 86' lang='lat' dir='ltr'>aniles.</span> <span class='ocrx_word' id='word_1_52' title='bbox 792 724 845 761; x_wconf 92' lang='lat' dir='ltr'>Et</span> <span class='ocrx_word' id='word_1_53' title='bbox 859 722 993 761; x_wconf 85' lang='lat' dir='ltr'>formae</span> <span class='ocrx_word' id='word_1_54' title='bbox 1011 723 1117 761; x_wconf 89' lang='lat' dir='ltr'>enim</span> <span class='ocrx_word' id='word_1_55' title='bbox 1132 723 1243 761; x_wconf 88' lang='lat' dir='ltr'>nobis</span> <span class='ocrx_word' id='word_1_56' title='bbox 1264 724 1452 767; x_wconf 89' lang='lat' dir='ltr'>Deorum,</span> <span class='ocrx_word' id='word_1_57' title='bbox 1474 733 1511 761; x_wconf 92' lang='lat' dir='ltr'>et</span> <span class='ocrx_word' id='word_1_58' title='bbox 1531 732 1669 768; x_wconf 77' lang='lat' dir='ltr'>aetateS‚</span> <span class='ocrx_word' id='word_1_59' title='bbox 1687 733 1725 761; x_wconf 87' lang='lat' dir='ltr'>et</span> 
     </span>
     <span class='ocr_line' id='line_1_8' title="bbox 335 782 1722 840; baseline -0.001 -14"><span class='ocrx_word' id='word_1_60' title='bbox 335 788 504 833; x_wconf 87' lang='lat' dir='ltr'>vestitus,</span> <span class='ocrx_word' id='word_1_61' title='bbox 539 788 767 840; x_wconf 90' lang='lat' dir='ltr'>ornatusque</span> <span class='ocrx_word' id='word_1_62' title='bbox 792 782 877 826; x_wconf 53' lang='lat' dir='ltr'>&#39;noti</span> <span class='ocrx_word' id='word_1_63' title='bbox 897 787 1007 825; x_wconf 87' lang='lat' dir='ltr'>sunt:</span> <span class='ocrx_word' id='word_1_64' title='bbox 1038 800 1175 839; x_wconf 89' lang='lat' dir='ltr'>genera</span> <span class='ocrx_word' id='word_1_65' title='bbox 1195 797 1382 839; x_wconf 67' lang='lat' dir='ltr'>pra-terea,</span> <span class='ocrx_word' id='word_1_66' title='bbox 1404 789 1596 840; x_wconf 86' lang='lat' dir='ltr'>conjugia,</span> <span class='ocrx_word' id='word_1_67' title='bbox 1629 801 1722 840; x_wconf 86' lang='lat' dir='ltr'>cog-</span> 
     </span>
     <span class='ocr_line' id='line_1_9' title="bbox 336 852 1723 905; baseline -0.001 -14"><span class='ocrx_word' id='word_1_68' title='bbox 336 853 521 898; x_wconf 85' lang='lat' dir='ltr'>nationes,</span> <span class='ocrx_word' id='word_1_69' title='bbox 551 853 758 905; x_wconf 89' lang='lat' dir='ltr'>omniaque</span> <span class='ocrx_word' id='word_1_70' title='bbox 779 852 946 891; x_wconf 69' lang='lat' dir='ltr'>tradu&amp;a</span> <span class='ocrx_word' id='word_1_71' title='bbox 971 852 1017 890; x_wconf 91' lang='lat' dir='ltr'>ad</span> <span class='ocrx_word' id='word_1_72' title='bbox 1036 852 1328 890; x_wconf 77' lang='lat' dir='ltr'>similitudinem</span> <span class='ocrx_word' id='word_1_73' title='bbox 1349 852 1625 891; x_wconf 83' lang='lat' dir='ltr'>imbecillitatis</span> <span class='ocrx_word' id='word_1_74' title='bbox 1646 852 1723 890; x_wconf 82' lang='lat' dir='ltr'>hu-</span> 
     </span>
     <span class='ocr_line' id='line_1_10' title="bbox 337 917 1724 970; baseline 0 -14"><span class='ocrx_word' id='word_1_75' title='bbox 337 931 472 956; x_wconf 86' lang='lat' dir='ltr'>manae.</span> <span class='ocrx_word' id='word_1_76' title='bbox 504 918 610 956; x_wconf 89' lang='lat' dir='ltr'>Nam</span> <span class='ocrx_word' id='word_1_77' title='bbox 629 927 666 955; x_wconf 93' lang='lat' dir='ltr'>et</span> <span class='ocrx_word' id='word_1_78' title='bbox 690 918 916 970; x_wconf 90' lang='lat' dir='ltr'>perturbatis</span> <span class='ocrx_word' id='word_1_79' title='bbox 937 917 1073 955; x_wconf 86' lang='lat' dir='ltr'>animis</span> <span class='ocrx_word' id='word_1_80' title='bbox 1093 918 1331 955; x_wconf 91' lang='lat' dir='ltr'>inducuntur</span> <span class='ocrx_word' id='word_1_81' title='bbox 1345 936 1357 962; x_wconf 65' lang='grc' dir='ltr'><strong><em>ς</em></strong></span> <span class='ocrx_word' id='word_1_82' title='bbox 1388 919 1598 970; x_wconf 86' lang='lat' dir='ltr'>accipimus</span> <span class='ocrx_word' id='word_1_83' title='bbox 1618 919 1724 956; x_wconf 91' lang='lat' dir='ltr'>enim</span> 
     </span>
     <span class='ocr_line' id='line_1_11' title="bbox 336 982 1722 1035; baseline 0 -15"><span class='ocrx_word' id='word_1_84' title='bbox 336 983 512 1021; x_wconf 90' lang='lat' dir='ltr'>Deorum</span> <span class='ocrx_word' id='word_1_85' title='bbox 532 983 774 1035; x_wconf 87' lang='lat' dir='ltr'>cupiditates,</span> <span class='ocrx_word' id='word_1_86' title='bbox 808 982 1065 1034; x_wconf 81' lang='lat' dir='ltr'>aegritudineS,</span> <span class='ocrx_word' id='word_1_87' title='bbox 1095 982 1333 1020; x_wconf 85' lang='lat' dir='ltr'>iracundias:</span> <span class='ocrx_word' id='word_1_88' title='bbox 1366 996 1436 1021; x_wconf 89' lang='lat' dir='ltr'>nec</span> <span class='ocrx_word' id='word_1_89' title='bbox 1468 996 1569 1028; x_wconf 87' lang='lat' dir='ltr'>vero,</span> <span class='ocrx_word' id='word_1_90' title='bbox 1602 992 1644 1020; x_wconf 90' lang='lat' dir='ltr'>ut</span> <span class='ocrx_word' id='word_1_91' title='bbox 1663 982 1722 1020; x_wconf 82' lang='lat' dir='ltr'>fa-</span> 
     </span>
     <span class='ocr_line' id='line_1_12' title="bbox 337 1046 1723 1100; baseline 0.001 -16"><span class='ocrx_word' id='word_1_92' title='bbox 337 1047 436 1085; x_wconf 87' lang='lat' dir='ltr'>bulae</span> <span class='ocrx_word' id='word_1_93' title='bbox 454 1046 597 1091; x_wconf 91' lang='lat' dir='ltr'>ferunt,</span> <span class='ocrx_word' id='word_1_94' title='bbox 611 1046 680 1084; x_wconf 90' lang='lat' dir='ltr'>Dii</span> <span class='ocrx_word' id='word_1_95' title='bbox 700 1046 810 1085; x_wconf 89' lang='lat' dir='ltr'>bellis</span> <span class='ocrx_word' id='word_1_96' title='bbox 830 1046 1042 1099; x_wconf 84' lang='lat' dir='ltr'>praeliisque</span> <span class='ocrx_word' id='word_1_97' title='bbox 1061 1056 1262 1085; x_wconf 88' lang='lat' dir='ltr'>caruerunt</span> <span class='ocrx_word' id='word_1_98' title='bbox 1278 1065 1290 1091; x_wconf 78' lang='lat'>3</span> <span class='ocrx_word' id='word_1_99' title='bbox 1313 1060 1382 1084; x_wconf 90' lang='lat' dir='ltr'>nec</span> <span class='ocrx_word' id='word_1_100' title='bbox 1403 1047 1541 1092; x_wconf 90' lang='lat' dir='ltr'>solum,</span> <span class='ocrx_word' id='word_1_101' title='bbox 1564 1057 1607 1085; x_wconf 88' lang='lat' dir='ltr'>ut</span> <span class='ocrx_word' id='word_1_102' title='bbox 1623 1048 1723 1100; x_wconf 90' lang='lat' dir='ltr'>apud</span> 
     </span>
     <span class='ocr_line' id='line_1_13' title="bbox 335 1112 1724 1164; baseline -0.001 -13"><span class='ocrx_word' id='word_1_103' title='bbox 335 1112 572 1158; x_wconf 90' lang='lat' dir='ltr'>Homerum,</span> <span class='ocrx_word' id='word_1_104' title='bbox 601 1125 694 1151; x_wconf 89' lang='lat' dir='ltr'>cum</span> <span class='ocrx_word' id='word_1_105' title='bbox 723 1112 819 1150; x_wconf 85' lang='lat' dir='ltr'>duos</span> <span class='ocrx_word' id='word_1_106' title='bbox 837 1112 1025 1150; x_wconf 86' lang='lat' dir='ltr'>exercitus</span> <span class='ocrx_word' id='word_1_107' title='bbox 1044 1112 1252 1150; x_wconf 89' lang='lat' dir='ltr'>contrarios</span> <span class='ocrx_word' id='word_1_108' title='bbox 1278 1112 1343 1150; x_wconf 85' lang='lat' dir='ltr'>alii</span> <span class='ocrx_word' id='word_1_109' title='bbox 1370 1112 1439 1150; x_wconf 92' lang='lat' dir='ltr'>Dii</span> <span class='ocrx_word' id='word_1_110' title='bbox 1465 1125 1513 1150; x_wconf 86' lang='lat' dir='ltr'>ex</span> <span class='ocrx_word' id='word_1_111' title='bbox 1529 1113 1600 1149; x_wconf 86' lang='lat' dir='ltr'>alia</span> <span class='ocrx_word' id='word_1_112' title='bbox 1619 1121 1724 1164; x_wconf 90' lang='lat' dir='ltr'>parte</span> 
     </span>
     <span class='ocr_line' id='line_1_14' title="bbox 335 1177 1722 1230; baseline -0.001 -14"><span class='ocrx_word' id='word_1_113' title='bbox 335 1177 595 1223; x_wconf 90' lang='lat' dir='ltr'>defenderent,</span> <span class='ocrx_word' id='word_1_114' title='bbox 625 1178 687 1216; x_wconf 92' lang='lat' dir='ltr'>sed</span> <span class='ocrx_word' id='word_1_115' title='bbox 717 1178 847 1223; x_wconf 90' lang='lat' dir='ltr'>etiam,</span> <span class='ocrx_word' id='word_1_116' title='bbox 883 1187 927 1216; x_wconf 90' lang='lat' dir='ltr'>ut</span> <span class='ocrx_word' id='word_1_117' title='bbox 957 1191 1049 1216; x_wconf 89' lang='lat' dir='ltr'>cum</span> <span class='ocrx_word' id='word_1_118' title='bbox 1079 1178 1246 1223; x_wconf 86' lang='lat' dir='ltr'>Titanis,</span> <span class='ocrx_word' id='word_1_119' title='bbox 1281 1186 1325 1216; x_wconf 87' lang='lat' dir='ltr'>ut</span> <span class='ocrx_word' id='word_1_120' title='bbox 1360 1191 1452 1216; x_wconf 90' lang='lat' dir='ltr'>cum</span> <span class='ocrx_word' id='word_1_121' title='bbox 1472 1177 1722 1230; x_wconf 85' lang='lat' dir='ltr'>Gigantibus,</span> 
     </span>
     <span class='ocr_line' id='line_1_15' title="bbox 335 1242 1722 1297; baseline -0.001 -15"><span class='ocrx_word' id='word_1_122' title='bbox 335 1244 487 1297; x_wconf 89' lang='lat' dir='ltr'>propria</span> <span class='ocrx_word' id='word_1_123' title='bbox 506 1244 605 1282; x_wconf 89' lang='lat' dir='ltr'>bella</span> <span class='ocrx_word' id='word_1_124' title='bbox 623 1243 826 1296; x_wconf 81' lang='lat' dir='ltr'>gefferunt.</span> <span class='ocrx_word' id='word_1_125' title='bbox 869 1243 966 1282; x_wconf 85' lang='lat' dir='ltr'>Haec</span> <span class='ocrx_word' id='word_1_126' title='bbox 986 1252 1024 1281; x_wconf 87' lang='lat' dir='ltr'>et</span> <span class='ocrx_word' id='word_1_127' title='bbox 1044 1243 1237 1287; x_wconf 87' lang='lat' dir='ltr'>dicuntur,</span> <span class='ocrx_word' id='word_1_128' title='bbox 1269 1252 1307 1281; x_wconf 92' lang='lat' dir='ltr'>et</span> <span class='ocrx_word' id='word_1_129' title='bbox 1325 1243 1534 1282; x_wconf 89' lang='lat' dir='ltr'>creduntur</span> <span class='ocrx_word' id='word_1_130' title='bbox 1552 1242 1722 1281; x_wconf 83' lang='lat' dir='ltr'>stultiffi-</span> 
     </span>
     <span class='ocr_line' id='line_1_16' title="bbox 335 1307 1387 1361; baseline -0.002 -14"><span class='ocrx_word' id='word_1_131' title='bbox 335 1321 413 1354; x_wconf 90' lang='lat' dir='ltr'>me,</span> <span class='ocrx_word' id='word_1_132' title='bbox 433 1318 471 1347; x_wconf 89' lang='lat' dir='ltr'>et</span> <span class='ocrx_word' id='word_1_133' title='bbox 490 1309 602 1361; x_wconf 91' lang='lat' dir='ltr'>plena</span> <span class='ocrx_word' id='word_1_134' title='bbox 620 1309 707 1346; x_wconf 90' lang='lat' dir='ltr'>sunt</span> <span class='ocrx_word' id='word_1_135' title='bbox 726 1307 935 1353; x_wconf 87' lang='lat' dir='ltr'>futilitatis,</span> <span class='ocrx_word' id='word_1_136' title='bbox 957 1308 1192 1360; x_wconf 86' lang='lat' dir='ltr'>summaeque</span> <span class='ocrx_word' id='word_1_137' title='bbox 1211 1308 1387 1346; x_wconf 86' lang='lat' dir='ltr'>levitatis.</span> 
     </span>
    </p>

    <p class='ocr_par' dir='ltr' id='par_1_4' title="bbox 333 1371 1728 2531">
     <span class='ocr_line' id='line_1_17' title="bbox 391 1371 1722 1426; baseline 0 -15"><span class='ocrx_word' id='word_1_138' title='bbox 391 1373 464 1411; x_wconf 88' lang='lat' dir='ltr'>Sed</span> <span class='ocrx_word' id='word_1_139' title='bbox 483 1382 624 1418; x_wconf 88' lang='lat' dir='ltr'>tamen,</span> <span class='ocrx_word' id='word_1_140' title='bbox 654 1371 714 1411; x_wconf 90' lang='lat' dir='ltr'>his</span> <span class='ocrx_word' id='word_1_141' title='bbox 734 1371 874 1411; x_wconf 88' lang='lat' dir='ltr'>fabulis</span> <span class='ocrx_word' id='word_1_142' title='bbox 895 1373 1040 1425; x_wconf 90' lang='lat' dir='ltr'>spretis,</span> <span class='ocrx_word' id='word_1_143' title='bbox 1075 1386 1117 1411; x_wconf 92' lang='lat' dir='ltr'>ac</span> <span class='ocrx_word' id='word_1_144' title='bbox 1144 1373 1362 1426; x_wconf 88' lang='lat' dir='ltr'>repudiatis,</span> <span class='ocrx_word' id='word_1_145' title='bbox 1397 1373 1504 1412; x_wconf 91' lang='lat' dir='ltr'>Deus</span> <span class='ocrx_word' id='word_1_146' title='bbox 1531 1373 1722 1426; x_wconf 86' lang='lat' dir='ltr'>pertinens</span> 
     </span>
     <span class='ocr_line' id='line_1_18' title="bbox 336 1439 1722 1492; baseline -0.001 -14"><span class='ocrx_word' id='word_1_147' title='bbox 336 1452 403 1492; x_wconf 89' lang='lat' dir='ltr'>per</span> <span class='ocrx_word' id='word_1_148' title='bbox 422 1448 597 1479; x_wconf 87' lang='lat' dir='ltr'>naturam</span> <span class='ocrx_word' id='word_1_149' title='bbox 614 1439 797 1492; x_wconf 90' lang='lat' dir='ltr'>cujusque</span> <span class='ocrx_word' id='word_1_150' title='bbox 817 1439 884 1484; x_wconf 92' lang='lat' dir='ltr'>rei,</span> <span class='ocrx_word' id='word_1_151' title='bbox 899 1448 969 1492; x_wconf 89' lang='lat' dir='ltr'>per</span> <span class='ocrx_word' id='word_1_152' title='bbox 987 1448 1108 1479; x_wconf 88' lang='lat' dir='ltr'>terras</span> <span class='ocrx_word' id='word_1_153' title='bbox 1128 1440 1255 1484; x_wconf 86' lang='lat' dir='ltr'>Ceres,</span> <span class='ocrx_word' id='word_1_154' title='bbox 1273 1448 1344 1492; x_wconf 85' lang='lat' dir='ltr'>per</span> <span class='ocrx_word' id='word_1_155' title='bbox 1362 1440 1480 1478; x_wconf 82' lang='lat' dir='ltr'>maria</span> <span class='ocrx_word' id='word_1_156' title='bbox 1499 1439 1722 1491; x_wconf 90' lang='lat' dir='ltr'>Neptunus,</span> 
     </span>
     <span class='ocr_line' id='line_1_19' title="bbox 336 1504 1723 1558; baseline -0.001 -16"><span class='ocrx_word' id='word_1_157' title='bbox 336 1505 401 1543; x_wconf 83' lang='lat' dir='ltr'>alii</span> <span class='ocrx_word' id='word_1_158' title='bbox 420 1519 487 1558; x_wconf 91' lang='lat' dir='ltr'>per</span> <span class='ocrx_word' id='word_1_159' title='bbox 505 1505 589 1550; x_wconf 81' lang='lat' dir='ltr'>alia,</span> <span class='ocrx_word' id='word_1_160' title='bbox 619 1514 800 1558; x_wconf 87' lang='lat' dir='ltr'>poterunt</span> <span class='ocrx_word' id='word_1_161' title='bbox 819 1505 999 1558; x_wconf 90' lang='lat' dir='ltr'>intelligi,</span> <span class='ocrx_word' id='word_1_162' title='bbox 1034 1506 1117 1557; x_wconf 84' lang='lat' dir='ltr'>qui,</span> <span class='ocrx_word' id='word_1_163' title='bbox 1148 1504 1351 1557; x_wconf 89' lang='lat' dir='ltr'>qualesque</span> <span class='ocrx_word' id='word_1_164' title='bbox 1371 1505 1456 1549; x_wconf 88' lang='lat' dir='ltr'>fint,</span> <span class='ocrx_word' id='word_1_165' title='bbox 1486 1517 1641 1556; x_wconf 91' lang='lat' dir='ltr'>quoque</span> <span class='ocrx_word' id='word_1_166' title='bbox 1660 1517 1723 1542; x_wconf 84' lang='lat' dir='ltr'>eos</span> 
     </span>
     <span class='ocr_line' id='line_1_20' title="bbox 335 1569 1724 1620; baseline -0.001 -12"><span class='ocrx_word' id='word_1_167' title='bbox 335 1571 494 1608; x_wconf 89' lang='lat' dir='ltr'>nomine</span> <span class='ocrx_word' id='word_1_168' title='bbox 512 1570 746 1609; x_wconf 88' lang='lat' dir='ltr'>consuetudo</span> <span class='ocrx_word' id='word_1_169' title='bbox 761 1571 1050 1620; x_wconf 91' lang='lat' dir='ltr'>nuncupaverit,</span> <span class='ocrx_word' id='word_1_170' title='bbox 1063 1583 1159 1620; x_wconf 89' lang='lat' dir='ltr'>quos</span> <span class='ocrx_word' id='word_1_171' title='bbox 1173 1570 1277 1606; x_wconf 85' lang='lat' dir='ltr'>Deos</span> <span class='ocrx_word' id='word_1_172' title='bbox 1293 1579 1331 1607; x_wconf 93' lang='lat' dir='ltr'>et</span> <span class='ocrx_word' id='word_1_173' title='bbox 1347 1569 1527 1613; x_wconf 89' lang='lat' dir='ltr'>venerari,</span> <span class='ocrx_word' id='word_1_174' title='bbox 1543 1577 1581 1606; x_wconf 91' lang='lat' dir='ltr'>et</span> <span class='ocrx_word' id='word_1_175' title='bbox 1600 1569 1724 1606; x_wconf 89' lang='lat' dir='ltr'>colere</span> 
     </span>
     <span class='ocr_line' id='line_1_21' title="bbox 334 1633 1723 1686; baseline -0.001 -13"><span class='ocrx_word' id='word_1_176' title='bbox 334 1635 533 1673; x_wconf 87' lang='lat' dir='ltr'>debemus.</span> <span class='ocrx_word' id='word_1_177' title='bbox 576 1634 715 1672; x_wconf 92' lang='lat' dir='ltr'>Cultus</span> <span class='ocrx_word' id='word_1_178' title='bbox 735 1642 864 1671; x_wconf 90' lang='lat' dir='ltr'>autem</span> <span class='ocrx_word' id='word_1_179' title='bbox 885 1633 1058 1671; x_wconf 89' lang='lat' dir='ltr'>Deorum</span> <span class='ocrx_word' id='word_1_180' title='bbox 1077 1633 1131 1671; x_wconf 91' lang='lat' dir='ltr'>est</span> <span class='ocrx_word' id='word_1_181' title='bbox 1150 1633 1336 1686; x_wconf 90' lang='lat' dir='ltr'>optimus,</span> <span class='ocrx_word' id='word_1_182' title='bbox 1367 1633 1550 1685; x_wconf 89' lang='lat' dir='ltr'>idemque</span> <span class='ocrx_word' id='word_1_183' title='bbox 1569 1633 1723 1671; x_wconf 86' lang='lat' dir='ltr'>castiffi-</span> 
     </span>
     <span class='ocr_line' id='line_1_22' title="bbox 336 1697 1725 1752; baseline -0.001 -14"><span class='ocrx_word' id='word_1_184' title='bbox 336 1711 438 1744; x_wconf 88' lang='lat' dir='ltr'>mus,</span> <span class='ocrx_word' id='word_1_185' title='bbox 464 1708 577 1752; x_wconf 91' lang='lat' dir='ltr'>atque</span> <span class='ocrx_word' id='word_1_186' title='bbox 596 1697 856 1743; x_wconf 73' lang='lat' dir='ltr'>sanffiffimus,</span> <span class='ocrx_word' id='word_1_187' title='bbox 888 1697 1198 1751; x_wconf 88' lang='lat' dir='ltr'>pleniffimusque</span> <span class='ocrx_word' id='word_1_188' title='bbox 1227 1698 1392 1750; x_wconf 90' lang='lat' dir='ltr'>pietatis,</span> <span class='ocrx_word' id='word_1_189' title='bbox 1423 1706 1466 1735; x_wconf 92' lang='lat' dir='ltr'>ut</span> <span class='ocrx_word' id='word_1_190' title='bbox 1495 1710 1558 1735; x_wconf 93' lang='lat' dir='ltr'>eos</span> <span class='ocrx_word' id='word_1_191' title='bbox 1579 1698 1725 1750; x_wconf 89' lang='lat' dir='ltr'>semper</span> 
     </span>
     <span class='ocr_line' id='line_1_23' title="bbox 333 1763 1724 1818; baseline -0.002 -15"><span class='ocrx_word' id='word_1_192' title='bbox 333 1777 441 1818; x_wconf 88' lang='lat' dir='ltr'>pura,</span> <span class='ocrx_word' id='word_1_193' title='bbox 472 1765 630 1818; x_wconf 86' lang='lat' dir='ltr'>integra,</span> <span class='ocrx_word' id='word_1_194' title='bbox 660 1764 882 1817; x_wconf 89' lang='lat' dir='ltr'>incorrupta</span> <span class='ocrx_word' id='word_1_195' title='bbox 909 1772 950 1801; x_wconf 90' lang='lat' dir='ltr'>et</span> <span class='ocrx_word' id='word_1_196' title='bbox 979 1772 1123 1807; x_wconf 90' lang='lat' dir='ltr'>mente,</span> <span class='ocrx_word' id='word_1_197' title='bbox 1152 1771 1191 1800; x_wconf 93' lang='lat' dir='ltr'>et</span> <span class='ocrx_word' id='word_1_198' title='bbox 1220 1776 1313 1800; x_wconf 91' lang='lat' dir='ltr'>voce</span> <span class='ocrx_word' id='word_1_199' title='bbox 1342 1775 1578 1801; x_wconf 87' lang='lat' dir='ltr'>veneremur.</span> <span class='ocrx_word' id='word_1_200' title='bbox 1628 1763 1724 1801; x_wconf 90' lang='lat' dir='ltr'>Non</span> 
     </span>
     <span class='ocr_line' id='line_1_24' title="bbox 333 1826 1724 1883; baseline -0.001 -15"><span class='ocrx_word' id='word_1_201' title='bbox 333 1830 440 1868; x_wconf 89' lang='lat' dir='ltr'>enim</span> <span class='ocrx_word' id='word_1_202' title='bbox 459 1828 680 1883; x_wconf 89' lang='lat' dir='ltr'>philosophi</span> <span class='ocrx_word' id='word_1_203' title='bbox 699 1829 837 1874; x_wconf 89' lang='lat' dir='ltr'>solum,</span> <span class='ocrx_word' id='word_1_204' title='bbox 867 1842 999 1867; x_wconf 90' lang='lat' dir='ltr'>verum</span> <span class='ocrx_word' id='word_1_205' title='bbox 1029 1828 1144 1866; x_wconf 91' lang='lat' dir='ltr'>etiam</span> <span class='ocrx_word' id='word_1_206' title='bbox 1163 1829 1322 1880; x_wconf 89' lang='lat' dir='ltr'>majores</span> <span class='ocrx_word' id='word_1_207' title='bbox 1354 1827 1469 1865; x_wconf 87' lang='lat' dir='ltr'>nostri</span> <span class='ocrx_word' id='word_1_208' title='bbox 1487 1826 1724 1879; x_wconf 89' lang='lat' dir='ltr'>superstitio-</span> 
     </span>
     <span class='ocr_line' id='line_1_25' title="bbox 335 1893 1723 1947; baseline -0.002 -14"><span class='ocrx_word' id='word_1_209' title='bbox 335 1908 427 1933; x_wconf 80' lang='lat' dir='ltr'>nem</span> <span class='ocrx_word' id='word_1_210' title='bbox 460 1908 481 1932; x_wconf 90' lang='lat' dir='ltr'>a</span> <span class='ocrx_word' id='word_1_211' title='bbox 511 1894 692 1947; x_wconf 89' lang='lat' dir='ltr'>religione</span> <span class='ocrx_word' id='word_1_212' title='bbox 712 1894 985 1946; x_wconf 85' lang='lat' dir='ltr'>separaverunt.</span> <span class='ocrx_word' id='word_1_213' title='bbox 1028 1894 1134 1932; x_wconf 92' lang='lat' dir='ltr'>Nam</span> <span class='ocrx_word' id='word_1_214' title='bbox 1155 1893 1222 1945; x_wconf 89' lang='lat' dir='ltr'>qui</span> <span class='ocrx_word' id='word_1_215' title='bbox 1243 1902 1342 1931; x_wconf 90' lang='lat' dir='ltr'>totos</span> <span class='ocrx_word' id='word_1_216' title='bbox 1363 1893 1440 1931; x_wconf 90' lang='lat' dir='ltr'>dies</span> <span class='ocrx_word' id='word_1_217' title='bbox 1460 1893 1723 1945; x_wconf 88' lang='lat' dir='ltr'>precabantur,</span> 
     </span>
     <span class='ocr_line' id='line_1_26' title="bbox 335 1957 1728 2011; baseline -0.001 -15"><span class='ocrx_word' id='word_1_218' title='bbox 335 1968 374 1997; x_wconf 91' lang='lat' dir='ltr'>et</span> <span class='ocrx_word' id='word_1_219' title='bbox 405 1959 673 2004; x_wconf 88' lang='lat' dir='ltr'>immolabant,</span> <span class='ocrx_word' id='word_1_220' title='bbox 704 1968 747 1997; x_wconf 90' lang='lat' dir='ltr'>ut</span> <span class='ocrx_word' id='word_1_221' title='bbox 776 1957 833 1997; x_wconf 90' lang='lat' dir='ltr'>sui</span> <span class='ocrx_word' id='word_1_222' title='bbox 863 1959 931 1997; x_wconf 83' lang='lat' dir='ltr'>fibi</span> <span class='ocrx_word' id='word_1_223' title='bbox 962 1958 1073 1996; x_wconf 86' lang='lat' dir='ltr'>liberi</span> <span class='ocrx_word' id='word_1_224' title='bbox 1103 1957 1314 2011; x_wconf 87' lang='lat' dir='ltr'>superstites</span> <span class='ocrx_word' id='word_1_225' title='bbox 1347 1957 1478 2002; x_wconf 77' lang='lat' dir='ltr'>essent,</span> <span class='ocrx_word' id='word_1_226' title='bbox 1494 1957 1728 2010; x_wconf 74' lang='lat' dir='ltr'>ficpetstiticfi</span> 
     </span>
     <span class='ocr_line' id='line_1_27' title="bbox 335 2023 1723 2077; baseline -0.001 -14"><span class='ocrx_word' id='word_1_227' title='bbox 335 2024 422 2063; x_wconf 91' lang='lat' dir='ltr'>sunt</span> <span class='ocrx_word' id='word_1_228' title='bbox 440 2024 619 2077; x_wconf 89' lang='lat' dir='ltr'>appellati</span> <span class='ocrx_word' id='word_1_229' title='bbox 634 2041 646 2069; x_wconf 71' lang='grc' dir='ltr'><strong><em>ς</em></strong></span> <span class='ocrx_word' id='word_1_230' title='bbox 677 2024 782 2076; x_wconf 93' lang='lat' dir='ltr'>quod</span> <span class='ocrx_word' id='word_1_231' title='bbox 814 2037 956 2062; x_wconf 89' lang='lat' dir='ltr'>nomen</span> <span class='ocrx_word' id='word_1_232' title='bbox 986 2023 1112 2076; x_wconf 89' lang='lat' dir='ltr'>postea</span> <span class='ocrx_word' id='word_1_233' title='bbox 1148 2023 1261 2062; x_wconf 87' lang='lat' dir='ltr'>latius</span> <span class='ocrx_word' id='word_1_234' title='bbox 1291 2023 1429 2077; x_wconf 90' lang='lat' dir='ltr'>patuit.</span> <span class='ocrx_word' id='word_1_235' title='bbox 1479 2023 1561 2074; x_wconf 85' lang='lat' dir='ltr'>Qi</span> <span class='ocrx_word' id='word_1_236' title='bbox 1594 2033 1723 2061; x_wconf 87' lang='lat' dir='ltr'>autem</span> 
     </span>
     <span class='ocr_line' id='line_1_28' title="bbox 334 2088 1723 2142; baseline -0.001 -14"><span class='ocrx_word' id='word_1_237' title='bbox 334 2090 480 2135; x_wconf 89' lang='lat' dir='ltr'>omnia,</span> <span class='ocrx_word' id='word_1_238' title='bbox 507 2103 592 2142; x_wconf 86' lang='lat' dir='ltr'>quae</span> <span class='ocrx_word' id='word_1_239' title='bbox 611 2089 657 2127; x_wconf 90' lang='lat' dir='ltr'>ad</span> <span class='ocrx_word' id='word_1_240' title='bbox 676 2089 830 2128; x_wconf 87' lang='lat' dir='ltr'>cultum</span> <span class='ocrx_word' id='word_1_241' title='bbox 850 2090 1024 2128; x_wconf 88' lang='lat' dir='ltr'>Deorum</span> <span class='ocrx_word' id='word_1_242' title='bbox 1043 2089 1288 2141; x_wconf 89' lang='lat' dir='ltr'>pertinerent,</span> <span class='ocrx_word' id='word_1_243' title='bbox 1319 2088 1520 2141; x_wconf 90' lang='lat' dir='ltr'>diligenter</span> <span class='ocrx_word' id='word_1_244' title='bbox 1547 2091 1723 2126; x_wconf 61' lang='lat' dir='ltr'>retraeta-</span> 
     </span>
     <span class='ocr_line' id='line_1_29' title="bbox 336 2154 1725 2206; baseline -0.001 -13"><span class='ocrx_word' id='word_1_245' title='bbox 336 2164 433 2200; x_wconf 89' lang='lat' dir='ltr'>rent,</span> <span class='ocrx_word' id='word_1_246' title='bbox 463 2163 502 2193; x_wconf 87' lang='lat' dir='ltr'>et</span> <span class='ocrx_word' id='word_1_247' title='bbox 521 2164 702 2206; x_wconf 89' lang='lat' dir='ltr'>tanquam</span> <span class='ocrx_word' id='word_1_248' title='bbox 723 2154 943 2206; x_wconf 89' lang='lat' dir='ltr'>relegerent,</span> <span class='ocrx_word' id='word_1_249' title='bbox 974 2154 1060 2192; x_wconf 87' lang='lat' dir='ltr'>sunt</span> <span class='ocrx_word' id='word_1_250' title='bbox 1079 2154 1171 2192; x_wconf 56' lang='lat' dir='ltr'>dicti</span> <span class='ocrx_word' id='word_1_251' title='bbox 1190 2154 1348 2206; x_wconf 65' lang='lat' dir='ltr'>reltgz‘cfi,</span> <span class='ocrx_word' id='word_1_252' title='bbox 1378 2166 1425 2192; x_wconf 90' lang='lat' dir='ltr'>ex</span> <span class='ocrx_word' id='word_1_253' title='bbox 1446 2154 1658 2206; x_wconf 90' lang='lat' dir='ltr'>relegendo,</span> <span class='ocrx_word' id='word_1_254' title='bbox 1682 2163 1725 2191; x_wconf 92' lang='lat' dir='ltr'>ut</span> 
     </span>
     <span class='ocr_line' id='line_1_30' title="bbox 336 2219 1722 2272; baseline -0.001 -14"><span class='ocrx_word' id='word_1_255' title='bbox 336 2221 508 2272; x_wconf 80' lang='lat' dir='ltr'>elegantes</span> <span class='ocrx_word' id='word_1_256' title='bbox 524 2232 572 2258; x_wconf 85' lang='lat' dir='ltr'>ex</span> <span class='ocrx_word' id='word_1_257' title='bbox 590 2219 781 2271; x_wconf 88' lang='lat' dir='ltr'>eligendo,</span> <span class='ocrx_word' id='word_1_258' title='bbox 812 2228 993 2272; x_wconf 91' lang='lat' dir='ltr'>tanquam</span> <span class='ocrx_word' id='word_1_259' title='bbox 1013 2233 1034 2257; x_wconf 93' lang='lat' dir='ltr'>a</span> <span class='ocrx_word' id='word_1_260' title='bbox 1052 2219 1246 2271; x_wconf 87' lang='lat' dir='ltr'>diligendo</span> <span class='ocrx_word' id='word_1_261' title='bbox 1275 2219 1468 2272; x_wconf 79' lang='lat' dir='ltr'>diligentes,</span> <span class='ocrx_word' id='word_1_262' title='bbox 1499 2233 1544 2257; x_wconf 89' lang='lat' dir='ltr'>ex</span> <span class='ocrx_word' id='word_1_263' title='bbox 1577 2219 1722 2256; x_wconf 89' lang='lat' dir='ltr'>intelli-</span> 
     </span>
     <span class='ocr_line' id='line_1_31' title="bbox 338 2283 1723 2338; baseline -0.003 -15"><span class='ocrx_word' id='word_1_264' title='bbox 338 2284 461 2338; x_wconf 86' lang='lat' dir='ltr'>gendo</span> <span class='ocrx_word' id='word_1_265' title='bbox 478 2284 723 2336; x_wconf 83' lang='lat' dir='ltr'>intelligentes.</span> <span class='ocrx_word' id='word_1_266' title='bbox 757 2284 832 2322; x_wconf 87' lang='lat' dir='ltr'>His</span> <span class='ocrx_word' id='word_1_267' title='bbox 852 2285 957 2322; x_wconf 90' lang='lat' dir='ltr'>enim</span> <span class='ocrx_word' id='word_1_268' title='bbox 978 2285 1017 2322; x_wconf 91' lang='lat' dir='ltr'>in</span> <span class='ocrx_word' id='word_1_269' title='bbox 1037 2284 1161 2322; x_wconf 88' lang='lat' dir='ltr'>verbis</span> <span class='ocrx_word' id='word_1_270' title='bbox 1181 2285 1362 2323; x_wconf 88' lang='lat' dir='ltr'>omnibus</span> <span class='ocrx_word' id='word_1_271' title='bbox 1383 2284 1477 2321; x_wconf 87' lang='lat' dir='ltr'>inest</span> <span class='ocrx_word' id='word_1_272' title='bbox 1497 2285 1552 2320; x_wconf 82' lang='lat' dir='ltr'>vis</span> <span class='ocrx_word' id='word_1_273' title='bbox 1574 2283 1723 2334; x_wconf 81' lang='lat' dir='ltr'>legendi</span> 
     </span>
     <span class='ocr_line' id='line_1_32' title="bbox 337 2349 1721 2402; baseline -0.001 -15"><span class='ocrx_word' id='word_1_274' title='bbox 337 2350 483 2395; x_wconf 86' lang='lat' dir='ltr'>eadem,</span> <span class='ocrx_word' id='word_1_275' title='bbox 503 2363 620 2402; x_wconf 88' lang='lat' dir='ltr'>quam</span> <span class='ocrx_word' id='word_1_276' title='bbox 638 2350 679 2387; x_wconf 88' lang='lat' dir='ltr'>in</span> <span class='ocrx_word' id='word_1_277' title='bbox 699 2349 885 2402; x_wconf 84' lang='lat' dir='ltr'>religiosO.</span> <span class='ocrx_word' id='word_1_278' title='bbox 918 2351 974 2388; x_wconf 91' lang='lat' dir='ltr'>Ita</span> <span class='ocrx_word' id='word_1_279' title='bbox 993 2349 1138 2388; x_wconf 64' lang='lat' dir='ltr'>factum</span> <span class='ocrx_word' id='word_1_280' title='bbox 1158 2350 1208 2388; x_wconf 90' lang='lat' dir='ltr'>est</span> <span class='ocrx_word' id='word_1_281' title='bbox 1229 2351 1267 2388; x_wconf 90' lang='lat' dir='ltr'>in</span> <span class='ocrx_word' id='word_1_282' title='bbox 1289 2349 1551 2402; x_wconf 86' lang='lat' dir='ltr'>superstitioso,</span> <span class='ocrx_word' id='word_1_283' title='bbox 1577 2359 1613 2385; x_wconf 87' lang='lat' dir='ltr'>et</span> <span class='ocrx_word' id='word_1_284' title='bbox 1633 2349 1721 2385; x_wconf 84' lang='lat' dir='ltr'>reli-</span> 
     </span>
     <span class='ocr_line' id='line_1_33' title="bbox 338 2413 1720 2468; baseline -0.002 -16"><span class='ocrx_word' id='word_1_285' title='bbox 338 2414 456 2468; x_wconf 89' lang='lat' dir='ltr'>gioso,</span> <span class='ocrx_word' id='word_1_286' title='bbox 477 2415 639 2453; x_wconf 84' lang='lat' dir='ltr'>alterum</span> <span class='ocrx_word' id='word_1_287' title='bbox 658 2415 742 2452; x_wconf 81' lang='lat' dir='ltr'>vitii</span> <span class='ocrx_word' id='word_1_288' title='bbox 762 2428 917 2460; x_wconf 89' lang='lat' dir='ltr'>nomen,</span> <span class='ocrx_word' id='word_1_289' title='bbox 936 2415 1096 2453; x_wconf 89' lang='lat' dir='ltr'>alterum</span> <span class='ocrx_word' id='word_1_290' title='bbox 1117 2415 1251 2453; x_wconf 85' lang='lat' dir='ltr'>laudis.</span> <span class='ocrx_word' id='word_1_291' title='bbox 1280 2417 1338 2453; x_wconf 91' lang='lat' dir='ltr'>Ac</span> <span class='ocrx_word' id='word_1_292' title='bbox 1359 2413 1457 2452; x_wconf 86' lang='lat' dir='ltr'>mihi</span> <span class='ocrx_word' id='word_1_293' title='bbox 1480 2413 1606 2451; x_wconf 79' lang='lat' dir='ltr'>videor</span> <span class='ocrx_word' id='word_1_294' title='bbox 1622 2413 1720 2456; x_wconf 72' lang='lat' dir='ltr'>satis,</span> 
     </span>
     <span class='ocr_line' id='line_1_34' title="bbox 338 2479 1193 2531; baseline 0 -13"><span class='ocrx_word' id='word_1_295' title='bbox 338 2490 376 2518; x_wconf 89' lang='lat' dir='ltr'>et</span> <span class='ocrx_word' id='word_1_296' title='bbox 395 2479 464 2518; x_wconf 89' lang='lat' dir='ltr'>esse</span> <span class='ocrx_word' id='word_1_297' title='bbox 484 2480 601 2524; x_wconf 90' lang='lat' dir='ltr'>Deos,</span> <span class='ocrx_word' id='word_1_298' title='bbox 632 2488 669 2517; x_wconf 92' lang='lat' dir='ltr'>et</span> <span class='ocrx_word' id='word_1_299' title='bbox 688 2480 816 2531; x_wconf 90' lang='lat' dir='ltr'>quales</span> <span class='ocrx_word' id='word_1_300' title='bbox 835 2480 964 2525; x_wconf 78' lang='lat' dir='ltr'>essent,</span> <span class='ocrx_word' id='word_1_301' title='bbox 984 2480 1193 2519; x_wconf 76' lang='lat' dir='ltr'>ostendisse.</span> 
     </span>
    </p>

    <p class='ocr_par' dir='ltr' id='par_1_5' title="bbox 342 2543 1723 2663">
     <span class='ocr_line' id='line_1_35' title="bbox 402 2543 1723 2595; baseline -0.002 -12"><span class='ocrx_word' id='word_1_302' title='bbox 402 2546 553 2584; x_wconf 88' lang='lat' dir='ltr'>XXIX.</span> <span class='ocrx_word' id='word_1_303' title='bbox 601 2545 828 2583; x_wconf 88' lang='lat' dir='ltr'>Proximum</span> <span class='ocrx_word' id='word_1_304' title='bbox 866 2545 931 2590; x_wconf 91' lang='lat' dir='ltr'>est,</span> <span class='ocrx_word' id='word_1_305' title='bbox 967 2555 1009 2583; x_wconf 92' lang='lat' dir='ltr'>ut</span> <span class='ocrx_word' id='word_1_306' title='bbox 1047 2546 1224 2588; x_wconf 89' lang='lat' dir='ltr'>doceam,</span> <span class='ocrx_word' id='word_1_307' title='bbox 1266 2545 1438 2582; x_wconf 86' lang='lat' dir='ltr'>Deorum</span> <span class='ocrx_word' id='word_1_308' title='bbox 1488 2543 1723 2595; x_wconf 67' lang='lat' dir='ltr'>providentia</span> 
     </span>
     <span class='ocr_line' id='line_1_36' title="bbox 342 2607 1721 2663; baseline -0.003 -13"><span class='ocrx_word' id='word_1_309' title='bbox 342 2610 534 2650; x_wconf 90' lang='lat' dir='ltr'>mundum</span> <span class='ocrx_word' id='word_1_310' title='bbox 554 2609 817 2649; x_wconf 85' lang='lat' dir='ltr'>administrari.</span> <span class='ocrx_word' id='word_1_311' title='bbox 859 2610 1027 2663; x_wconf 88' lang='lat' dir='ltr'>Magnus</span> <span class='ocrx_word' id='word_1_312' title='bbox 1053 2609 1134 2648; x_wconf 87' lang='lat' dir='ltr'>sane</span> <span class='ocrx_word' id='word_1_313' title='bbox 1155 2610 1276 2651; x_wconf 90' lang='lat' dir='ltr'>locus,</span> <span class='ocrx_word' id='word_1_314' title='bbox 1309 2617 1346 2645; x_wconf 93' lang='lat' dir='ltr'>et</span> <span class='ocrx_word' id='word_1_315' title='bbox 1377 2621 1396 2645; x_wconf 88' lang='lat' dir='ltr'>a</span> <span class='ocrx_word' id='word_1_316' title='bbox 1421 2607 1561 2653; x_wconf 80' lang='lat' dir='ltr'>vestris,</span> <span class='ocrx_word' id='word_1_317' title='bbox 1594 2609 1721 2653; x_wconf 78' lang='lat' dir='ltr'>Cotta.</span> 
     </span>
    </p>

    <p class='ocr_par' dir='ltr' id='par_1_6' title="bbox 449 2674 1424 2717">
     <span class='ocr_line' id='line_1_37' title="bbox 449 2674 1424 2717; baseline -0.005 0"><span class='ocrx_word' id='word_1_318' title='bbox 449 2677 488 2717; x_wconf 84' lang='lat' dir='ltr'>T</span> <span class='ocrx_word' id='word_1_319' title='bbox 506 2689 529 2716; x_wconf 92' lang='grc' dir='ltr'>ο</span> <span class='ocrx_word' id='word_1_320' title='bbox 548 2688 600 2716; x_wconf 85' lang='grc' dir='ltr'>Μ.</span> <span class='ocrx_word' id='word_1_321' title='bbox 630 2676 684 2715; x_wconf 89' lang='lat'>11.</span> <span class='ocrx_word' id='word_1_322' title='bbox 1254 2674 1302 2713; x_wconf 90' lang='lat' dir='ltr'>M</span> <span class='ocrx_word' id='word_1_323' title='bbox 1323 2688 1362 2713; x_wconf 85' lang='lat' dir='ltr'>m</span> <span class='ocrx_word' id='word_1_324' title='bbox 1385 2687 1424 2712; x_wconf 86' lang='lat' dir='ltr'>m</span> 
     </span>
    </p>
   </div>
  </div>
 </body>
</html>
