2330 2983
814 254 1454 294 LUcULLUS.
1812 269 1838 309 7

433 354 557 399 Nam,
596 353 702 406 quod
734 352 873 391 dicunt
893 353 1027 391 omnia
1049 353 1084 391 se
1104 352 1260 391 credere
1282 353 1332 398 ei,
1369 366 1490 405 quem
1506 351 1691 404 judicent
1718 351 1834 392 fuiffe

434 420 671 472 sapientem:
694 419 918 472 probarem,
941 419 968 457 fi
988 419 1029 456 id
1052 419 1181 471 ipsum
1204 418 1317 457 rudes
1338 428 1377 456 et
1397 418 1545 456 indocti
1562 418 1742 471 judicare
1758 433 1833 471 po-

435 485 606 525 tuissent.
633 485 807 523 Statuere
827 486 950 530 enim,
969 485 1038 537 qui
1061 484 1105 522 fit
1126 484 1290 536 sapiens,
1308 484 1368 521 vel
1391 485 1564 521 maxime
1586 484 1742 522 videtur
1758 484 1833 523 effe

433 551 631 603 sapientis.
665 550 753 596 Sed,
777 560 820 589 ut
841 551 1059 603 potuerint,
1083 558 1299 602 potuerunt
1320 549 1508 587 omnibus
1531 549 1646 587 rebus
1668 550 1827 595 auditis,

431 616 602 669 cognitis
622 617 741 655 etiam
771 617 1017 669 reliquorum
1050 616 1267 654 sententiis.
1311 616 1596 666 Judicaverunt
1626 624 1758 654 autem
1790 630 1830 654 re

432 681 550 720 semel
573 682 719 728 audita,
741 692 858 735 atque
878 682 925 721 ad
946 683 1063 720 unius
1086 682 1122 720 se
1144 681 1416 720 auctoritatem
1440 680 1710 719 contulerunt.
1756 680 1830 719 Sed

431 747 562 786 nescio
582 763 663 802 quo
684 749 804 788 modo
823 749 1003 802 plerique
1022 761 1146 786 errare
1178 747 1349 792 malunt,
1386 760 1552 800 eamque
1578 747 1828 792 sententiam,

430 826 549 865 quam
569 813 860 859 adamaverunt,
897 813 1180 866 pugnaciffime
1209 811 1431 857 defendere,
1463 825 1583 864 quarn
1604 813 1682 850 fine
1702 812 1828 864 perti-

429 879 553 923 nacia,
585 880 682 932 quid
703 879 1005 917 constantiffime
1025 879 1193 922 dicatur,
1224 879 1444 929 exquirere.

492 944 653 994 Qibus
675 944 722 980 de
742 944 858 981 rebus
878 952 917 980 et
937 943 1029 979 alias
1052 943 1148 994 saepe
1169 943 1285 979 nobis
1307 942 1433 979 multa
1453 941 1611 993 quaefita
1631 949 1669 978 et
1690 941 1828 993 dispu-

430 1017 508 1046 tata
529 1008 632 1053 sunt,
669 1017 709 1046 et
729 1007 929 1060 quondam
951 1007 993 1045 in
1015 1007 1219 1045 Hortensii
1241 1007 1349 1052 villa,
1389 1020 1476 1058 quae
1504 1006 1557 1044 est
1584 1005 1632 1043 ad
1667 1007 1826 1052 Baulos,

431 1087 522 1111 cum
545 1087 590 1111 eo
613 1074 795 1117 Catulus,
814 1082 853 1111 et
874 1072 1086 1116 Lucullus,
1110 1072 1257 1124 nosque
1278 1072 1347 1125 ipsi
1370 1071 1557 1124 postridie
1577 1070 1827 1116 veniffemus,

430 1153 549 1192 quarn
571 1139 674 1193 apud
696 1140 886 1178 Catulum
907 1137 1128 1176 fuiffemus.
1173 1140 1267 1194 Qo
1297 1138 1460 1189 quidem
1482 1137 1601 1175 etiam
1633 1138 1827 1175 maturius

429 1205 626 1251 venimus,
659 1205 766 1258 quod
797 1214 878 1243 erat
907 1204 1184 1249 constitutum,
1221 1204 1247 1242 fi
1280 1214 1420 1242 ventus
1447 1203 1552 1248 effet,
1590 1202 1765 1240 Lucullo
1785 1203 1830 1240 in

428 1270 757 1323 Neapolitanum,
790 1271 893 1309 mihi
923 1272 963 1309 in
986 1271 1290 1323 Pompeia-num,
1323 1270 1516 1322 navigare.
1563 1269 1671 1306 Cum
1703 1269 1829 1320 igitur

428 1350 551 1388 pauca
570 1338 611 1375 in
629 1337 739 1389 xysto
756 1337 882 1374 locuti
900 1336 1079 1381 effemus,
1099 1345 1187 1374 tum
1203 1335 1342 1373 eodem
1359 1336 1399 1373 in
1416 1335 1540 1388 spatio
1557 1333 1824 1374 consedimus.

491 1402 563 1439 IV.
595 1402 677 1439 Hic
708 1401 888 1443 Catulus,
922 1401 1003 1438 Etsi
1024 1399 1124 1445 heri,
1158 1401 1309 1451 inquit,
1340 1400 1395 1443 id,
1429 1400 1536 1452 quod
1563 1401 1824 1452 quaerebatur,

431 1479 531 1518 pene
561 1466 805 1518 explicatum
838 1463 906 1508 est,
941 1473 986 1501 ut
1016 1472 1097 1501 tota
1125 1464 1206 1502 fere
1235 1463 1396 1515 quaestio
1426 1467 1585 1502 tractata
1618 1465 1824 1504 videatur:

431 1542 561 1570 tamen
585 1532 748 1582 expecto
768 1544 824 1574 ea,
861 1543 947 1581 quae
970 1538 1007 1567 te
1027 1529 1234 1581 pollicitus
1255 1542 1310 1574 es,
1338 1529 1526 1574 Luculle,
1549 1530 1597 1568 ab
1619 1530 1827 1569 Antiocho

429 1597 572 1642 audita,
591 1596 804 1634 dicturum.
838 1594 1052 1648 Equidem,
1072 1595 1206 1648 inquit
1227 1595 1478 1640 Hortensius,
1496 1595 1574 1634 feci
1595 1597 1685 1649 plus
1707 1611 1829 1649 quam

427 1662 585 1701 vellem.
627 1664 775 1701 Totam
806 1662 914 1700 enim
943 1675 1025 1699 rem
1053 1661 1227 1700 Lucullo
1247 1662 1443 1713 integram
1465 1661 1603 1699 servari
1630 1663 1825 1715 oportuit.

426 1729 482 1767 Et
503 1737 634 1767 tamen
654 1727 809 1766 fortasse
831 1727 975 1766 servata
995 1727 1062 1766 est.
1104 1729 1141 1765 A
1164 1741 1226 1765 me
1247 1728 1355 1765 enim
1377 1741 1435 1773 ea,
1462 1741 1551 1781 quae
1571 1728 1611 1766 in
1632 1738 1826 1782 promptu

428 1803 552 1840 erant,
584 1794 685 1833 dicta
706 1794 795 1833 sunt
815 1809 824 1833 :
858 1808 877 1831 a
897 1793 1073 1832 Lucullo
1092 1803 1225 1831 autem
1247 1792 1512 1832 reconditiora
1531 1793 1718 1833 defidero.

480 1861 592 1899 Tum
611 1860 694 1905 ille,
717 1860 813 1898 Non
836 1859 936 1905 sane,
959 1859 1107 1912 inquit,
1131 1860 1333 1903 Hortensi,
1357 1859 1570 1897 conturbat
1591 1873 1654 1896 me
1675 1872 1821 1912 expec-

425 1925 525 1964 tatio
557 1935 650 1970 tua;
683 1926 749 1963 ets1
783 1924 886 1963 nihil
917 1925 970 1963 est
991 1925 1054 1969 iis,
1089 1925 1158 1977 qui
1180 1925 1331 1977 placere
1353 1924 1508 1970 volunt,
1544 1934 1624 1963 tam
1645 1925 1823 1963 adversa-

425 1991 552 2030 rium:
577 1990 640 2029 sed
656 1991 749 2044 quia
766 2004 844 2028 non
863 1990 999 2028 laboro
1015 2004 1134 2043 quam
1152 1990 1262 2028 valde
1279 2004 1335 2035 ea,
1355 2003 1441 2042 quae
1462 1990 1566 2035 dico,
1585 1991 1822 2043 probaturus

424 2058 509 2103 sim,
545 2071 591 2096 eo
613 2058 745 2095 minus
766 2056 997 2095 conturbor.
1042 2057 1187 2095 Dicam
1208 2057 1331 2102 enim,
1368 2070 1440 2094 nec
1462 2070 1562 2102 mea,
1600 2070 1670 2094 nec
1691 2070 1747 2103 ea,
1779 2058 1823 2096 in

423 2124 585 2176 quibu8‚
608 2124 634 2162 fi
656 2137 735 2162 non
756 2121 920 2168 fuerim,
941 2137 1019 2161 non
1042 2123 1148 2161 vinci
1169 2136 1233 2161 me
1254 2123 1394 2161 malim
1415 2136 1535 2175 quam
1551 2123 1721 2161 vincere.
1746 2122 1823 2161 Sed

423 2188 666 2235 mehercule,
704 2199 748 2228 ut
769 2189 932 2242 quidem
965 2203 1070 2227 nunc
1092 2189 1128 2227 se
1149 2188 1261 2227 causa
1279 2187 1413 2233 habet,
1450 2188 1517 2226 etfi
1539 2187 1719 2226 hesterno
1739 2187 1820 2226 ser-

422 2270 542 2294 mone
562 2254 751 2294 labefacta
772 2255 840 2301 est,
877 2255 980 2294 mihi
1002 2266 1132 2294 tamen
1153 2256 1310 2294 videtur
1344 2255 1417 2293 effe
1438 2255 1641 2293 veriffima.
1688 2256 1822 2307 Agam

424 2323 546 2375 igitur
568 2323 665 2361 ficut
686 2321 912 2361 Antiochus
934 2322 1085 2375 agebat.
1128 2321 1237 2360 Nota
1257 2322 1366 2360 enirn
1387 2320 1490 2360 mihi
1511 2334 1570 2359 res
1593 2320 1661 2359 est.
1708 2321 1819 2359 Nam

422 2398 462 2426 et
483 2401 605 2426 vacuo
625 2388 757 2426 animo
776 2388 895 2426 illum
917 2388 1139 2432 audiebam,
1174 2397 1212 2426 et
1240 2400 1385 2439 magno
1406 2386 1533 2424 studio
1554 2385 1688 2424 eadem
1709 2385 1757 2423 de
1779 2399 1822 2424 re

423 2453 543 2491 etiam
565 2453 729 2506 saepius:
763 2463 807 2492 ut
834 2455 954 2492 etiam
980 2455 1171 2506 majorem
1202 2452 1516 2507 expectationem
1547 2452 1627 2490 mei
1658 2449 1821 2496 faciam,

423 2532 544 2573 quam
565 2519 685 2557 modo
704 2519 801 2559 fecit
825 2521 1075 2559 Hortensms.

479 2585 661 2637 Cumoita
679 2584 770 2625 effet
791 2586 966 2633 exorsus,
995 2586 1043 2627 ad
1069 2586 1311 2627 audiendum
1331 2585 1484 2624 animos
1504 2582 1716 2624 ereximus.
1761 2583 1819 2623 Aa
