2330 2983
746 239 1342 279 LUCULLUS.
1688 255 1738 294 53

345 339 551 379 dominum
565 337 737 377 nostrum
751 337 923 389 ignorare
932 355 943 382 ;
961 337 1104 390 quippe
1117 337 1184 389 qui
1197 336 1423 381 nesciamus,
1434 335 1509 374 Soli
1525 349 1571 374 an
1587 335 1740 375 AEtheri

345 406 562 444 serviamus.
617 402 713 441 Solis
744 411 872 440 autem
893 402 1120 454 magnitudo
1152 402 1246 455 (ipse
1276 402 1381 439 enim
1413 401 1478 439 hic
1499 402 1660 441 radiatus
1682 416 1744 440 me

346 470 488 509 intueri
507 469 674 519 videtur)
705 468 901 512 admonet,
923 476 965 504 ut
985 467 1117 505 crebro
1137 466 1275 504 faciam
1296 467 1534 505 mentionem
1556 467 1625 506 sui.
1663 468 1743 505 Vos

345 548 436 587 ergo
469 533 583 586 hujus
619 533 927 585 magnitudinem
963 532 1066 584 quasi
1098 531 1331 584 decempeda
1360 533 1545 584 permensi
1583 532 1746 571 refertis.

348 600 457 639 Huic
477 613 540 637 me
571 598 756 637 mensura:
775 597 915 642 vestrae,
943 607 981 635 et
1000 597 1123 641 vobis,
1156 597 1258 649 quafi
1279 597 1391 635 malis
1411 596 1640 642 architectis,
1677 612 1746 635 ne-

346 680 396 718 go
415 679 486 717 ego
505 664 669 702 credere.
706 663 887 702 Dubium
907 662 972 707 est,
1006 671 1090 700 uter
1110 662 1283 700 nostrum
1299 662 1361 707 fit,
1389 662 1523 700 leviter
1543 671 1586 700 ut
1603 663 1751 707 dicam,

347 730 595 769 verecundior
613 730 626 766 ?

405 798 547 849 Neque
576 806 704 834 tamen
726 795 809 834 istas
830 795 1054 848 quaestiones
1074 794 1317 848 physicorum
1340 795 1644 833 exterminandas
1671 809 1754 849 pu·-v

349 871 404 900 to.
452 862 520 900 Est
538 862 644 899 enim
664 861 882 899 animorum
904 861 1223 912 ingeniorumque
1242 860 1411 898 naturale
1429 860 1624 912 quoddam
1645 861 1750 912 quasi

350 927 539 980 pabulum
551 926 798 965 confideratio
815 925 1168 978 contemplatioque
1184 935 1338 963 naturae.
1368 925 1568 976 Erigimur
1579 944 1590 969 3
1613 926 1748 963 elatio-

350 1007 406 1031 res
428 993 508 1030 fieri
528 993 705 1029 videmur
720 1009 731 1035 ;
763 990 932 1028 humana
951 991 1206 1043 despicimus;
1236 990 1520 1042 cogitantesque
1540 991 1669 1043 supera
1689 1001 1749 1028 at-

348 1072 425 1111 que
444 1058 614 1102 caelestia‚
646 1056 728 1094 haec
759 1056 901 1100 nostra,
927 1065 971 1093 ut
1000 1057 1139 1108 exigua
1166 1065 1204 1093 et
1234 1056 1411 1100 minima,
1443 1056 1745 1094 contemnimus.

349 1123 546 1175 indagatio
566 1122 643 1174 ipsa
663 1135 791 1159 rerum
812 1131 897 1159 tum
917 1121 1195 1165 maximarum,
1223 1130 1308 1158 tum
1325 1121 1442 1158 etiam
1473 1121 1747 1158 occultiffima-

349 1202 450 1233 rum,
471 1187 589 1226 habet
607 1187 919 1225 oblectationem.
963 1187 1001 1224 Si
1021 1199 1110 1224 vero
1129 1186 1276 1238 aliquid
1301 1195 1489 1230 occurret,
1511 1186 1616 1237 quod
1647 1186 1747 1224 veri-

350 1254 472 1293 simile
493 1254 680 1297 videatur,
702 1251 974 1291 humaniffima
992 1252 1210 1304 completur
1229 1252 1381 1289 animus
1401 1252 1609 1304 voluptate.

405 1321 564 1372 Qaeret
584 1319 702 1371 igitur
727 1317 808 1356 haec
829 1328 867 1356 et
885 1317 1003 1355 vester
1022 1317 1179 1370 sapiens,
1210 1327 1247 1355 et
1267 1316 1332 1355 hic
1353 1317 1476 1355 noster
1495 1332 1504 1355 ε
1537 1317 1598 1356 sed
1617 1317 1748 1362 vester,

351 1395 395 1423 ut
414 1385 646 1428 assentiatur,
675 1384 815 1427 credat,
846 1383 1010 1421 affirmet
1025 1401 1037 1427 ς
1070 1383 1209 1427 noster,
1237 1392 1283 1420 ut
1301 1392 1469 1420 vereatur
1503 1391 1642 1421 temere
1662 1383 1748 1435 opi-

353 1452 435 1489 nari
451 1469 463 1495 3
494 1450 745 1503 praeclareque
765 1449 826 1501 agi
856 1448 985 1486 secum
1004 1456 1128 1500 putet,
1150 1449 1176 1485 fi
1197 1449 1237 1486 in
1257 1448 1447 1499 ejusmodi*
1463 1448 1589 1493 rebus,
1620 1448 1749 1486 verifi-

353 1516 446 1554 mile
467 1516 571 1568 quod
591 1515 649 1558 fit,
671 1514 870 1551 invenerit.
903 1513 1112 1550 Veniamus
1133 1526 1237 1551 nunc
1257 1513 1308 1550 ad
1323 1514 1517 1551 bonorum
1535 1514 1751 1552 malorum-

353 1595 428 1634 que
447 1581 666 1619 notionem..
706 1580 779 1617 Sed
795 1578 998 1631 paululum
1019 1588 1105 1616 ante
1125 1579 1333 1617 dicendum
1353 1579 1418 1617 est.
1455 1579 1548 1617 Non
1570 1578 1668 1617 mihi
1688 1581 1748 1617 vi-

354 1647 492 1685 dentur
512 1645 755 1690 confiderare,
777 1658 868 1683 cum
886 1643 1032 1698 physici
1049 1645 1119 1682 ista
1134 1645 1241 1683 valde
1257 1645 1462 1689 affirmant,
1484 1659 1613 1683 earum
1633 1646 1758 1684 etiam.

352 1726 480 1751 rerum
498 1712 774 1756 auctoritatem,
798 1712 823 1749 fi
844 1725 928 1763 quae
949 1711 1168 1749 illustriores
1188 1711 1400 1756 videantur,
1423 1711 1610 1750 amittere.
1654 1712 1751 1750 Non

350 1778 458 1816 enlm
486 1778 606 1830 magis
627 1777 891 1821 assentiuntur,
921 1790 1043 1828 neque
1063 1777 1275 1829 approbant
1305 1776 1430 1814 lucere
1464 1790 1581 1822 nunc,
1614 1791 1755 1829 quam,

350 1857 443 1882 cum
463 1844 597 1882 cornix
619 1843 815 1887 cecinerit,
847 1852 933 1880 tum
963 1843 1109 1894 aliquid
1130 1856 1214 1880 eam
1235 1852 1300 1880 aut
1318 1843 1467 1894 jubere,
1498 1852 1562 1880 aut
1595 1853 1747 1881 vetare:

351 1923 422 1947 nec
443 1910 564 1962 magis
585 1909 851 1953 affirmabunt,
877 1909 1028 1961 lignum
1048 1908 1159 1953 illud,
1188 1908 1212 1945 fi
1233 1918 1344 1946 erunt
1363 1909 1501 1953 menfi,
1524 1909 1590 1946 sex.
1604 1909 1760 1961 pedum,

352 1975 436 2019 effe,
459 1988 578 2026 quam
598 1974 730 2018 solem,
753 1987 870 2026 quem
891 1973 1018 2011 metiri
1050 1987 1127 2012 non
1146 1973 1310 2026 poffunt,
1338 1974 1425 2027 plus
1454 1988 1574 2026 quam
1601 1975 1750 2012 duode-

352 2040 496 2093 viginti
512 2040 681 2092 partibus
703 2040 887 2091 majorem
907 2039 975 2077 effe
995 2053 1112 2091 quam
1133 2049 1289 2077 terram.
1323 2041 1384 2077 Ex
1405 2054 1482 2092 quo
1503 2039 1571 2077 illa
1587 2041 1747 2078 conclu-

353 2106 404 2144 slo
427 2105 615 2150 nascitur3
649 2105 700 2149 Si,
729 2105 780 2143 sol
803 2114 967 2157 quantus
990 2105 1046 2149 fit,
1076 2105 1222 2158 percipi
1242 2119 1319 2143 non
1339 2105 1460 2157 potest
1476 2124 1491 2150 ;
1511 2105 1578 2157 qui
1598 2116 1747 2144 caeteras

353 2185 409 2210 res
430 2172 565 2210 eodem
585 2170 715 2215 modo,
752 2184 829 2222 quo
850 2171 1159 2223 magnitudinem
1180 2171 1291 2215 solis„
1316 2171 1513 2223 approbat,
1544 2172 1575 2209 is
1606 2185 1665 2209 eas
1692 2184 1748 2209 res

353 2250 433 2274 non
451 2236 627 2289 percipit.
678 2235 913 2287 Magnitudo
939 2245 1067 2273 autem
1098 2235 1184 2272 solis
1206 2236 1349 2288 percipi
1376 2249 1453 2273 non
1472 2235 1615 2288 potest..
1667 2235 1749 2287 Qi

353 2302 473 2353 igitur
506 2301 547 2339 id
568 2301 764 2353 approbat,
795 2301 897 2352 quasi
918 2301 1114 2354 percipiat,
1146 2301 1294 2338 nullam
1317 2315 1398 2339 rem
1429 2302 1605 2354 percipit.
1651 2300 1760 2338 Res-⁷

353 2367 572 2420 ponderint,
604 2367 704 2419 poffe
731 2368 875 2419 percipi
895 2377 1059 2419 quantus
1080 2367 1132 2405 sol
1155 2367 1221 2405 fit„
1251 2367 1344 2405 Non
1366 2367 1598 2419 repugnabo,
1630 2366 1747 2404 dum-

354 2432 472 2470 modo
491 2432 625 2470 eodem
647 2434 756 2484 pacto
781 2442 914 2470 caetcra
934 2433 1078 2485 percipi
1099 2431 1450 2484 comprehendique
1477 2433 1617 2469 dicant.
1662 2432 1762 2470 Nec.

354 2497 460 2535 enim
495 2496 645 2548 possunt
678 2497 817 2541 dicere,
851 2497 954 2534 aliud
984 2497 1058 2535 alio
1091 2498 1213 2548 magis
1240 2497 1411 2534 minusve
1443 2495 1757 2549 comprehendi-5„

357 2563 541 2615 quoniam
561 2563 741 2602 omnium
759 2577 889 2602 rerum
908 2576 982 2601 una
997 2563 1047 2602 est
1064 2562 1237 2601 definitio
1253 2561 1630 2615 comprehendendi„
