2330 2983
592 279 868 318 LIBER
925 279 1349 318 TERTIUs.
1588 295 1660 331 149

257 383 363 437 quod
392 382 439 421 de
471 394 508 420 re
538 367 638 420 bona
671 381 841 420 dilucide
872 382 1028 427 dicitur,
1060 381 1159 420 mihi
1178 383 1366 436 praeclare
1395 382 1471 420 dici
1493 382 1657 422 videtur.

259 448 475 487 Istiusmodi
494 457 623 485 autem
650 460 706 485 res
741 448 866 485 dicere
887 457 1018 485 ornate
1037 447 1148 492 velle,
1172 448 1320 499 puerile
1351 448 1402 486 est
1415 467 1427 493 ς
1458 449 1569 501 plane
1590 463 1660 487 auu

258 524 337 553 tem
356 523 394 551 et
414 513 609 566 perspicue
625 513 802 565 expedire
824 513 940 565 posse,
960 513 1062 550 docti
1082 522 1120 550 et
1141 513 1390 565 intelligentis
1412 515 1496 551 viri.

311 580 383 618 VI.
417 579 711 631 Progrediamur
744 578 876 630 igitur,
899 579 1098 630 quoniam,
1134 579 1278 630 inquit,
1309 579 1355 616 ab
1377 578 1437 616 his
1459 580 1659 633 principiis

255 655 398 684 naturae
431 645 687 689 disceffimus3
719 644 862 696 quibus
896 658 1111 697 congruere·
1136 644 1296 690 debent,
1324 659 1408 697 quae
1435 645 1658 698 sequuntur.

257 712 439 764 Sequitur
457 720 585 749 autem
605 711 730 763 prima
749 709 882 748 divisio
902 709 998 748 haec.
1057 710 1299 748 AEstimabile
1329 710 1399 748 effe
1420 711 1562 749 dicitur
1593 712 1661 763 (fic

257 779 376 823 enim,
399 787 442 816 ut
462 778 613 830 opinor,
640 776 897 829 appellemus)
921 776 973 822 id,
995 776 1100 828 quod
1121 786 1188 814 aut
1213 776 1339 829 ipsum
1361 777 1572 815 secundum
1593 792 1661 816 na-

257 851 383 881 turam
404 843 463 888 fit,
493 851 558 880 aut
578 842 650 880 tale
670 842 769 893 quid
784 842 939 886 efficiat,
971 851 1014 879 ut
1035 841 1236 879 selectione
1266 842 1430 895 dignum
1462 853 1661 895 propterea

256 908 314 953 fit,
337 908 447 961 quod·
462 908 618 960 aliquod
638 907 788 960 pondus
809 906 946 945 habeat
966 907 1129 959 dignum
1151 907 1396 947 aestimatione
1413 926 1423 952 ;
1456 922 1574 960 quam
1595 909 1662 947 ille

255 971 353 1021 ‹it-{im
371 984 506 1012 vocat:
539 972 748 1025 contraque
779 972 1054 1017 inaestimabile,
1090 973 1199 1025 quod
1225 974 1269 1011 fit
1292 973 1474 1026 superiori
1508 984 1661 1012 contra-

257 1039 375 1077 rium.
408 1039 534 1077 Initiis
556 1038 675 1090 igitur
694 1038 747 1075 ita
767 1038 1006 1082 constitutis,
1035 1047 1079 1075 ut
1110 1051 1165 1082 ea,
1198 1052 1283 1090 quae
1317 1039 1527 1077 secundum
1547 1050 1661 1077 natu-

257 1118 338 1143 ram
372 1105 471 1149 sunt,
503 1104 580 1157 ipsa
610 1112 765 1156 propter
785 1103 819 1140 se
838 1103 1019 1140 sumenda
1046 1104 1130 1148 fint,
1159 1105 1423 1156 contrariaque
1444 1106 1541 1143 item
1572 1107 1660 1157 reji—

257 1169 415 1214 cienda,
448 1169 622 1222 primum
656 1168 708 1205 est
741 1167 916 1205 officium
952 1168 1011 1219 (id
1039 1169 1145 1207 enim
1172 1169 1325 1221 appello
1358 1166 1514 1221 καθῆκσν)
1553 1179 1595 1207 ut
1628 1170 1662 1208 se

253 1235 451 1274 conservet
484 1235 524 1272 in
544 1242 687 1272 naturae
707 1233 827 1271 statu:
860 1233 1039 1286 deinceps
1060 1243 1103 1272 ut
1123 1247 1165 1271 ea
1186 1244 1322 1279 teneat,
1345 1248 1429 1286 quae
1450 1234 1661 1274 secundum

255 1309 430 1338 naturam
446 1299 531 1344 sint,
553 1298 747 1351 pellatque
766 1298 966 1336 contraria.
1004 1300 1094 1350 Qa
1113 1299 1268 1337 inventa
1287 1299 1486 1337 selectione
1507 1310 1544 1338 et
1564 1301 1662 1339 item

257 1365 476 1416 rejectione,
497 1364 666 1415 sequitur
685 1363 864 1414 deinceps
885 1376 976 1400 cum
997 1363 1126 1401 officio
1146 1363 1309 1402 seledfio.
1342 1365 1495 1402 Deinde
1514 1379 1557 1403 ea
1572 1379 1661 1418 per-

258 1435 386 1478 petua,
409 1434 494 1463 tum
515 1424 561 1461 ad
580 1433 798 1461 extremum
811 1423 983 1461 constans
999 1424 1321 1477 consentaneaque
1337 1434 1478 1464 naturae
1497 1441 1505 1464 ε
1529 1427 1569 1464 in
1585 1440 1662 1478 qua

259 1494 431 1549 primum
466 1494 579 1533 ineffe
612 1494 752 1547 incipit
785 1502 824 1531 et
842 1493 1023 1546 intelligi,
1060 1496 1156 1548 quid
1189 1495 1260 1540 fit,
1281 1496 1386 1548 quod
1406 1510 1490 1535 vere
1511 1498 1668 1537 bonum*

258 1562 370 1614 possit
390 1561 489 1599 dici..

313 1627 442 1666 Prima
473 1625 530 1663 est·
544 1625 650 1664 enim
670 1625 892 1663 conciliatio
926 1624 1098 1665 hominis
1132 1626 1178 1665 ad
1198 1641 1254 1673 ea,
1289 1641 1373 1681 quae
1404 1628 1497 1667 sunt-
1524 1629 1661 1668 secun·-

256 1693 351 1731 dum
370 1702 558 1730 naturam.
618 1692 741 1730 Simul
771 1701 900 1730 autem
921 1694 1026 1746 cepit
1044 1694 1357 1746 intelligentiam,
1379 1695 1439 1733 vel
1461 1696 1661 1734 notIOnem

254 1759 396 1811 potiuS,
429 1771 548 1810 quam
580 1757 772 1810 appellant
808 1752 917 1791 ἔννοιαν
951 1759 1023 1804 illi,
1065 1760 1239 1811 viditque
1266 1774 1393 1798 rerum
1427 1762 1661 1813 agendarum

254 1825 444 1869 ordinem,
477 1833 527 1869 et,
561 1833 604 1861 ut
625 1825 676 1861 ita
696 1824 837 1870 dicam,
860 1826 1105 1864 concordiam
1122 1844 1133 1870 ;
1167 1827 1293 1864 multo
1313 1840 1398 1865 eam
1419 1827 1539 1880 pluris
1561 1828 1659 1866 aesti-

256 1891 389 1935 mavit,
412 1903 530 1942 quam
551 1890 682 1927 omnia
702 1890 781 1934 illa,
799 1904 883 1942 quae
903 1890 1075 1944 primum
1095 1892 1275 1930 dilexerat
1293 1907 1301 1930 :
1325 1902 1438 1945 atque
1454 1894 1506 1931 ita
1522 1894 1659 1946 cogni,-

256 1956 359 1994 tione
378 1965 416 1993 et
436 1955 581 1993 ratione
608 1955 783 2007 collegit,
803 1966 846 1993 ut
867 1956 1056 2002 statueret,
1078 1958 1118 1994 in
1138 1970 1183 1995 eo
1204 1957 1438 1996 collocatum
1458 1958 1658 1997 summum

254 2021 352 2059 illud
372 2010 647 2073 hominissper
665 2020 700 2058 se
719 2020 955 2060 laudandum
976 2032 1014 2061 et
1034 2023 1307 2076 expetendum,
1330 2024 1493 2063 bonum.
1541 2025 1658 2077 Qod

254 2100 346 2125 cum
380 2087 547 2139 politum
567 2086 612 2124 lit
645 2087 685 2124 in
719 2100 778 2131 eo,
812 2088 918 2139 quod
947 2088 1128 2136 ὁμολογίαν
1159 2089 1293 2134 Stoici,
1330 2103 1398 2128 nos
1419 2091 1657 2143 appellemus

254 2154 546 2198 convenientthm,
577 2153 604 2190 fi
623 2153 749 2205 placet
767 2168 775 2191 :
808 2167 901 2192 cum
920 2154 1039 2206 igitur
1059 2155 1097 2192 in
1119 2168 1162 2192 eo
1182 2155 1226 2193 fit
1247 2155 1286 2193 id
1306 2157 1468 2201 bonum,
1497 2171 1575 2209 quo
1596 2171 1655 2195 re-

254 2218 406 2257 ferenda
437 2219 523 2257 sunt
544 2219 674 2257 omnia
693 2218 848 2257 honeste
869 2219 978 2264 facta,
1013 2219 1215 2272 ipsumque
1235 2220 1455 2267 honestum,
1491 2223 1595 2274 quod
1615 2223 1654 2260 in

255 2285 365 2323 bonis
400 2284 568 2329 ducitur,
604 2298 825 2337 quanquam
846 2285 929 2338 post
949 2286 1083 2331 oritur,
1117 2296 1245 2326 tamen
1266 2288 1306 2326 id
1327 2288 1451 2326 solum
1472 2289 1509 2326 vi
1537 2288 1598 2326 sua
1618 2298 1655 2327 et

254 2350 439 2402 dignitate
459 2351 717 2402 expetendum
738 2350 790 2388 est
808 2366 815 2388 :
849 2364 982 2390 eorum
1003 2361 1159 2397 amem,
1183 2366 1269 2405 quae
1289 2353 1374 2391 sunt
1394 2355 1518 2406 prima
1539 2363 1653 2392 natu·-

257 2429 317 2459 rae,
339 2423 494 2467 propter
513 2415 548 2452 se
568 2413 666 2453 nihil
688 2415 739 2452 est
759 2417 1030 2468 expetendum.

311 2481 416 2517 Cum
437 2492 525 2517 vero
559 2479 638 2524 illa,
674 2494 758 2532 quae
778 2481 904 2519 officia
925 2481 994 2519 effe
1024 2482 1120 2527 dixi,
1149 2483 1435 2535 proficiscantur
1467 2483 1514 2520 ab
1532 2483 1652 2522 initiis

255 2555 396 2586 naturae
412 2563 432 2592 3-
447 2559 488 2584 ea
508 2546 553 2585 ad
575 2545 655 2585 haec
676 2546 804 2586 referri
826 2547 966 2593 necesse
986 2548 1038 2586 cst
1057 2563 1064 2588 ε
1099 2558 1141 2589 ut
1160 2551 1257 2588 reete
1278 2549 1355 2588 dici
1376 2548 1501 2602 poffit,
1523 2551 1655 2589 omnia
