2330 2983
645 211 920 250 LIBER
978 210 1410 264 QUARTUS.
1652 227 1722 265 191

387 314 541 353 XXIV.
573 313 645 352 Ista
664 313 801 351 fimilia
820 327 897 352 non
918 313 1019 359 sunt,
1049 315 1147 353 Cato
1161 332 1173 360 5
1206 314 1245 352 in
1266 315 1406 367 quibus
1427 315 1601 367 quamvis
1622 317 1731 355 rnul-

333 388 420 419 tum
450 379 680 434 procefferis,
713 389 841 418 tamen
874 380 971 417 illud
1002 381 1042 418 in
1072 381 1204 419 eadem
1237 381 1345 418 causa
1374 381 1440 427 est,
1470 396 1491 419 a
1513 395 1591 434 quo
1611 383 1730 421 abeffe

333 447 440 491 velis,
461 446 584 484 donec
603 445 773 484 evaseris.
817 445 903 484 Nec
923 446 1029 484 enim
1060 445 1125 483 ille
1144 446 1299 499 respirat
1323 455 1408 484 ante
1428 461 1546 498 quam
1565 449 1735 494 emerfit,

332 521 371 550 et
390 511 507 549 catuli
520 525 626 563 aeque
645 511 736 549 caeci
754 511 976 563 priusquam
996 510 1265 564 despexerunt,
1275 525 1318 549 ac
1339 512 1364 549 fi
1385 512 1437 549 ita
1449 511 1570 550 futuri
1583 513 1731 567 semper

332 577 462 615 essent.
495 577 566 615 Illa
585 576 671 615 sunt
689 576 852 614 fimilia:
875 575 990 614 hebes
1010 576 1108 614 acies
1130 576 1182 614 est
1201 577 1373 629 cuipiam
1393 577 1596 616 oculorum
1610 597 1622 623 5
1644 593 1734 617 cor-

332 657 425 697 pore
454 643 552 681 alius
582 643 818 696 languescit:
849 641 893 680 hi
926 643 1121 681 curatione
1151 642 1324 681 adhibita
1357 642 1530 682 levantur
1556 645 1596 682 in
1624 645 1730 689 dies;

333 709 427 747 alter
455 709 555 746 valet
573 709 660 762 plus
691 708 881 761 quotidie,
911 708 1003 746 alter
1022 708 1141 747 videt.
1189 710 1249 747 Hi
1268 708 1408 747 fimiles
1428 709 1514 748 sunt
1533 710 1731 755 omnibus,

333 775 401 828 qui
419 775 552 812 virtuti
571 774 722 813 student
738 793 751 819 5
773 775 945 812 levantur
959 775 1077 819 vitiis,
1099 774 1270 813 levantur
1287 775 1490 814 erroribus.
1523 776 1609 814 Nis1
1628 775 1728 815 forte

335 840 500 878 censeres
532 840 628 879 Tib.
662 839 888 878 Gracchum
918 849 1068 893 patrem
1108 853 1186 878 non
1220 841 1429 879 beatiorem
1467 840 1576 879 fuisse
1613 855 1731 894 quam

335 906 477 951 filium,
508 918 599 943 cum
621 902 715 943 alter
740 902 905 943 stabilire
935 906 1219 958 rempublicam
1238 906 1436 951 studuerit,
1466 906 1560 944 alter
1588 917 1733 945 everte-

336 985 388 1009 re.
431 968 518 1010 Nec
550 980 678 1008 tamen
698 970 764 1008 ille
783 979 860 1008 erat
880 970 1022 1023 sapiens
1042 986 1050 1009 :
1083 972 1170 1023 quis
1190 972 1296 1009 enim
1317 971 1392 1009 hoc
1412 973 1424 1008 ?
1456 980 1521 1009 aut
1551 974 1731 1024 quando?

335 1046 401 1075 aut
422 1037 518 1075 ubi?
548 1045 613 1074 aut
633 1036 761 1074 unde?
783 1036 844 1074 sed
864 1037 955 1088 quia
973 1037 1146 1074 studebat
1165 1037 1269 1074 laudi
1288 1046 1326 1074 et
1345 1037 1540 1089 dignitati,
1561 1039 1733 1076 multum

335 1103 376 1140 in
407 1104 547 1140 virtute
576 1101 815 1154 procefl‘esat.
860 1101 1068 1140 Conferam
1089 1108 1217 1139 autem
1249 1116 1364 1140 avum
1385 1112 1513 1147 tuum,
1544 1104 1732 1148 Drusum,

331 1180 422 1206 cum
443 1169 494 1206 C.
515 1166 697 1206 Graccho
717 1168 796 1219 ejus
817 1166 895 1205 fere
915 1167 1066 1219 aequali.
1127 1168 1224 1219 Qae
1245 1167 1311 1205 hic
1342 1168 1562 1221 reipublicae
1581 1170 1737 1206 vulnera

334 1233 572 1287 imponebat,
603 1233 736 1281 eadem
767 1233 833 1270 ine
864 1233 1027 1271 sanabat.
1079 1231 1269 1271 Sed‘nihil
1296 1234 1363 1278 est,
1394 1234 1499 1286 quod
1520 1243 1599 1272 tam
1619 1235 1734 1272 mise-1

337 1312 398 1337 ros
417 1298 545 1343 faciat,
567 1311 685 1351 quam
705 1298 880 1350 impietas
911 1307 949 1336 et
980 1298 1112 1336 scelus.
1173 1299 1230 1336 Ut
1249 1299 1332 1350 jam
1361 1312 1496 1337 omnes
1517 1300 1733 1352 infipientes

336 1364 410 1402 fint
430 1363 570 1408 miseri,
601 1363 705 1415 quod
726 1361 896 1415 profecto
920 1363 1006 1400 sunt
1019 1381 1030 1408 5
1063 1376 1140 1401 non
1160 1362 1213 1400 est
1233 1373 1362 1402 tamen
1389 1378 1495 1416 aeque
1515 1365 1641 1409 miser,
1666 1366 1735 1417 qui

337 1431 467 1483 patriae
485 1429 665 1474 consulit,
696 1437 734 1467 et
754 1428 800 1473 is,
821 1429 889 1480 qui
908 1428 1016 1466 illam
1036 1429 1245 1467 extinctam
1265 1431 1387 1482 cupit.
1437 1431 1597 1468 Levatio
1618 1431 1736 1482 igitur

337 1496 523 1534 vitiorum
544 1507 683 1548 magna
701 1493 747 1532 fit
767 1494 828 1539 iis,
849 1495 918 1546 qui
936 1493 1080 1532 habent
1108 1494 1155 1532 ad
1174 1495 1356 1533 virtutem
1376 1495 1642 1548 progreffionis
1663 1496 1735 1533 ali-

337 1561 587 1614 quantulum.

392 1625 517 1664 Vestri
544 1633 673 1663 autem
703 1623 1000 1677 progreffionem
1028 1625 1074 1662 ad
1100 1625 1285 1663 virtutem
1315 1624 1397 1663 fieri
1423 1626 1544 1671 aiunt,
1575 1626 1736 1666 levatio-

337 1700 428 1730 nem
446 1691 632 1728 vitiorum
652 1689 735 1727 fieri
754 1698 908 1742 negant.
973 1691 1041 1735 At,
1073 1704 1153 1742 quo
1179 1700 1335 1728 utantur
1354 1690 1532 1729 homines
1552 1693 1654 1730 acuti
1674 1706 1735 1730 ar·-

335 1766 522 1811 gumento
542 1757 588 1794 ad
608 1755 867 1809 probandum,
897 1767 1018 1809 operae
1047 1757 1218 1809 pretium
1242 1757 1296 1794 est
1320 1758 1565 1796 confiderare.
1669 1773 1736 1796 ua-

337 1836 440 1867 rum,
485 1821 684 1873 inquiunt,
726 1822 868 1859 artium
902 1821 1053 1859 summa
1090 1822 1251 1860 crescere
1279 1823 1415 1875 potest,
1459 1836 1591 1860 earum
1619 1824 1737 1861 etiam

337 1888 616 1926 contrariorum
650 1887 800 1925 summa
831 1888 972 1940 poterit
1000 1888 1149 1940 augeri.
1201 1888 1266 1926 Ad
1295 1889 1447 1927 virtutis
1478 1898 1607 1926 autem
1627 1890 1736 1927 sum-

338 1967 446 1993 mam
475 1953 652 1992 accedere
672 1952 770 1991 nihil
792 1954 926 2006 potest.
972 1955 1037 1992 Ne
1057 1955 1148 1991 vitia
1167 1954 1326 2006 quidem
1346 1955 1464 2007 igitur
1483 1955 1645 1993 crescere
1664 1969 1735 2008 po-

338 2028 480 2065 terunt,
502 2033 587 2072 quae
607 2019 694 2057 sunt
713 2020 903 2057 virtutum
923 2020 1121 2058 contraria.
1160 2019 1306 2058 Utrum
1335 2021 1454 2073 igitur
1474 2021 1629 2059 tandem
1649 2035 1736 2074 per-

338 2085 526 2138 spicuisne
546 2085 662 2123 dubia
681 2085 916 2138 aperiuntur,
933 2099 978 2123 an
1000 2085 1128 2123 dubiis
1144 2085 1339 2139 perspicua
1360 2087 1550 2124 tolluntur
1567 2087 1580 2123 ?
1612 2087 1736 2139 Atqui

338 2151 414 2190 hoc
433 2151 680 2203 perspicuum
698 2150 763 2194 est,
795 2151 884 2189 vitia
899 2151 969 2189 alia
988 2152 1028 2189 in
1049 2151 1131 2189 aliis
1151 2151 1223 2189 effe
1243 2153 1385 2204 majora
1399 2171 1412 2197 5
1434 2152 1532 2190 illud
1551 2152 1732 2197 dubium,

340 2218 385 2255 ad
414 2217 467 2262 id,
498 2217 601 2269 quod
622 2216 819 2254 summum
846 2217 992 2256 bonum
1015 2217 1158 2263 dicitis,
1187 2230 1409 2270 ecquaenam
1439 2218 1521 2256 fieri
1541 2218 1651 2270 poffit
1671 2231 1735 2255 ac-

339 2282 464 2321 ceffio.
495 2283 576 2320 Vos
596 2291 724 2320 autem
745 2295 835 2320 cum
857 2283 1062 2336 perspicuis
1079 2283 1196 2322 dubia
1212 2283 1378 2322 debeatis
1394 2283 1595 2328 illustrare,
1609 2284 1736 2322 dubiis

342 2347 536 2403 perspicua
555 2348 748 2386 conamini
770 2348 914 2387 tollere.

403 2414 537 2465 Itaque
567 2413 622 2452 ufi
651 2414 781 2452 eadem
803 2415 959 2461 ratione,
990 2428 1065 2468 qua
1084 2415 1167 2454 sum
1188 2416 1303 2469 paulo
1322 2425 1409 2453 ante
1443 2414 1555 2459 usus„
1570 2413 1744 2453 haerebi-

341 2480 404 2516 tis.
438 2479 475 2517 Si
505 2478 609 2516 enim
640 2489 838 2532 propterea
856 2481 949 2518 vitia
967 2481 1039 2518 alia
1069 2481 1151 2519 aliis
1184 2483 1326 2533 majora
1347 2494 1431 2518 non.
1444 2480 1545 2525 sunt,
1574 2481 1662 2532 quia
1688 2493 1746 2518 ne*

343 2544 389 2583 ad
417 2543 535 2584 finem
567 2544 727 2597 quidem
758 2546 951 2585 bonorum
969 2559 1073 2592 eum,
1105 2560 1224 2600 quem
1250 2560 1316 2585 vos
1346 2545 1487 2592 facitis,
1523 2546 1744 2598 ‹zluirksswttr
