2330 2983
587 279 859 320 LIBER
916 248 1409 318 sEcUNDUS.
1614 281 1694 335 487

310 379 530 421 contrahere
559 380 836 419 universitatem
867 379 1011 431 generis
1040 379 1214 424 humani,
1246 392 1407 432 eamque
1432 380 1619 434 gradatim
1645 384 1692 422 ad

309 447 517 499 pauciores,
538 446 726 498 postremo
744 445 927 484 deducere
945 445 991 482 ad
1008 445 1189 498 fingulos.

364 512 513 550 LXVI.
543 511 650 550 Nam
679 511 706 549 fi
726 510 906 549 omnibus
936 509 1174 554 hominibus,
1205 511 1273 562 qui
1301 511 1444 563 ubique
1464 513 1562 558 sunt,
1594 529 1690 567 qua-

308 589 463 628 cunque
482 576 522 615 in
542 589 606 614 ora
624 590 665 614 ac
684 585 788 628 parte
807 585 1005 620 terrarum,
1022 576 1068 613 ab
1087 575 1245 627 hujusce
1265 585 1384 621 terrae,
1407 591 1521 629 quam
1539 593 1607 618 nos
1627 582 1689 619 in-

308 642 486 688 colimus,
514 642 800 682 continuatione
818 640 1053 686 distantium,
1075 642 1179 680 Deos
1197 641 1391 680 consulere
1418 643 1614 683 censemus
1640 647 1690 684 ob

308 720 367 746 eas
386 708 526 753 causas,
547 721 639 760 quas
660 718 746 746 ante
765 708 954 753 diximus;
975 707 1034 746 his
1055 721 1210 761 quoque
1228 707 1454 748 hominibus
1469 706 1697 757 consulunt,

307 773 376 824 qui
394 772 461 811 has
479 774 681 812 nobiscum
701 784 814 812 terras
830 773 875 811 ab
892 774 1036 812 oriente
1050 774 1097 812 ad
1115 774 1354 814 occidentem
1369 775 1516 814 colunt.
1543 777 1608 815 Sin
1621 792 1690 816 au-

308 846 388 876 tem
408 838 468 877 his
487 839 703 884 consulunt,
716 840 784 891 qui
799 839 901 892 quasi
917 853 1096 892 magnam
1113 840 1306 892 quandam
1321 841 1483 880 insulam
1497 842 1687 888 incolunt,

307 917 425 955 quam
441 918 509 942 nos
525 905 657 943 orbem
678 914 782 943 terrae
802 919 980 944 vocamus
993 924 1004 950 5
1026 906 1142 944 etiam
1161 906 1238 944 illis
1254 907 1470 952 consulunt,
1484 908 1552 960 qui
1567 919 1689 961 partes

306 970 385 1020 ejus
405 970 533 1008 insulae
564 980 706 1016 tenent,
741 972 950 1023 Europam,
977 971 1120 1017 Asiam,
1149 971 1337 1011 Africam.
1381 974 1484 1026 Ergo
1504 983 1540 1012 et
1559 988 1687 1013 carum

306 1043 427 1086 partes
447 1036 628 1088 diligunt,
651 1046 693 1073 ut
710 1037 891 1081 Romam,
907 1035 1092 1081 Athenas,
1118 1038 1301 1090 Spartam,
1323 1037 1510 1076 Rhodum
1524 1057 1535 1083 ς
1569 1050 1605 1077 et
1624 1053 1687 1077 ea-

305 1113 392 1137 rum
413 1101 568 1139 urbium
588 1102 783 1154 separatim
803 1103 850 1139 ab
871 1102 1047 1140 universis
1067 1103 1231 1154 fingulos
1264 1103 1445 1155 diligunt,
1478 1114 1521 1141 ut
1551 1104 1689 1155 Pyrrhi

304 1165 405 1204 bello
426 1167 604 1211 Curium,
626 1167 862 1211 Fabricium,
885 1167 1174 1204 Coruncanium
1191 1184 1203 1211 ς
1234 1168 1360 1220 primo
1374 1169 1521 1207 Punico
1541 1170 1687 1208 Calati-

305 1244 413 1276 num,
460 1231 671 1276 Duillium,
717 1232 941 1276 Metellum,
977 1232 1203 1276 Lutatium,
1249 1232 1415 1271 secundo
1446 1235 1687 1281 Maximum,

304 1296 552 1340 Marcellum,
570 1296 797 1334 Africanum
812 1315 822 1340 3
846 1296 927 1348 post
947 1296 1016 1334 hos
1034 1297 1211 1341 Paulum,
1231 1297 1466 1343 Gracchum,
1483 1301 1685 1344 Catonem,

304 1371 501 1414 patrumve
520 1362 707 1401 memoria
732 1362 967 1414 Scipionem,
999 1363 1188 1400 Laelium:
1220 1363 1436 1415 multosque
1454 1374 1630 1417 praeterea
1649 1375 1688 1404 et

304 1426 425 1464 nostra
444 1427 588 1471 civitas,
609 1436 647 1464 et
667 1427 816 1464 Graecia
834 1427 927 1464 tulit
945 1426 1146 1479 fingulares
1166 1427 1278 1471 viros,
1302 1441 1468 1479 quorum
1489 1429 1687 1469 neminem

305 1492 371 1530 nisi
387 1493 543 1543 juvante
561 1493 648 1531 Deo
679 1492 793 1530 talem
823 1491 931 1530 fuiffe
951 1492 1183 1530 credendum
1204 1493 1268 1530 est.
1311 1494 1409 1544 Qae
1429 1495 1524 1532 ratio
1542 1505 1685 1546 poetas,

303 1559 547 1610 maximeque
567 1559 802 1602 Homerum,
832 1558 1005 1608 impulit,
1032 1568 1075 1594 ut
1095 1558 1333 1608 principibus
1353 1557 1529 1603 heroum,
1548 1560 1684 1610 Ulyffi,

303 1622 500 1665 Diomedi,
534 1620 834 1672 Agamemnoni,
865 1619 1026 1664 Achilli,
1060 1628 1181 1657 certos
1203 1620 1320 1664 Deos,
1351 1620 1617 1661 discriminum
1647 1633 1685 1662 et

301 1687 559 1739 periculorum
578 1684 753 1728 comites,
770 1683 1001 1735 adjungeret.
1024 1684 1205 1721 Praeterea
1220 1684 1386 1735 ipsorum
1404 1686 1576 1724 Deorum
1593 1687 1685 1739 saepe

301 1752 516 1803 praesendae,
537 1749 666 1802 quales
687 1749 796 1801 supra
815 1748 1128 1792 commemoravi,
1151 1748 1354 1792 declarant,
1376 1749 1422 1786 ab
1447 1749 1507 1788 his
1527 1760 1566 1788 et
1586 1753 1684 1789 civi-

301 1816 457 1861 tatibus,
477 1825 514 1852 et
534 1814 688 1866 fingulis
708 1813 932 1851 hominibus
953 1811 1114 1851 consuli.
1145 1812 1261 1862 Qod
1276 1813 1434 1864 quidem
1455 1815 1684 1869 intelligitur

301 1883 415 1920 etiam
436 1879 774 1932 significationibus
795 1892 919 1917 rerum
941 1877 1169 1923 futurarum,
1186 1892 1270 1930 quae
1290 1888 1374 1917 tum
1390 1880 1681 1928 dormientibus,

301 1956 388 1985 turn
408 1944 670 1998 vigilantibus,
690 1945 982 1996 portenduntur.
1028 1943 1159 1983 Multa
1177 1953 1353 1995 praeterea
1371 1945 1538 1990 ostentis,
1561 1948 1683 1985 multa

301 2011 397 2050 extis
428 2011 691 2054 admonemur,
725 2009 932 2061 multisque
953 2009 1062 2047 rebus
1096 2009 1178 2048 aliis
1192 2027 1205 2054 5
1237 2022 1328 2061 quas
1359 2009 1561 2048 diuturnus
1596 2012 1681 2050 usus

299 2079 352 2116 ita
372 2077 529 2121 notavit,
547 2084 591 2114 ut
609 2084 727 2114 artem
745 2075 987 2114 divinationis
1006 2075 1182 2113 efficeret.
1215 2076 1345 2114 Nemo
1360 2076 1476 2128 igitur
1497 2078 1551 2115 vir
1571 2091 1681 2131 mag-

301 2157 373 2182 nus
393 2143 467 2180 fine
484 2142 612 2193 aliquo
632 2140 760 2179 afflatu
779 2141 908 2180 divino
924 2155 1093 2193 unquam
1112 2140 1201 2179 fuit.

355 2209 443 2246 Nec
462 2220 549 2245 vero
569 2207 621 2244 ita
650 2205 899 2245 refellendum
919 2207 984 2251 est,
1021 2216 1076 2251 ut,
1106 2206 1130 2245 fi
1159 2207 1343 2259 segetibus
1370 2216 1433 2245 aut
1452 2208 1587 2246 vinetis
1608 2222 1678 2247 cu-

296 2273 462 2326 juspiam
483 2271 680 2324 tempestas
700 2273 886 2317 nocuerit,
912 2282 975 2310 aut
1005 2273 1030 2311 si
1051 2273 1144 2324 quid
1175 2286 1195 2310 e
1225 2273 1310 2311 vitae
1329 2274 1543 2311 commodis
1575 2274 1678 2312 casus

301 2337 509 2382 abstulerit,
529 2350 633 2381 eum,
654 2337 716 2375 cui
736 2337 830 2389 quid
850 2337 988 2375 horum
1010 2338 1201 2383 acciderit,
1225 2347 1288 2376 aut
1307 2338 1470 2376 invisum
1495 2339 1594 2382 Deo,
1615 2348 1679 2377 aut

301 2402 518 2455 negleetum
531 2414 551 2439 a
566 2402 903 2453 Dco‚judicemus.
928 2403 1072 2455 Magna
1086 2403 1154 2440 Dii
1171 2412 1318 2447 curant,
1337 2415 1445 2454 parva
1461 2401 1675 2454 negligunt.

302 2468 457 2520 Magnis
478 2476 604 2505 autem
624 2467 713 2505 viris
732 2468 903 2519 prospere
924 2469 1100 2506 eveniunt
1118 2468 1262 2520 semper
1282 2481 1413 2505 omnes
1430 2481 1512 2511 res,
1541 2468 1566 2505 fi
1587 2469 1676 2519 qui-

301 2533 390 2571 dem
410 2533 493 2570 satis
513 2546 534 2569 a
550 2532 697 2577 nostris,
731 2542 768 2570 et
787 2547 807 2569 a
826 2534 997 2584 principe
1027 2532 1342 2586 philosophorum
1364 2533 1510 2571 Socrate
1531 2533 1678 2574 dietum

300 2597 354 2637 cst
372 2597 418 2637 de
438 2597 671 2637 ubertatibus
691 2597 854 2643 virtutis,
875 2607 912 2635 et
927 2598 1060 2649 copiiS.
