2330 2983
739 286 1014 325 LIBER
1071 285 1504 338 QUINTUS.
1743 303 1814 341 391

430 385 722 430 Demosthenes,
751 386 820 438 qui
844 386 913 424 illo
930 385 1077 424 susurro
1089 386 1263 424 delcetari
1280 386 1315 424 se
1335 386 1484 424 dicebat
1503 399 1643 438 aquam
1662 385 1820 426 ferentis

430 452 681 496 mulierculae,
703 461 746 490 ut
765 465 849 490 mos
870 452 910 489 in
937 452 1086 489 Graecia
1103 452 1168 495 est,
1191 452 1526 504 insusurrantisque
1545 453 1665 498 alteri,
1684 454 1760 492 Hic
1777 453 1823 506 est

430 516 485 554 ille
504 515 760 568 Demesthenes.
784 516 893 566 Qid
912 515 988 553 hoc
1009 516 1128 553 levius
1147 517 1160 552 ?
1192 517 1246 553 At
1262 525 1428 567 quantus
1448 518 1598 555 orator?
1630 519 1701 556 Sed
1720 518 1822 571 apud

429 581 521 618 alios
542 581 649 632 loqui
668 581 847 618 videlicet
866 580 1063 624 didicerat,
1094 593 1171 618 non
1192 580 1364 618 multum
1385 581 1462 633 ipse
1483 581 1627 620 secum.

484 645 787 698 Intelligendum
807 645 860 683 est
890 646 1022 698 igitur,
1059 658 1128 683 nec
1158 645 1321 698 gloriam
1342 646 1566 698 popularem
1605 647 1725 700 ipsam
1755 663 1821 700 per

430 710 466 748 se
492 711 757 763 expetendam,
789 724 857 748 nec
888 710 1172 763 ignobilitatem
1206 711 1541 750 extimescendam.
1581 713 1672 750 Veni
1697 713 1819 751 Athe-

427 791 506 821 nas,
528 777 656 829 inquit
676 777 949 821 Democritus;
982 791 1090 830 neque
1107 791 1159 815 me
1177 777 1355 830 quffquam
1370 777 1423 815 ibi
1435 779 1600 830 agnovit.
1630 779 1818 817 Constan-

430 850 511 880 tem
531 841 731 880 hominem
752 851 790 880 et
809 855 962 895 gravem
979 841 985 878 !
1018 843 1086 894 qui
1099 842 1297 894 glorietur,
1326 856 1347 880 a
1365 843 1486 895 gloria
1504 843 1539 881 se
1560 843 1732 882 abfuisse.
1755 846 1819 882 An

431 907 622 952 tibicines,
645 908 762 959 iique,
784 908 852 959 qui
872 907 1011 945 fidibus
1032 916 1206 952 utuntur,
1238 908 1317 952 suo,
1336 922 1413 946 non
1434 909 1696 948 multitudinis
1717 910 1818 948 arbi-

430 973 517 1017 trio,
548 982 680 1011 cantus
711 973 965 1025 numerosque
990 973 1263 1011 moderantur?
1294 973 1365 1011 Vir
1385 974 1544 1026 sapiens,
1585 975 1711 1013 multo
1741 984 1820 1013 arte

430 1039 572 1089 majore
592 1038 785 1090 praeditus,
817 1052 893 1076 non
914 1038 1008 1090 quid
1028 1039 1246 1077 verffimum
1266 1039 1324 1083 fit,
1355 1039 1416 1076 sed
1437 1040 1532 1091 quid
1552 1040 1644 1078 velit
1664 1041 1818 1092 vulgus,

430 1103 605 1154 exquiret
621 1104 633 1139 ?
656 1105 719 1141 An
740 1104 952 1155 quidquam
972 1103 1136 1148 stultius,
1154 1118 1284 1155 quam,
1305 1117 1401 1155 quos
1417 1104 1597 1156 singulos,
1610 1105 1707 1143 ficut
1726 1119 1820 1158 ope-

429 1168 544 1206 rarios
570 1168 819 1220 barbarosque
845 1177 1082 1213 contemnas,
1109 1181 1172 1205 eos
1192 1168 1338 1220 aliquid
1357 1177 1488 1221 putare
1505 1169 1576 1207 effe
1591 1170 1780 1208 universos
1804 1171 1818 1208 ?

429 1234 501 1272 Ille
520 1247 607 1272 vero
627 1234 766 1272 nostras
797 1234 1027 1272 ambitiones
1045 1234 1290 1286 levitatesque
1308 1243 1545 1280 contemnet,
1583 1235 1822 1289 honoresque

430 1301 580 1352 populi,
611 1301 726 1338 etiam
757 1301 858 1337 ultro
889 1300 1048 1345 delatos,
1077 1300 1317 1353 repudiabit:
1350 1314 1418 1339 nos
1449 1310 1578 1339 autem
1607 1315 1670 1340 eos
1696 1303 1820 1341 nesci-

431 1379 534 1411 mus,
564 1376 769 1418 antequam
790 1367 976 1418 poenitere
995 1367 1129 1419 ccepit‚
1159 1376 1419 1405 contemnere.

493 1431 560 1469 Est
575 1431 676 1484 apud
696 1431 940 1469 Heraclitum
961 1431 1162 1484 phyficum
1181 1432 1227 1469 de
1245 1432 1417 1484 principe
1437 1432 1693 1485 Ephefiorum
1713 1435 1819 1473 Her-

432 1496 592 1535 modoro
611 1515 623 1541 5
657 1496 848 1534 universos
878 1497 930 1534 ait
956 1496 1140 1549 Ephesios
1176 1497 1247 1535 effe
1273 1508 1397 1535 morte
1428 1499 1672 1545 multandos,
1698 1500 1818 1552 quod,

431 1575 523 1601 cum
548 1563 702 1601 civitate
734 1561 966 1614 expellerent
991 1563 1298 1607 Hermodorum,
1333 1563 1386 1600 ita
1411 1563 1532 1601 locuti
1552 1564 1638 1602 sunt
1657 1583 1669 1609 ;
1706 1567 1820 1604 Nemo

430 1627 470 1666 de
488 1627 584 1666 nobis
601 1641 691 1666 unus
709 1627 881 1671 excellat5
901 1627 965 1678 stn
986 1627 1063 1679 quis
1083 1627 1259 1672 extiterit,
1298 1628 1365 1666 alio
1393 1628 1430 1665 in
1457 1629 1526 1667 loco
1555 1638 1591 1667 et
1614 1630 1714 1683 apud
1735 1631 1820 1669 alios

415 1695 484 1745 stt.
520 1695 585 1731 An
603 1692 679 1731 hoc
702 1706 780 1731 non
799 1693 852 1731 ita
873 1692 918 1730 fit
937 1693 1046 1731 omni
1061 1693 1101 1731 in
1116 1694 1289 1746 populo?
1318 1694 1462 1732 Nonne
1478 1708 1636 1733 omnem
1656 1696 1819 1749 exsupe-

429 1758 591 1797 tantiam
602 1759 754 1797 virtutis
762 1758 925 1797 oderunt
942 1759 955 1795 ?
971 1758 1080 1810 Qid
1096 1759 1108 1794 ?
1123 1758 1306 1796 Aristides
1325 1759 1446 1810 (malo
1459 1760 1565 1798 enim
1574 1761 1817 1808 Graecorum,

429 1838 546 1877 quam
568 1824 690 1864 nostra
709 1823 893 1876 proferre)
915 1836 1042 1861 nonne
1060 1823 1111 1862 ob
1137 1837 1221 1862 earn
1241 1823 1390 1862 causam
1410 1825 1589 1877 expulsus
1610 1827 1662 1865 est
1681 1815 1816 1879 patria,

430 1890 535 1941 quod
554 1899 686 1942 praeter
698 1889 861 1927 modum
875 1888 999 1940 justus
1014 1887 1102 1927 effet
1119 1889 1132 1926 ?
1155 1890 1319 1940 Qantis
1332 1890 1450 1942 igitur
1469 1891 1650 1930 molestiis
1667 1902 1816 1938 vacant,

430 1955 499 2007 qui
518 1954 619 1993 nihil
638 1955 800 1993 omnino
819 1968 911 1993 cum
930 1955 1078 2007 populo
1096 1955 1328 1993 contrahunt
1349 1957 1362 1992 ?
1404 1956 1512 2006 Qid
1531 1957 1584 1995 est
1602 1958 1705 1996 enim
1727 1959 1816 1997 dul-

428 2021 509 2059 cius
522 2023 602 2059 otio
613 2021 790 2059 literato?
818 2021 868 2059 Iis
885 2020 972 2059 dico
987 2021 1119 2066 literis,
1143 2021 1286 2074 quibus
1304 2020 1536 2061 infinitatem
1558 2036 1684 2062 rerum
1700 2034 1814 2077 atque

431 2095 586 2131 naturae,
607 2095 645 2124 et
664 2087 704 2124 in
719 2085 794 2124 hoc
814 2085 896 2138 ipso
915 2086 1064 2125 mundo
1083 2086 1236 2132 caelum,
1257 2096 1385 2131 terras,
1399 2087 1516 2125 maria
1534 2089 1816 2141 cognoscimus.

485 2152 698 2192 XXXVII.
717 2153 956 2204 Contempto
973 2152 1093 2204 igitur
1111 2151 1270 2197 honore,
1292 2162 1510 2206 contempta
1522 2154 1637 2192 etiam
1653 2157 1825 2208 pecunia,

432 2217 527 2268 quid
565 2217 808 2268 relinquitur,
847 2217 952 2268 quod
979 2217 1306 2256 extimescendum
1341 2218 1413 2256 fit?
1455 2219 1645 2265 Exilium,
1676 2221 1788 2258 credo
1801 2239 1816 2265 3

433 2282 537 2333 quod
557 2281 596 2319 in
615 2281 794 2320 maximis
815 2282 925 2320 malis
941 2282 1107 2321 ducitur.
1130 2283 1176 2320 Id
1195 2284 1220 2321 fi
1236 2293 1390 2337 propter
1401 2284 1562 2322 alienam
1578 2295 1615 2323 et
1634 2285 1816 2323 offensam

433 2347 566 2399 populi
596 2347 832 2386 voluntatem
852 2348 1000 2386 malum
1024 2348 1099 2393 est3
1134 2362 1252 2401 quam
1272 2350 1316 2388 fit
1327 2364 1369 2388 ea
1383 2351 1674 2395 contemnenda,
1702 2351 1815 2403 paulo

435 2421 519 2449 ante
535 2412 682 2449 dietum
694 2411 758 2450 est.
781 2413 847 2450 Sin
858 2412 977 2451 abeffe
993 2426 1014 2450 a
1027 2414 1147 2466 patria
1159 2415 1340 2453 miserum
1354 2415 1405 2452 est
1419 2433 1428 2458 ;
1451 2415 1571 2467 plenae
1592 2415 1815 2454 miserorum

436 2478 639 2530 provinciae
672 2478 771 2523 sunt,
807 2492 854 2516 ex
873 2479 1014 2531 quibus
1044 2480 1254 2518 admodum
1285 2482 1396 2532 pauci
1428 2481 1467 2517 in
1495 2481 1655 2532 patriam
1689 2494 1814 2520 rever-

435 2552 583 2581 tuntur.
616 2544 670 2581 At
686 2544 898 2582 multantur
917 2545 1027 2582 bonis
1046 2546 1192 2584 exules.
1223 2546 1330 2599 Qid
1353 2554 1436 2582 tum
1460 2546 1472 2581 ?
1494 2558 1677 2597 parumne
1693 2547 1817 2585 multa

437 2608 482 2651 de
503 2609 692 2648 toleranda
710 2618 928 2663 paupertate
947 2610 1153 2649 dicuntur?
1203 2611 1290 2661 Jam
1322 2624 1408 2649 vero
1435 2610 1610 2657 exilium,
1642 2612 1666 2650 fi
1688 2625 1816 2650 rerum
