2330 2983
543 243 619 281 144
967 228 1072 268 DE
1131 227 1513 267 F1N1BUs

539 332 724 374 diximus,
756 339 794 367 et
814 328 974 382 quidem
993 342 1086 366 cum
1105 328 1233 380 aliqua
1251 327 1418 380 querela,
1451 340 1528 365 non
1551 327 1779 366 Graecorum
1804 328 1935 374 modo,

540 398 601 437 sed
621 397 735 434 etiam
757 409 905 439 eorum,
941 395 1009 447 qui
1028 394 1063 432 se
1084 394 1241 433 Graecos
1261 394 1383 447 magis
1412 406 1532 446 quam
1553 393 1696 432 nostros
1717 392 1847 432 haberi
1867 408 1937 433 vo-

540 464 638 507 lunt,
672 475 739 500 nos
774 475 852 499 non
885 460 1004 499 modo
1033 473 1112 498 non
1132 461 1235 498 vinci
1265 473 1285 498 a
1312 460 1457 498 Graecis
1485 459 1689 498 verborum
1721 460 1845 512 copia,
1876 459 1939 498 sed

538 529 608 567 effe
628 529 669 566 in
689 541 731 565 ea
745 527 860 565 etiam
884 525 1092 579 superiores
1107 544 1118 571 5
1151 525 1424 564 elaborandum
1446 525 1511 569 est,
1536 534 1578 562 ut
1597 523 1673 563 hoc
1693 539 1771 563 non
1792 525 1832 563 in
1849 525 1938 563 nos—

540 595 606 632 tris
627 593 751 632 solum
778 592 938 636 artibus,
970 591 1032 629 sed
1052 591 1168 629 etiam
1189 591 1230 629 in
1250 589 1408 629 illorum
1435 589 1619 642 ipsorum,
1646 590 1936 642 consequamur.

540 661 777 712 Qanquam
806 671 848 695 ea
877 657 1004 702 verba,
1035 657 1176 709 quibus
1209 669 1257 694 ex
1291 655 1465 694 instituto
1492 666 1664 694 veterum
1691 656 1840 694 utimur
1870 669 1940 708 pro

539 726 703 769 Latinis,
733 734 776 762 ut
796 723 872 777 ipsa
889 723 1120 776 philqsophia‚
1153 732 1197 760 ut
1227 722 1421 766 rhetorica,
1452 721 1647 767 dialeblica,
1682 722 1938 775 grammatica,

534 792 743 845 geometria,
777 791 917 841 mqfica,
958 801 1180 841 quanquam
1216 788 1354 825 Latine
1387 800 1429 824 ea
1461 787 1538 825 diei
1569 797 1758 839 poterant,
1793 797 1939 832 tamen,

539 857 723 909 quoniam
745 855 813 893 usu
843 862 990 905 recepta
1021 852 1121 897 sunt,
1148 852 1272 890 nostra
1291 852 1489 890 ducamus.
1522 852 1653 904 Atque
1672 851 1755 890 haee
1781 851 1940 904 quidem

538 922 585 959 de
605 934 732 959 rerum
749 919 988 958 nominibus.

594 989 656 1026 De
686 987 774 1040 ipsis
795 986 908 1024 rebus
939 994 1068 1023 autem
1097 984 1369 1039 saepenumero,
1401 986 1531 1030 Brute,
1563 997 1707 1030 vereor,
1739 997 1787 1023 ne
1810 997 1937 1038 repre-

537 1053 696 1098 hendar,
729 1066 820 1091 cum
843 1051 923 1090 haec
943 1051 989 1089 ad
1020 1061 1056 1089 te
1086 1051 1263 1096 scribam,
1297 1052 1363 1104 qui
1394 1065 1488 1089 cum
1508 1051 1548 1089 in
1569 1049 1826 1104 philosophia,
1854 1059 1941 1089 tum

537 1122 580 1159 in
601 1120 753 1173 optimo
772 1132 907 1172 genere
928 1117 1195 1171 philosophice,
1217 1127 1369 1156 tantum
1386 1117 1618 1171 processeris.
1651 1117 1771 1170 Qod
1790 1117 1817 1156 fi
1834 1115 1939 1156 face-

540 1201 620 1226 rem
641 1186 743 1239 quafi
765 1197 801 1224 te
821 1185 1011 1229 erudiens,
1042 1185 1128 1236 jure
1148 1183 1454 1237 reprehenderer.
1502 1185 1573 1223 Sed
1593 1184 1640 1223 ab
1659 1198 1705 1222 eo
1725 1183 1940 1238 plurimum

539 1253 701 1297 absum,
734 1265 871 1304 neque,
903 1260 946 1288 ut
970 1264 1012 1288 ea
1031 1250 1248 1303 cognoscas,
1276 1264 1360 1303 quae
1392 1251 1463 1289 tibi
1499 1251 1690 1289 notissima
1709 1251 1810 1296 sunt,
1838 1250 1883 1289 ad
1905 1259 1943 1288 te

539 1320 669 1364 mitto,
701 1318 762 1356 sed
792 1318 881 1370 quia
900 1315 1088 1355 facillime
1122 1317 1162 1355 in
1184 1317 1342 1355 nomine
1372 1326 1440 1355 tuo
1473 1317 1686 1369 acquiesco,
1715 1326 1752 1355 et
1782 1317 1873 1370 quia
1904 1326 1941 1355 te

538 1383 660 1423 habeo
681 1383 938 1437 aequiffimum
969 1395 1103 1420 eorum
1132 1382 1361 1428 studiorum,
1393 1397 1477 1435 quae
1503 1381 1604 1420 mihi
1623 1383 1848 1421 communia
1882 1392 1940 1421 te-

537 1465 630 1489 cum
652 1451 751 1495 sunt,
770 1449 1070 1488 existimatorem
1091 1458 1128 1487 et
1152 1449 1342 1501 judicem.
1382 1449 1568 1487 Attendes
1589 1449 1722 1502 igitur,
1758 1459 1801 1487 ut
1831 1448 1940 1493 soles,

539 1517 755 1570 diligenter,
790 1528 953 1567 eamque
984 1514 1278 1553 controverfiam
1315 1515 1559 1566 dijudicabis,
1602 1528 1686 1567 quae
1725 1513 1825 1553 mihi
1865 1513 1943 1553 fuit

538 1597 631 1621 cum
651 1582 841 1621 avunculo
862 1592 942 1627 tuo,
974 1581 1105 1619 divino
1135 1594 1176 1619 ac
1208 1580 1388 1633 singulari
1408 1581 1503 1618 viro.
1537 1581 1658 1626 Nam,
1689 1581 1729 1619 in
1751 1580 1942 1620 Tuscula-

538 1664 590 1688 no
610 1663 702 1688 cum
722 1649 850 1693 ess‘em,
872 1641 1090 1700 vellemque
1108 1661 1128 1686 e
1155 1646 1391 1686 bibliotheca
1410 1647 1515 1700 pueri
1533 1648 1691 1686 Luculli
1711 1647 1941 1700 quibusdam

539 1716 647 1754 libris
669 1715 739 1760 uti,
762 1714 847 1753 veni
868 1714 908 1752 in
926 1714 1007 1765 ejus
1028 1714 1176 1759 villam,
1208 1723 1251 1752 ut
1271 1727 1333 1752 eos
1354 1713 1432 1766 ipse
1455 1714 1516 1765 (ut
1536 1713 1722 1764 solebam)
1741 1714 1829 1752 inde
1849 1727 1941 1766 pro-

537 1796 697 1821 merem.
776 1795 823 1819 uo
841 1794 934 1819 cum
956 1779 1150 1825 venissem,
1181 1781 1246 1819 Μ.
1276 1781 1482 1825 Catonem,
1503 1794 1622 1832 quem
1648 1781 1704 1819 ibi
1724 1779 1795 1818 effe
1816 1779 1940 1818 nesci-

536 1862 654 1893 eram,
673 1849 751 1886 vidi
771 1847 811 1885 in
832 1845 1070 1885 bibliotheca
1089 1846 1297 1891 sedentem,
1320 1846 1454 1884 multis
1475 1845 1757 1885 circumfusum
1791 1846 1941 1885 Stoico-

538 1928 626 1952 rum
648 1914 768 1952 libris.
802 1913 894 1950 Erat
919 1913 1038 1958 enim,
1062 1922 1103 1950 ut
1123 1912 1207 1958 seis,
1231 1912 1270 1950 in
1291 1925 1336 1950 eo
1357 1910 1578 1951 inexhausta
1596 1911 1752 1950 aviditas
1774 1911 1941 1965 legendi,

538 1993 608 2018 nec
630 1979 750 2018 satiari
767 1987 914 2032 poterat
932 1992 939 2015 :
973 1979 1118 2031 quippe
1139 1979 1206 2030 qui
1229 1991 1274 2016 ne
1295 1977 1627 2031 reprehenlionem
1647 1978 1806 2030 quidem
1834 1978 1942 2031 vulgi

537 2046 692 2084 inanem
711 2044 975 2089 reformidans,
1007 2045 1046 2082 in
1069 2043 1145 2097 ipsa
1162 2044 1266 2082 curia
1286 2043 1418 2082 soleret
1450 2044 1572 2096 legere
1593 2043 1700 2096 saepe,
1723 2044 1817 2082 dum
1834 2043 1940 2082 sena-

540 2122 600 2150 tus
621 2121 834 2165 cogeretur,
858 2109 955 2149 nihil
973 2124 1095 2163 opera:
1116 2109 1337 2163 reipublicae
1352 2109 1552 2148 detrahens
1570 2128 1581 2154 ;
1613 2123 1692 2162 quo
1714 2110 1834 2162 magis
1857 2120 1942 2148 tum

539 2179 578 2216 in
611 2178 764 2216 summo
797 2177 891 2221 otio,
920 2177 1167 2229 maximaque
1186 2177 1309 2229 copia,
1340 2175 1442 2228 quali
1474 2175 1635 2214 helluari
1666 2176 1789 2221 libris,
1812 2175 1836 2214 si
1867 2175 1941 2214 hoc

539 2244 654 2282 verbo
675 2244 712 2282 in
736 2254 812 2282 tam
829 2244 928 2282 clara
944 2257 980 2281 re
1003 2243 1190 2282 utendum
1210 2244 1276 2287 est,
1297 2243 1509 2281 videbatur.

594 2310 711 2362 Qod
745 2324 837 2349 cum
869 2309 1073 2354 accidisset,
1106 2319 1146 2347 ut
1188 2310 1280 2347 alter
1312 2309 1474 2347 alterum
1507 2310 1755 2363 nec-opinato
1793 2309 1940 2348 videre-

539 2390 641 2421 mus,
674 2376 832 2415 surrexit
854 2376 993 2414 statim.
1028 2375 1178 2413 Deinde
1199 2376 1321 2428 prima
1348 2375 1425 2419 illa,
1453 2389 1537 2427 qua·
1557 2377 1594 2413 in
1625 2375 1822 2429 congrell'u
1844 2374 1940 2414 sole-

540 2456 655 2479 mus:
689 2442 797 2494 (Qid
815 2451 870 2487 tu,
902 2441 1043 2496 inquit,
1076 2439 1183 2479 huc?
1215 2456 1234 2478 c
1254 2441 1341 2478 villa
1362 2441 1482 2485 enim,
1515 2441 1657 2483 credo:
1689 2452 1740 2486 ct,
1773 2441 1796 2479 si
1829 2441 1883 2479 ibi
1903 2450 1940 2478 te

539 2507 609 2544 cll'e
627 2507 783 2552 scill‘cm,
806 2508 850 2546 ad
874 2517 908 2546 tc
931 2507 1006 2561 ipse
1027 2507 1218 2546 venill‘em.
1273 2507 1381 2550 licii,
1420 2508 1592 2559 inquam,
1622 2508 1720 2546 ludis
1751 2505 1938 2545 commis-

540 2571 600 2617 sis,
631 2585 675 2611 cx
700 2573 790 2612 urbe
811 2572 1003 2627 proscc'lus
1025 2573 1110 2613 veni
1131 2573 1177 2612 ad
1204 2572 1413 2627 vesperum.
1461 2573 1580 2613 Causa
1599 2583 1727 2613 autem
1760 2570 1836 2612 fuit
1863 2569 1939 2609 huc
