2330 2983
794 234 1084 293 VARxAE
1149 250 1702 292 LEcT1oNES.

503 367 562 433 {97
586 398 618 417 21
643 395 671 417 et
686 387 787 417 cumE
804 388 868 418 0d.

586 438 622 458 22
644 438 679 457 ex
695 429 718 457 E
733 438 747 457 e

585 468 622 497 26
645 468 734 497 sensus

587 510 624 537 28
646 516 674 537 et
692 510 714 537 E
730 509 758 538 U
773 508 800 536 l.

586 557 622 587 29
643 549 767 586 accipiat
780 548 866 577 etiam
879 549 902 577 E
916 550 1026 586 accipr'at

503 588 562 627 498
606 598 621 616 z
643 596 770 616 naturam
785 587 812 624 4
825 589 851 615 d.

606 629 623 656 8
644 628 757 657 Etenim
770 628 796 661 4
812 627 913 664 Necff
926 628 962 664 est

604 676 624 706 9
645 675 678 696 ut
691 668 820 705 voluptas
833 668 863 696 U
877 667 994 704 voluptas

583 723 624 730 —
645 707 812 736 interimunt
826 706 854 735 O
868 707 897 736 U
911 709 1068 735 interimant

587 756 597 776 ι
608 756 622 775 2
644 754 693 775 aut
708 747 730 774 E
744 753 774 774 ut

832 467 921 507 igitur
935 467 1040 497 animai
1057 468 1085 497 Ο
1099 469 1125 497 d.

588 796 624 824 ¹4
644 795 776 816 concreta
790 785 817 823 4
831 794 976 815 concretum

587 836 623 855 22
648 827 705 865 Qi
726 828 748 855 E
767 827 793 855 d.

584 881 625 889 —
645 867 769 905 intelligi
783 867 806 895 E
820 867 888 904 quod
897 865 1012 903 intelligi

588 917 624 945 23
646 915 758 935 omnem
774 908 832 935 vim
847 907 873 942 4
886 909 970 934 omnia
983 915 1059 934 unum

588 957 625 984 24
646 946 803 975 animantes
818 946 841 975 E
855 948 997 975 animantis

587 996 621 1024 3¹
647 996 732 1024 quam
749 987 771 1015 E
785 987 812 1015 d.

588 1037 602 1064 3
608 1037 622 1065 ς
646 1026 715 1065 igne
729 1027 751 1054 E
767 1029 824 1063 igni

505 1076 564 1106 499
607 1068 623 1095 8
644 1065 726 1095 vobis
742 1067 764 1094 E
777 1067 845 1095 nobis

589 1116 598 1136 ι
612 1116 620 1135 ι
647 1115 682 1134 ne
695 1107 720 1141 ψ
735 1116 779 1135 nec

590 1156 600 1175 ι
609 1157 627 1184 4
646 1146 762 1175 interire
775 1147 801 1181 4
814 1148 919 1174 nutrire

584 1201 627 1209 —
647 1196 703 1214 non
720 1187 742 1215 E
758 1187 785 1214 d.

589 1237 599 1255 1
609 1236 624 1264 7
646 1235 696 1254 nos
711 1225 738 1261 4
753 1235 801 1253 non

589 1276 625 1303 ¹9
647 1266 752 1294 constat
765 1265 789 1293 E
805 1264 907 1302 conficit

588 1316 627 1336 20
648 1314 700 1333 nec
713 1305 766 1334 ess'e
777 1305 802 1338 4
816 1304 909 1342 necgffe

588 1356 626 1383 27
648 1344 845 1383 voluptatibus
858 1345 886 1372 O
900 1346 930 1372 in
943 1342 1121 1381 voluptatibus

590 1396 624 1425 35
647 1386 759 1414 Tenem
773 1384 796 1413 E
809 1386 836 1413 O
847 1384 957 1413 ‘sennem
969 1383 998 1412 U
1011 1383 1120 1412 Tenum
1134 1383 1159 1418 4
1169 1382 1219 1411 “Te-

695 1426 778 1454 m'dem

609 1474 626 1495 2
648 1465 732 1494 nostri
748 1466 770 1494 E
787 1465 815 1494 Ο
830 1464 942 1501 nostrum

610 1517 624 1545 ς
648 1505 727 1544 Qid
743 1506 766 1534 E
779 1506 851 1543 Qis

605 1548 622 1575 8
645 1545 740 1584 pluses
757 1547 780 1575 E
788 1545 876 1583 pluris

591 1596 628 1616 ιο
649 1586 808 1614 belluarum
823 1585 847 1613 E
859 1585 991 1612 beluarum

591 1636 621 1655 11
649 1625 762 1663 Nepam
777 1623 805 1661 4
819 1625 917 1662 Lupum

592 1676 602 1695 1
612 1676 626 1704 3
651 1665 711 1693 haec
726 1665 749 1693 E
763 1666 790 1693 d.

591 1716 625 1745 ις
650 1704 783 1734 sermonis
798 1705 821 1733 E
836 1703 864 1739 4
869 1702 988 1740 sermone

591 1746 627 1776 16
648 1755 766 1784 ecquem
778 1744 802 1773 E
815 1743 874 1773 baec
887 1753 960 1781 quem

590 1796 601 1816 ι
610 1796 626 1823 7
648 1786 745 1814 credat
760 1785 784 1813 E
797 1784 879 1812 credit

591 1836 601 1855 1
610 1829 626 1856 8
647 1825 748 1854 reddes
762 1825 790 1854 0
805 1825 835 1854 U
846 1824 920 1853 redde

588 1876 622 1896 21
650 1867 750 1894 Oetaeo
764 1865 788 1894 E
803 1864 901 1894 ouheo
915 1864 942 1893 Ο
957 1865 1084 1892 Metaoem
1099 1861 1129 1892 U
1145 1861 1222 1891 Ollto

586 1922 628 1930 —
649 1906 736 1936 illatae
750 1906 778 1934 Ο
791 1906 859 1933 late

587 1961 629 1969 ·—
650 1946 757 1975 fuerint
773 1945 802 1974 U
808 1946 927 1982 fuerunt

585 2001 626 2010 ·-
648 1986 752 2015 Accius
766 1985 795 2015 U
809 1986 902 2013 Attius

589 2037 606 2057 2
611 2037 626 2065 3
648 2026 818 2055 excess‘ernnt
849 2024 907 2054 vita
936 2024 959 2054 E
987 2023 1144 2060 excsserunt
1172 2023 1223 2051 οἰκ

733 2076 792 2094 uam

590 2202 628 2210 —
652 2186 673 2215 ii
686 2186 709 2215 E
723 2185 753 2213 bi

593 2228 630 2257 28
651 2227 734 2265 Jove·
747 2225 768 2253 E
783 2226 865 2264 Jovit

591 2276 630 2305 29
651 2267 675 2295 in
690 2267 714 2295 E
731 2266 759 2295 U
773 2266 799 2295 d.

509 1475 567 1507 500

1268 359 1302 387 pn

1272 398 1324 428 50¹

1276 1276 1333 1306 502

1372 388 1390 417 6
1411 398 1496 426 quam
1512 387 1538 423 4
1552 396 1628 425 quam
1639 388 1670 415 de

1371 438 1386 465 7
1409 429 1507 466 sequar
1522 429 1544 456 E
1551 428 1646 464 sequor

1371 478 1389 506 9
1410 467 1515 496 Panisci
1529 466 1706 501 4-Panty'cine

1355 517 1389 536 ιο
1409 508 1508 575 isgitur.
1533 509 1572 536 At
1586 507 1610 534 E
1626 507 1761 575 Ιξῖιιιὲῗ

1350 563 1391 570 -
1424 556 1473 575 unt
1574 555 1629 574 tem
1666 556 1681 575 a
1755 570 1760 575 .

1357 597 1386 616 ιι
1414 587 1492 623 Quid
1506 586 1595 625 igitur
1610 557 1678 615 Opd.
1693 587 1721 616 U
1734 586 1760 623 4
1776 589 1860 624 igitur

1355 637 1388 665 ¹3
1411 627 1505 655 Deum
1520 627 1545 660 4
1557 625 1625 655 Deos

1353 677 1391 704 14
1410 667 1535 704 Cocytus
1551 667 1579 695 U
1595 667 1697 704 Cocytos

1351 722 1392 729 -
1413 707 1484 744 Styx
1501 705 1527 741 4
1542 707 1609 743 Pyri

1358 756 1390 785 ις
1414 746 1465 775 Dii
1482 745 1600 782 putandi
1616 745 1640 773 Ε
1654 745 1792 783 deputandi

1351 801 1391 808 -
1412 787 1451 814 At
1466 786 1488 813 E
1505 786 1550 812 Ad

1358 826 1392 854 16
1414 825 1529 864 quidem
1556 825 1579 853 E
1605 825 1704 862 quidem
1729 825 1922 863 repudiandum.
1954 835 1986 854 rte

1455 867 1540 893 Orcus
1553 866 1654 902 quidem

1352 922 1392 928 —-·
1415 905 1502 943 igitur
1512 905 1536 940 4
1549 908 1648 933 ficitur

1357 957 1389 982 ¹7
1413 955 1481 984 ergo
1497 947 1525 973 Ο
1540 946 1566 973 d.

1355 996 1393 1016 20
1414 986 1509 1014 aiebat
1522 985 1548 1020 4
1562 986 1655 1023 agebat

1352 1041 1394 1051 .-
1415 1026 1435 1054 ii
1451 1025 1474 1053 E
1486 1025 1527 1052 hii

1356 1076 1393 1096 22
1415 1065 1451 1094 ad
1465 1064 1492 1101 4
1503 1066 1574 1103 apud

1355 1107 1391 1136 26
1413 1106 1511 1134 Metus
1526 1105 1549 1133 E
1566 1105 1648 1132 modus
1662 1104 1691 1133 Ο
1706 1103 1736 1134 U
1748 1111 1827 1132 motus

1357 1157 1394 1185 29
1415 1154 1513 1174 omnes
1528 1145 1551 1173 E
1565 1147 1644 1172 omnis

1357 1196 1392 1225 33
1417 1187 1456 1214 At
1470 1185 1493 1213 E
1509 1185 1537 1212 A
1549 1191 1574 1213 te

1358 1236 1396 1264 34
1416 1225 1467 1254 Dii
1484 1225 1506 1252 E
1520 1224 1561 1252 dci

1380 1275 1390 1294 1
1417 1263 1496 1303 Qid
1511 1264 1537 1298 4
1551 1266 1595 1300 qui

1377 1316 1392 1344 3
1416 1312 1538 1343 quorum
1553 1303 1576 1331 E
1592 1311 1640 1340 quo

1376 1356 1391 1384 ς
1415 1353 1504 1373 matre
1519 1343 1541 1371 E
1557 1353 1569 1371 e
1582 1350 1667 1370 matre

1354 1401 1396 1408 —
1416 1385 1465 1418 est,
1480 1384 1508 1412 0
1522 1392 1582 1420 quae
1596 1383 1631 1419 est

1375 1426 1395 1455 6
1417 1422 1612 1462 Astypalenses
1628 1423 1652 1450 E
1667 1421 1844 1461 Ast5P⁰l¹fi¹¹se
1863 1423 1891 1452 Ο
1915 1422 1991 1459 Asty-

1457 1463 1556 1502 palinse
1564 1463 1590 1491 U
1601 1464 1651 1500 asti
1657 1463 1739 1500 pallis
1748 1463 1801 1499 inse
1811 1463 1836 1498 4
1845 1463 1990 1501 Astipaleffi

1355 1520 1396 1530 —
1414 1503 1536 1534 insulani
1552 1502 1581 1531 U
1596 1504 1706 1540 insulan
1720 1503 1745 1537 4
1759 1503 1846 1539 insula

1378 1557 1394 1584 7
1420 1545 1528 1573 Rhesus
1544 1542 1567 1571 E
1580 1543 1608 1571 Ο
1625 1543 1652 1573 U
1663 1543 1689 1578 ψ
1702 1543 1809 1580 ‘Thtseus

1377 1588 1394 1614 8
1416 1585 1444 1614 Si
1459 1585 1485 1619 4
1500 1584 1551 1614 Sed

1358 1641 1399 1648 —-
1421 1635 1476 1654 non
1494 1626 1517 1653 E
1532 1625 1558 1651 A.

1363 1675 1372 1694 1
1387 1675 1395 1694 ι
1423 1665 1510 1694 Balbe
1525 1664 1549 1692 E
1560 1664 1588 1692 d.

1361 1715 1396 1734 12
1419 1705 1549 1734 Hecaten
1567 1704 1589 1731 E
1605 1703 1750 1732 flechm-

1362 1747 1396 1774 16
1418 1745 1498 1773 lucus
1513 1742 1542 1772 U
1557 1744 1623 1772 lum

1362 1787 1397 1814 18
1418 1784 1549 1812 scelerum
1565 1785 1590 1816 ψ
1597 1783 1705 1819 scelerit

1362 1834 1397 1864 19
1420 1823 1471 1853 Dii
1487 1823 1510 1851 E
1527 1824 1555 1852 Ο
1569 1824 1612 1851 dei

1357 1880 1398 1887 —
1419 1863 1509 1893 Natio
1523 1863 1549 1898 4
1566 1863 1658 1898 Nostin

1361 1915 1397 1934 22
1420 1903 1511 1932 Natio
1527 1902 1554 1939 4
1565 1903 1657 1940 Nasci·

1362 1955 1397 1980 ²7
1420 1943 1582 1982 accepimus
1598 1943 1621 1971 Ε
1636 1942 1664 1971 0
1677 1941 1706 1970 U
1721 1943 1859 1980 mipinns

1361 1994 1398 2023 ²9
1419 1983 1600 2022 repudiemus
1616 1983 1640 2012 Ε
1656 1982 1785 2020 rep-dica

1362 2033 1401 2063 30
1421 2023 1482 2053 ibes
1497 2023 1521 2052 E
1537 2024 1566 2053 U
1581 2024 1632 2051 ibis

1358 2081 1400 2088 —
1420 2064 1529 2103 aspidas
1545 2065 1568 2092 Ε
1582 2062 1678 2100 afflues

1359 2120 1400 2129 ·-
1421 2103 1580 2132 crocodilos
1596 2103 1618 2131 E
1634 2102 1662 2130 O
1676 2103 1706 2131 U
1720 2102 1864 2131 crocodillos

1362 2155 1377 2183 3
1386 2155 1397 2173 ι
1422 2144 1490 2173 feles
1505 2143 1637 2180 Bsenitu

1363 2195 1399 2223 3²
1422 2193 1590 2222 reponemus
1604 2183 1626 2211 Ε
1643 2189 1791 2220 repo-amu

1363 2235 1400 2263 34
1421 2234 1485 2263 quae
1501 2224 1524 2253 Ε
1539 2223 1568 2252 0
1582 2223 1610 2253 U
1626 2229 1652 2250 ee

1359 2280 1400 2288 —
1421 2264 1584 2294 Leucothen
1599 2264 1628 2292 Ο
1643 2262 1785 2291 Lmhnn

592 2316 628 2346 33
652 2307 778 2346 Qatnu
808 2306 832 2335 Ε
858 2306 901 2335 eni
927 2311 1041 2344 quantu:
1064 2305 1093 2336 Ο
1120 2305 1147 2341 4
1174 2305 1225 2334 Cui
1283 2315 1339 2346 503
1387 2315 1397 2333 1
1424 2304 1690 2334 ἀίεἰιιιι-υλίηιιν

590 2401 632 2410 -.
651 2394 679 2415 ε.
694 2353 807 2416 1'2'3'1'1'
817 2384 844 2422 ψ
854 2386 889 2423 .st

593 2435 629 2465 35
653 2427 813 2456 Alcumena
829 2427 851 2456 E
867 2426 896 2455 0
912 2426 1035 2455 Ale-ena

512 2475 566 2507 ςοι
611 2477 629 2497 2
650 2467 813 2507 accepimns
827 2467 852 2497 Β
865 2467 1005 2505 accipiam

1384 2356 1399 2375 2
1422 2344 1554 2383 Pasiph-e
1571 2344 1593 2373 Ε
1606 2344 1635 2373 O
1648 2342 1756 2380 Pafipbe
1768 2343 1797 2373 U
1809 2341 1836 2378 ψ
1850 2343 1975 2382 Phastplu

1360 2400 1401 2408 —
1422 2395 1438 2413 e
1453 2383 1580 2413 Perseide
1597 2384 1619 2412 Ε
1632 2391 1657 2412 u
1674 2383 1723 2411 Eu
1735 2383 1850 2420 Pastide
1861 2385 1888 2413 Ο
1903 2391 1928 2413 n
1939 2393 1996 2414 uec

1465 2425 1564 2462 perfidt
1578 2424 1607 2454 U
1622 2422 1649 2458 4
1663 2430 1688 2451 et
1703 2432 1742 2452 see
1754 2424 1855 2462 perfide

1362 2481 1403 2490 —
1422 2465 1532 2495 oceani
1545 2465 1574 2495 0
1586 2463 1615 2494 U
1629 2465 1731 2493 ucenae·
