2330 2983
772 261 1373 301 LUCULLUS.
1722 278 1766 318 31

373 356 456 396 haec
476 354 803 395 Academicorum
836 354 890 392 est
910 367 985 394 una
1005 354 1201 400 sententia,
1233 368 1351 407 quam
1382 353 1620 407 reliquorum
1641 355 1772 409 philo-

373 421 584 475 sophorum
604 434 721 459 nemo
739 419 890 473 probet.
923 420 1057 472 Itaque
1076 420 1180 458 ceffit
1192 438 1204 465 ;
1227 430 1265 458 et
1286 430 1329 459 ut
1348 420 1389 464 ii,
1405 420 1473 472 qui
1493 421 1561 459 nifi
1582 421 1650 460 sub
1670 423 1773 462 nube

371 487 490 527 solem
510 499 589 525 non
605 484 734 524 ferunt
751 503 763 531 3
794 486 889 523 item
909 485 989 530 ille,
1014 499 1107 523 cum
1128 485 1310 530 aestuaret,
1332 495 1518 531 veterum,
1542 496 1585 525 ut
1605 488 1771 527 Maenia-

374 566 527 598 norum,
550 552 598 590 s1c
619 551 947 590 Academicorum
967 551 1146 590 umbram
1167 552 1316 590 secutus
1335 551 1402 590 est.

429 620 600 670 Qoque
619 617 762 656 solebat
793 617 851 655 uti
882 626 1110 669 argumento
1138 626 1238 661 tum,
1274 630 1366 655 cum
1400 616 1435 655 ei
1469 617 1644 670 placebat
1674 618 1774 658 nihil

371 685 473 738 posse
493 684 654 737 percipi,
685 697 778 721 cum
798 693 996 735 quaereret,
1029 683 1236 734 Dionyfius
1263 683 1329 721 ille
1363 684 1611 723 Heracleotes
1644 684 1775 724 utrum

372 749 719 803 comprehendisset
751 749 854 788 certa
883 749 950 787 illa
981 749 1086 795 nota,
1130 763 1206 802 qua
1235 748 1399 787 affentiri
1429 750 1557 788 dicitis
1589 761 1774 803 oportere,

373 816 534 861 illudne,
565 815 671 868 quod
700 815 844 854 multos
865 827 983 854 annos
1015 814 1203 859 tenuiffet,
1235 814 1465 866 Zenonique
1490 816 1670 867 magistro
1689 830 1774 855 cre-

372 881 535 926 didiffet,
564 880 770 919 honestum
801 880 907 932 quod
927 879 1028 925 esset,
1059 880 1098 918 id
1126 880 1274 918 bonum
1294 880 1419 917 solum
1450 880 1520 918 effe
1536 899 1548 925 ς
1580 895 1640 926 an,
1669 882 1776 934 quod

373 946 499 999 postea
518 944 819 990 defenfitaviffet,
851 944 999 983 honesti
1024 945 1136 983 inane
1155 959 1299 983 nornen
1320 945 1404 989 effe,
1438 946 1675 998 voluptatem
1705 947 1778 985 effe

371 1012 571 1050 summum
588 1011 736 1049 bonum
751 1028 764 1055 ;
796 1010 866 1062 qui
885 1024 932 1049 ex
952 1010 1057 1050 illius
1078 1019 1318 1049 commutata
1338 1010 1522 1049 sententia
1537 1012 1672 1049 docere
1692 1013 1775 1050 vel-

372 1077 440 1121 let,
463 1075 562 1115 nihil
582 1076 635 1114 ita
654 1076 790 1129 signari
810 1076 850 1115 in
870 1076 1010 1116 animis
1034 1076 1168 1114 nostris
1190 1090 1210 1114 a
1228 1090 1318 1115 vero
1338 1075 1452 1128 posse,
1484 1077 1590 1128 quod
1610 1091 1687 1115 non
1707 1092 1775 1116 eo-

374 1143 464 1181 dem
485 1143 602 1181 modo
622 1142 734 1195 poffit
752 1156 774 1181 a
791 1141 898 1187 falso,
934 1142 965 1180 is
987 1142 1146 1187 curavit,
1177 1142 1282 1195 quod
1301 1152 1575 1195 argumentum
1605 1157 1652 1187 ex
1673 1144 1776 1183 Dio-

373 1209 478 1261 nysio
499 1208 574 1261 ipse
594 1207 818 1260 sumpfiffet,
840 1222 887 1246 ex
906 1221 951 1247 eo
971 1208 1097 1246 caeteri
1116 1207 1324 1247 sumerent.

399 1276 555 1314 XXIII.
589 1275 660 1313 Sed
694 1288 787 1313 cum
807 1273 882 1313 hoc
913 1274 988 1313 alio
1008 1274 1095 1313 loco
1114 1275 1249 1328 plura:
1282 1288 1385 1313 nunc
1415 1275 1462 1314 ad
1481 1289 1536 1320 ea,
1567 1289 1652 1328 quae
1677 1290 1698 1314 a
1724 1285 1779 1321 te,

372 1341 555 1385 Luculle,
589 1341 690 1379 dieta
708 1340 808 1379 sunt.
854 1341 908 1378 Et
927 1341 1116 1393 primum,
1147 1340 1251 1392 quod
1271 1341 1385 1379 initio
1415 1341 1556 1385 dixisti,
1578 1341 1777 1384 videamus

372 1407 486 1460 quale
506 1407 550 1444 fit
568 1421 577 1445 :
599 1406 772 1444 similiter
786 1420 807 1444 a
826 1406 937 1444 nobis
953 1406 999 1444 de
1019 1407 1186 1458 antiquis
1206 1405 1446 1459 philosophis
1463 1409 1779 1454 commemorari,

375 1482 489 1524 atque
510 1471 671 1509 seditiosi
698 1470 858 1509 solerent
877 1471 997 1510 claros
1017 1471 1131 1516 viros,
1154 1471 1216 1509 sed
1237 1481 1365 1509 tamen
1384 1472 1584 1524 populares
1611 1473 1776 1525 aliquOS,

375 1537 587 1576 nominare.
619 1535 683 1574 Illi
703 1549 795 1574 cum
815 1549 871 1574 res
891 1549 970 1574 non
990 1535 1108 1574 bonas
1139 1538 1314 1581 traffitent,
1342 1537 1482 1575 similes
1503 1537 1696 1575 bonorum
1717 1539 1778 1576 vi-

376 1603 455 1641 deri
477 1602 626 1641 volunt.
658 1601 744 1640 Nos
765 1611 894 1640 autem
914 1602 1094 1646 dicimus,
1114 1616 1156 1641 ea
1167 1602 1280 1641 nobis
1296 1602 1429 1648 videri,
1451 1617 1536 1655 quae
1559 1603 1777 1657 vosmetipsi

375 1668 618 1707 nobiliffimis
638 1666 878 1721 philosophis
898 1667 1077 1720 placuiffe
1102 1668 1328 1707 conceditis.
1369 1670 1613 1722 Anaxagoras
1644 1671 1777 1708 nivem

373 1734 525 1787 nigram
545 1733 644 1772 dixit
663 1732 759 1772 effe:
781 1733 897 1772 ferres
918 1747 996 1779 me,
1017 1734 1043 1772 fi
1063 1747 1135 1786 ego
1153 1734 1256 1772 idem
1277 1735 1446 1773 dicerem
1464 1736 1477 1772 ?
1509 1745 1565 1780 tu,
1587 1749 1635 1773 ne
1655 1736 1681 1774 fi
1700 1736 1775 1774 du-

373 1800 536 1838 bitarem
553 1799 727 1852 quidem.
750 1801 806 1838 At
821 1800 908 1852 quis
923 1800 976 1838 est
995 1799 1060 1838 hic
1075 1801 1088 1837 ?
1111 1814 1207 1838 num
1223 1799 1403 1853 sophistes
1419 1802 1431 1838 ?
1453 1801 1504 1839 fic
1516 1801 1623 1839 enim
1639 1801 1774 1854 appel-

372 1866 550 1904 labantur
570 1867 611 1910 ii,
644 1866 713 1918 qui
733 1866 994 1904 ostentationis
1026 1876 1091 1904 aut
1111 1865 1273 1918 quaestfis
1292 1867 1401 1906 causa
1425 1865 1745 1920 philosophantur
1763 1882 1774 1907 z

373 1931 546 1970 maxima
563 1929 640 1968 fuit
659 1940 696 1968 et
715 1932 909 1983 gravitatis
929 1940 966 1970 et
986 1932 1132 1984 ingenii
1152 1931 1288 1984 gloria.

429 1996 538 2048 Qid
572 1996 708 2048 loquar
734 1996 780 2034 de
810 1997 1072 2035 Democrito?
1104 1998 1236 2048 Qem
1256 2010 1349 2035 cum
1380 2010 1425 2035 eo
1444 1996 1616 2035 conferre
1642 1997 1774 2051 possu-

375 2076 462 2100 mus
484 2076 562 2100 non
581 2062 700 2101 modo
720 2062 865 2114 ingenii
891 2063 1172 2116 magnitudine,
1202 2062 1264 2101 sed
1294 2063 1410 2101 etiam
1440 2063 1592 2101 animi?
1624 2065 1692 2116 qui
1722 2065 1777 2102 ita

372 2128 418 2166 fit
437 2127 546 2167 ausus
578 2128 709 2173 ordiri,
741 2130 836 2168 Haec
854 2129 974 2182 loquor
992 2129 1033 2168 de
1052 2129 1236 2181 um‘versts.
1297 2127 1414 2167 Nihil
1444 2129 1602 2181 excipit,
1631 2130 1777 2182 defluo

374 2207 451 2232 non
472 2194 693 2247 profiteatur
710 2209 719 2233 ε
744 2195 839 2246 quid
856 2196 961 2234 enim
979 2195 1049 2233 effe
1064 2196 1186 2248 potest
1201 2204 1306 2233 extra
1323 2196 1491 2233 universa
1506 2197 1518 2232 ?
1595 2196 1651 2234 uis
1667 2195 1773 2234 hunc

374 2258 654 2312 philosophum
685 2273 763 2298 non
793 2261 991 2313 anteponit
1025 2260 1221 2306 Cleanthi,
1264 2260 1496 2315 Chrysippo,
1542 2261 1775 2313 reliquisque

373 2324 562 2364 inferioris
583 2326 701 2364 aetatis
720 2326 733 2363 ?
765 2327 832 2378 qui
854 2325 954 2366 mihi
975 2341 1067 2365 cum
1088 2327 1158 2364 illo
1177 2327 1307 2366 collati
1328 2328 1473 2379 quintae
1498 2327 1618 2365 claffis
1637 2327 1772 2364 viden-

375 2398 451 2428 tur.
488 2392 620 2443 Atque
640 2392 671 2430 is
692 2405 770 2430 non
789 2390 866 2430 hoc
887 2392 996 2437 dicit,
1024 2393 1128 2445 quod
1150 2406 1233 2437 nos,
1255 2393 1323 2445 qui
1342 2394 1419 2430 veri
1440 2392 1510 2430 effe
1530 2393 1674 2443 aliquid
1695 2406 1773 2430 non

373 2468 573 2507 negamus,
603 2458 748 2510 percipi
778 2457 879 2510 poffe
899 2472 1097 2511 negamus.
1158 2458 1229 2497 Ille
1257 2472 1391 2496 verum
1417 2458 1488 2496 effe
1508 2457 1618 2510 plane
1645 2468 1774 2511 negat.

375 2521 461 2560 Effe
494 2521 620 2562 sensus
657 2523 815 2576 quidem
849 2524 958 2571 dicit,
1002 2525 1065 2563 sed
1098 2525 1277 2567 obscuros
1313 2534 1350 2563 et
1386 2523 1652 2564 tenebricosos.
1712 2525 1773 2562 Sic
