2330 2983
581 278 657 315 242
884 260 1662 302 TUSCULANARUM

576 366 689 404 etiam
712 364 736 402 fi
758 377 835 402 non
856 363 913 407 fit,
944 361 1042 401 mihi
1064 371 1189 401 tamen
1210 362 1418 416 persuaderi
1438 361 1568 400 velim.
1619 361 1832 400 MARcus.
1860 361 1970 413 Qid

577 431 649 468 tibi
670 443 759 482 ergo
777 442 890 481 opera
919 428 1042 466 nostra
1066 442 1161 481 opus
1181 428 1234 466 est
1251 429 1264 466 ?
1307 429 1419 467 Num
1448 428 1666 480 eloquentia
1686 427 1885 465 Platonem
1905 426 1970 464 su-

575 510 703 550 perare
733 495 956 548 polsumus?
1002 495 1147 533 Evolve
1167 495 1371 548 diligenter
1396 496 1476 547 ejus
1507 508 1598 532 cum
1628 494 1788 537 librum,
1823 493 1891 545 qui
1916 492 1971 530 est

576 561 622 599 de
641 562 799 606 animm
830 561 995 613 amplius
1016 561 1122 613 quod
1141 560 1334 605 defideres,
1358 560 1454 598 nihil
1475 560 1559 598 erit.
1610 561 1843 598 Aumron.
1877 557 1971 596 Feci

577 627 811 672 mehercule,
840 637 879 664 et
907 627 1066 679 quidem
1088 627 1219 679 saepius
1237 641 1245 665 :
1278 627 1338 664 sed
1359 627 1485 664 nescio
1503 640 1580 678 quo
1602 624 1731 670 modo,
1752 624 1847 663 dum
1867 624 1971 677 leg0,

577 693 776 738 affentior;
807 706 899 731 cum
933 692 1042 745 posui
1062 692 1221 737 librum,
1253 701 1291 730 et
1321 705 1474 729 mecum
1508 691 1585 744 ipse
1616 691 1662 729 de
1682 690 1970 729 immortalitate

577 760 796 798 animorum
827 758 929 810 coepi
959 758 1140 810 cogitare,
1173 757 1323 796 assenfio
1342 757 1469 795 omnis
1501 757 1567 794 illa
1594 756 1771 794 elabitur.
1830 756 1971 793 MAR-

579 839 672 866 cus.
706 824 814 877 Qid
843 823 950 861 hoe?
991 824 1101 861 dasne
1132 832 1197 862 aut
1227 835 1378 861 manere
1408 823 1556 860 animos
1586 821 1668 874 post
1693 829 1875 864 mortem,
1905 829 1971 858 aut

577 900 702 930 morte
721 889 799 943 ipsa
825 889 1008 928 interire?
1052 890 1286 927 Aumron.
1318 889 1382 926 Do
1402 901 1503 926 vero.
1553 887 1767 926 MARcus.
1799 885 1923 938 Qid,
1944 885 1971 924 fi

577 956 788 995 maneant?
846 956 1076 993 AumToR.
1106 955 1240 993 Beatos
1263 953 1333 992 effe
1359 953 1543 991 concedo.
1602 953 1817 991 MARCUS.
1849 952 1889 989 Si
1907 951 1970 989 in-

577 1031 720 1060 tereant
737 1021 749 1058 ?
780 1022 1013 1059 AumToR.
1045 1020 1139 1059 Non
1159 1018 1231 1057 effe
1249 1018 1418 1063 miseros,
1434 1019 1619 1071 quoniam
1639 1032 1687 1056 ne
1703 1018 1776 1056 fint
1794 1016 1970 1070 quidem.

579 1089 666 1139 Jam
687 1087 796 1131 istuc,
817 1086 937 1125 eoacti
966 1098 987 1122 a
1006 1095 1056 1131 te,
1088 1084 1202 1137 paulo
1221 1094 1307 1122 ante
1326 1083 1591 1122 conceffimus.
1641 1084 1855 1122 MARcus.
1878 1083 1972 1133 Qo

578 1154 696 1192 modo
726 1154 844 1206 igitur
877 1161 942 1190 aut
975 1166 1043 1190 cur
1063 1161 1228 1190 mortem
1249 1150 1396 1188 malum
1418 1150 1488 1188 tibi
1508 1150 1626 1188 videri
1651 1149 1762 1195 dicis,
1794 1162 1878 1201 quae
1905 1157 1972 1187 aut

578 1221 707 1258 beatos
737 1232 806 1257 nos
825 1219 979 1263 efficiet,
1014 1217 1152 1256 animis
1183 1218 1444 1261 manentibus,
1472 1226 1535 1255 aut
1566 1229 1642 1255 non
1663 1216 1831 1260 miseros,
1864 1214 1971 1253 sensu

578 1294 745 1323 carentes
765 1285 778 1321 ?

619 1351 712 1389 XII.
735 1352 962 1388 AUD1TOR.
978 1351 1140 1402 Expone
1160 1349 1290 1402 igitur,
1306 1349 1372 1387 nifi
1394 1349 1598 1387 molestum
1614 1348 1679 1393 est,
1698 1348 1870 1401 primum
1885 1346 1970 1384 ani-

578 1429 676 1461 mos,
700 1416 724 1454 fi
746 1426 866 1468 potes,
888 1428 1081 1453 remanere
1100 1414 1183 1467 post
1209 1424 1375 1453 mortem
1388 1433 1400 1459 3
1431 1424 1532 1458 tum,
1565 1415 1590 1452 si
1611 1414 1739 1452 minus
1759 1412 1799 1451 id
1816 1412 1969 1451 obtine-

578 1483 650 1526 bis,
676 1482 745 1533 (est
764 1482 869 1519 enim
889 1481 1068 1532 arduum)
1091 1480 1246 1518 docebis
1266 1494 1390 1518 carere
1409 1480 1516 1518 omni
1537 1480 1640 1518 malo
1659 1488 1840 1517 mortem.
1885 1478 1973 1530 Ego

577 1548 682 1586 enim
703 1547 796 1585 istuc
823 1546 949 1599 ipsum
978 1559 1122 1590 vereor,
1153 1559 1199 1584 ne
1219 1545 1364 1583 malum
1388 1545 1445 1589 fit,
1478 1559 1554 1584 non
1589 1546 1677 1583 dico
1696 1558 1820 1583 carere
1851 1543 1970 1587 sensu,

577 1614 639 1653 sed
660 1613 868 1652 carendum
890 1612 975 1651 esse.
1020 1613 1236 1650 MAncus.
1258 1612 1490 1650 Auctoribus
1512 1612 1668 1663 quidem
1689 1611 1735 1649 ad
1755 1611 1864 1648 istam
1884 1610 1970 1648 sen·

579 1681 752 1724 tentiam,
775 1693 890 1732 quam
913 1679 968 1716 vis
987 1678 1166 1722 obtineri,
1189 1679 1244 1716 uti
1265 1678 1424 1730 optimis
1447 1677 1668 1730 poss‘umu85
1695 1676 1799 1729 quod
1822 1677 1859 1714 in
1880 1690 1970 1714 om-

578 1746 691 1784 nibus
711 1745 828 1783 causis
847 1754 885 1781 et
905 1743 1031 1787 debet,
1050 1752 1088 1780 et
1108 1742 1200 1780 solet
1213 1743 1332 1780 valere
1353 1743 1569 1794 plurimum
1587 1757 1596 1780 z
1627 1752 1665 1780 et
1685 1739 1857 1795 primum
1878 1741 1970 1793 qui-

577 1813 662 1849 dem
683 1811 792 1849 omni
810 1810 1062 1861 antiquitate;
1094 1822 1178 1861 quae
1198 1822 1276 1860 quo
1296 1809 1455 1860 propius
1473 1809 1596 1846 aberat
1617 1808 1663 1846 ab
1683 1817 1770 1845 ortu
1789 1817 1826 1845 et
1843 1807 1971 1845 divina

578 1877 770 1929 progenie,
792 1874 866 1913 hoc
887 1875 1025 1912 melius
1044 1887 1086 1911 ea
1105 1873 1268 1918 fortasse,
1290 1887 1373 1926 quae
1393 1882 1497 1911 erant
1517 1887 1614 1918 vera,
1635 1872 1825 1910 cernebat.

633 1943 766 1994 Itaque
793 1955 915 1979 unum
948 1940 1045 1978 illud
1064 1949 1141 1977 erat
1173 1939 1327 1977 insitum
1361 1939 1490 1991 priscis
1517 1939 1610 1983 illis,
1641 1952 1737 1991 quos
1758 1939 1882 1990 Ctfivs
1899 1951 1971 1990 ap-

580 2008 693 2061 pellat
715 2007 879 2051 Ennius,
895 2005 964 2043 effe
983 2006 1020 2043 in
1044 2015 1166 2043 morte
1188 2005 1349 2048 sculum,
1371 2018 1494 2056 neque
1518 2004 1663 2042 exeess‘u
1682 2005 1766 2042 vitae
1787 2004 1835 2041 sic
1855 2003 1972 2041 deleri

578 2074 794 2117 hominem,
817 2082 857 2110 ut
880 2071 1052 2109 funditus
1087 2071 1286 2114 interiret;
1318 2071 1432 2122 idque
1452 2084 1542 2107 eum
1566 2069 1699 2107 multis
1730 2069 1810 2106 aliis
1844 2068 1969 2113 rebus,

580 2149 664 2178 tum
686 2153 706 2176 e
726 2137 927 2191 pontificio
951 2139 1035 2189 jure
1055 2146 1091 2174 et
1111 2137 1346 2174 caeremoniis
1369 2135 1626 2188 sepulcrorum
1663 2134 1824 2186 intelligi
1855 2134 1969 2179 licct5

578 2219 671 2257 quas
693 2203 872 2243 maximis
894 2203 1056 2256 ingeniis
1078 2202 1223 2255 praediti
1248 2215 1315 2239 nec
1338 2210 1438 2239 tanta
1458 2215 1547 2239 eura
1566 2200 1778 2244 coluiss‘ent‚
1799 2213 1866 2237 nec
1886 2200 1970 2238 vio-

578 2271 668 2308 latas
691 2280 767 2307 mm
789 2268 1010 2321 inexpiabili
1043 2268 1224 2319 religione
1246 2266 1457 2310 sanxissent,
1495 2266 1560 2304 nisi
1582 2264 1734 2303 haefiss‘ct
1766 2265 1802 2302 in
1837 2278 1970 2303 eorum

579 2336 787 2379 mentibus,
807 2344 969 2372 mortem
993 2348 1067 2372 non
1091 2334 1286 2371 interitum
1309 2332 1379 2369 ess'e
1398 2332 1528 2369 omnia
1548 2331 1748 2369 tollentem
1770 2340 1883 2382 atquc
1903 2331 1971 2368 de-

580 2402 738 2445 lentem,
777 2400 836 2438 scd
867 2400 1058 2452 quandam
1099 2398 1200 2451 quasi
1242 2398 1509 2450 migrationem
1547 2398 1972 2448 commutationemque

579 2468 687 2508 vitam
711 2480 795 2517 quzc
817 2466 853 2503 in
875 2465 983 2502 elaris
1004 2465 1107 2509 viris,
1129 2474 1165 2502 ct
1188 2463 1357 2501 nummis
1378 2462 1454 2500 dux
1474 2463 1510 2500 in
1532 2463 1668 2500 calum
1683 2461 1813 2499 soleret
1833 2460 1916 2505 elle,
1932 2461 1970 2498 in

579 2533 721 2570 cmtcris
744 2531 852 2569 humi
876 2533 1109 2576 retineretur,
1131 2541 1167 2568 et
1191 2539 1426 2583 permaneret
1450 2538 1590 2567 tamen.
1652 2529 1711 2567 Ex
1733 2526 1807 2566 hoc
1827 2537 1863 2564 et
1884 2525 1970 2564 nos-

581 2608 725 2636 trorum
748 2598 942 2649 opinione,
