2330 2983
615 243 890 282 LIBER
947 242 1369 281 TERTIUS.
1618 250 1689 290 153

351 347 422 386 Sed
455 345 542 384 sunt
571 353 701 384 tamen
733 345 951 398 perabsurdi
985 354 1022 383 et
1053 345 1094 390 ii,
1125 345 1207 397 qui,
1249 357 1341 382 cum
1366 341 1519 380 scientia
1550 340 1689 382 vivere,

293 413 481 451 ultimum
510 412 716 456 bonorum,
747 420 784 449 et
804 411 871 464 qui
898 411 1047 449 nullam
1068 425 1194 449 rerum
1214 409 1468 448 differentiam
1489 406 1559 444 effe
1579 406 1689 444 dixe—

295 487 397 523 runt,
427 487 541 529 atque
561 477 613 514 ita
633 476 840 529 sapientem
869 476 1024 513 beatum
1045 475 1140 519 fore,
1172 474 1271 512 nihil
1301 473 1405 511 aliud
1425 473 1488 510 alii
1510 483 1689 509 momen-

292 551 333 580 to
348 542 429 579 ullo
441 550 735 594 anteponentem
752 555 760 579 :
779 549 822 578 ut
835 540 993 592 quidam
1006 539 1230 577 Academici
1246 536 1476 575 constituisse
1491 537 1687 577 dicuntur,

292 616 510 645 extremum
530 607 722 645 bonorum
753 616 791 643 et
811 605 1009 644 summum
1030 619 1171 643 munus
1197 603 1268 642 effe
1298 603 1486 656 sapientis,
1518 600 1689 638 obsistere

291 672 390 718 vifis,
422 671 655 725 affensusque
686 671 770 709 suos
791 671 901 709 firme
921 670 1112 709 sustinere.
1158 670 1234 708 His
1262 668 1418 722 fingulis
1437 665 1587 719 copiose
1615 663 1689 702 res-

292 739 452 791 ponderi
485 738 592 777 solet.
639 738 709 776 Sed
740 752 824 790 quae
854 737 1050 791 perspicua
1073 737 1172 781 sunt,
1203 736 1317 788 longa
1347 733 1417 772 effe
1436 747 1512 771 non
1534 731 1706 770 debent.-

293 804 402 856 Qid
421 813 549 842 autem
567 804 746 856 apertius,
769 817 901 856 quam,
923 803 947 841 fi
965 803 1116 841 seleffifio
1135 802 1241 840 nulla
1260 802 1305 839 sit
1331 801 1378 838 ab
1399 800 1444 837 iis
1465 799 1591 842 rebus,
1605 809 1689 848 qua:

291 880 425 908 contra
439 879 613 908 naturam
633 869 719 914 fint,
750 883 879 907 earum
900 882 1042 913 rerum,
1069 882 1154 920 quae
1175 868 1247 906 sint
1266 865 1477 905 secundum
1498 874 1687 904 naturam,

292 936 449 974 tollatur
467 936 595 974 omnis
615 948 670 980 ea,
706 949 790 986 quae
821 944 1010 987 quaeratur
1039 934 1304 986 laudeturque‚
1336 930 1566 985 prudentia?
1598 928 1689 966 Cir-

292 1001 535 1053 cumscriptis
566 1002 686 1053 igitur
715 1001 760 1038 iis
791 1000 999 1045 sententiis,
1030 1012 1123 1051 quas
1143 999 1266 1052 posui,
1287 1007 1325 1036 et
1345 998 1406 1042 iis,
1437 1010 1521 1048 quae
1548 993 1689 1032 similes

291 1081 421 1105 earum
441 1067 540 1111 sunt,
573 1066 818 1119 relinquitur,
854 1076 897 1104 ut
917 1066 1115 1104 summum
1136 1065 1286 1103 bonum
1317 1063 1375 1107 fit,
1406 1063 1544 1105 vivere,
1566 1060 1687 1098 scien-

292 1133 386 1171 tiam
419 1132 669 1171 adhibentem
701 1145 834 1169 earum
855 1145 997 1176 rerum,
1034 1145 1119 1183 quae
1139 1130 1273 1169 natura
1291 1129 1467 1167 eveniant
1482 1145 1494 1172 3
1526 1127 1688 1178 seligen-

290 1207 385 1244 tem,
420 1212 504 1251 quae
525 1196 733 1236 secundum
752 1206 927 1235 naturam
944 1215 955 1242 ς
987 1205 1038 1242 et,
1071 1197 1098 1235 fi
1129 1210 1213 1249 quae
1238 1204 1371 1234 contra
1390 1202 1565 1232 naturam
1585 1191 1686 1233 sunt,

290 1264 551 1316 rejicientem:
574 1264 614 1301 id
633 1263 699 1308 est,
720 1264 990 1301 convenienter
1009 1271 1340 1315 congruenterque
1360 1268 1501 1297 naturae
1521 1258 1659 1295 vivere.

346 1330 418 1369 Sed
447 1330 489 1367 in
509 1330 652 1367 caeteris
683 1329 827 1367 artibus
860 1343 950 1366 cum
979 1328 1121 1366 dicitur
1140 1327 1338 1380 artfficiqfi’,
1374 1325 1566 1378 posterum
1587 1335 1687 1375 quo-

291 1395 380 1433 dam
402 1395 517 1433 modo
536 1404 572 1432 et
592 1394 825 1445 consequens
847 1393 1061 1446 putandum
1081 1393 1133 1430 est
1150 1411 1161 1437 ς
1193 1391 1299 1444 quod
1330 1391 1389 1428 illi
1414 1384 1690 1436 kmwmloeoem‘w

291 1461 497 1513 appellant.
521 1461 639 1512 Qod
659 1469 787 1497 autem
805 1460 843 1497 in
861 1473 937 1511 quo
943 1459 1132 1512 stzpienter
1151 1458 1332 1502 dicimus,
1354 1457 1393 1494 id
1408 1453 1583 1506 adprimo
1605 1465 1688 1489 rec-

292 1526 430 1564 tiffime
451 1526 604 1564 dicitur.
651 1525 855 1577 Qidquid
875 1525 981 1562 enim
1001 1537 1021 1561 a
1041 1523 1204 1576 sapiente
1232 1521 1499 1576 proficiscitur,
1531 1517 1571 1555 id
1591 1531 1688 1555 con-

291 1592 400 1630 tinuo
420 1591 533 1629 debet
552 1590 750 1643 expletum
765 1589 834 1627 effe
853 1588 1035 1627 omnibus
1056 1588 1129 1626 suis
1150 1588 1337 1641 partibus.
1371 1587 1415 1625 In
1432 1598 1476 1623 eo
1495 1583 1601 1621 enim
1615 1596 1688 1636 po-

290 1656 404 1695 fitum
419 1655 471 1693 est
491 1655 542 1699 id,
565 1655 669 1707 quod
686 1654 853 1692 dicimus
873 1653 944 1692 effe
964 1653 1238 1707 expetendum.
1284 1653 1392 1692 Nam
1419 1659 1462 1688 ut
1482 1657 1689 1702 peccatum-

288 1721 354 1766 est,
375 1721 536 1773 patriam
556 1720 728 1773 prodere,
759 1729 930 1773 parentes
950 1720 1104 1764 violare,
1131 1718 1218 1757 fana
1243 1716 1472 1771 depeculari,
1495 1728 1580 1768 quae
1600 1713 1688 1752 sunt

287 1787 327 1824 in
348 1785 486 1824 effectu
501 1805 513 1831 3
546 1787 596 1825 fic
616 1786 765 1831 timere,
787 1786 836 1824 fic
855 1799 1030 1831 moerere,
1053 1785 1102 1823 fic
1129 1785 1169 1822 in
1189 1784 1351 1823 libidine
1371 1782 1456 1827 esse,
1486 1789 1689 1834 peccatum

287 1852 352 1897 est,
383 1853 500 1890 etiam
521 1852 596 1890 fine
614 1852 766 1889 effectu.
797 1852 947 1890 Verum
967 1861 1010 1890 ut
1029 1851 1110 1889 haec
1131 1863 1208 1888 non
1228 1851 1268 1888 in
1288 1849 1444 1903 posteris
1470 1855 1508 1885 et
1527 1847 1568 1884 in
1589 1859 1685 1884 con-

289 1917 549 1970 sequentibus,
580 1917 701 1955 sedin
733 1917 868 1969 primis
899 1917 1086 1955 continuo
1104 1925 1259 1969 peccata
1289 1915 1374 1953 sunt
1391 1933 1403 1959 3
1435 1914 1485 1952 sle
1515 1927 1570 1958 ea,
1601 1928 1686 1967 quae

288 1983 584 2036 proficiscuntur
603 1997 622 2021 a
637 1984 792 2029 virtute,
810 1983 1044 2036 susceptione
1065 1983 1203 2036 prima,
1224 1995 1301 2021 non
1322 1979 1569 2034 perfectione,
1588 1982 1687 2019 reeta

288 2049 373 2087 sunt
387 2049 608 2102 judicanda.

346 2116 397 2154 X.
431 2116 585 2154 Bonum
605 2125 748 2161 autem,
771 2115 875 2168 quod
896 2115 935 2153 in
955 2114 1030 2153 hoc
1052 2114 1222 2153 sermone
1243 2113 1355 2152 toties
1376 2112 1600 2165 usurpatum
1617 2113 1683 2159 est,

283 2182 322 2220 id
352 2182 468 2220 etiam
489 2181 710 2220 definitione
735 2182 960 2234 explicetur.
1008 2181 1077 2220 Sed
1097 2194 1232 2219 eorum
1258 2179 1499 2218 definitiones
1520 2179 1681 2231 paulum

285 2248 429 2300 oppido
450 2248 549 2286 inter
568 2248 603 2285 se
623 2247 819 2292 differunt,
854 2256 892 2285 et
912 2257 1040 2286 tamen
1061 2246 1196 2285 eodem
1216 2246 1397 2299 speftant.
1457 2245 1543 2297 Ego
1563 2244 1683 2282 assen-

287 2314 360 2351 tior
380 2314 564 2366 Diogeni,
598 2314 666 2365 qui
691 2314 840 2352 bonum
861 2313 1064 2358 definierit,
1097 2313 1149 2358 id,
1171 2313 1276 2365 quod
1296 2311 1386 2350 effet
1416 2311 1549 2349 natura
1573 2311 1682 2349 abso-

285 2380 430 2417 lutum.
474 2380 518 2417 Id
537 2388 664 2417 autem
684 2380 856 2433 sequens,
887 2380 984 2418 illud
1004 2381 1121 2418 etiarn
1151 2379 1256 2432 quod
1280 2378 1466 2432 prodess‘et
1498 2375 1684 2427 (ὠφέλημα,

285 2446 391 2483 enim
409 2445 459 2482 fic
479 2445 732 2498 appellemus)
765 2456 918 2485 motum
939 2456 1004 2484 aut
1024 2446 1162 2484 statum
1188 2445 1258 2483 effe
1279 2445 1391 2489 dixit,
1421 2457 1441 2480 e
1461 2452 1594 2480 natura
1612 2442 1681 2480 ab-

286 2511 418 2551 soluta.
443 2512 624 2563 Cumque
643 2525 770 2551 rerum
791 2513 965 2552 notiones
985 2513 1024 2551 in
1044 2511 1182 2551 animis
1203 2511 1309 2555 fiant,
1328 2509 1352 2547 s1
1369 2519 1433 2547 aut
1452 2508 1519 2547 usu
1535 2508 1682 2561 aliquid

368 2578 501 2616 T0M.
535 2577 586 2616 II.
1346 2575 1382 2612 V
