2330 2983
597 304 670 346 150
889 315 892 319 ›
1005 285 1111 325 DE
1196 285 1580 326 FINIBUS

590 388 718 429 officia
752 385 797 423 eo
818 382 962 428 referri,
993 392 1037 421 ut
1067 383 1324 436 adipiscamur
1341 383 1533 437 principia
1563 392 1732 422 naturae:
1766 395 1835 422 nec
1861 391 1994 424 tamen

593 465 634 493 ut
653 453 727 492 hoc
748 451 794 489 fit
812 450 1004 488 bonorum
1025 449 1227 494 ultimum,
1249 458 1446 503 propterea
1462 449 1567 502 quod
1587 463 1663 488 non
1680 449 1776 488 inest
1794 449 1835 488 in
1856 449 1992 502 primis

592 528 733 558 natura)
766 514 1103 554 conciliationibus
1123 513 1280 554 honesta
1308 516 1433 554 affitio:
1465 514 1701 567 consequens
1728 515 1833 554 enim
1853 515 1921 560 est,
1955 522 1994 552 et

592 585 675 639 post
694 584 830 627 oritur,
850 591 893 619 ut
913 580 1008 619 dixi.
1051 581 1119 619 Est
1138 590 1265 620 tamen
1286 595 1328 619 ea
1347 581 1559 619 secundum
1579 590 1769 626 naturam,
1791 581 1995 633 multoque

593 663 662 689 nos
695 648 742 686 ad
772 647 808 685 se
838 645 1092 699 expetendam
1111 646 1234 699 magis
1255 645 1444 690 hortatur,
1473 659 1590 699 quam
1620 645 1812 698 superiora
1846 646 1993 684 omnia.

595 715 666 754 Sed
686 727 733 752 ex
764 711 838 750 hoc
859 711 1032 765 primum
1052 724 1156 748 error
1175 710 1368 749 tollendus
1388 711 1454 755 est,
1485 724 1535 748 ne
1553 711 1640 762 quis
1661 711 1767 763 sequi
1786 710 1993 754 existimet,

595 792 636 819 ut
657 781 734 818 duo
755 778 827 815 slnt
847 776 986 814 ultima
1006 775 1213 814 bonorum.
1246 777 1303 813 Ut
1322 776 1443 820 enim,
1465 775 1491 814 fi
1511 776 1576 814 cui
1595 775 1640 814 fit
1655 775 1894 828 propositum
1909 775 1994 813 col-

594 847 730 884 line-are
749 842 893 880 hastam
914 840 1060 893 aliquo,
1095 850 1159 878 aut
1178 841 1368 893 sagittam,
1396 841 1493 879 ficut
1520 853 1590 879 nos
1611 840 1801 879 ultimum
1820 840 1863 878 in
1883 841 1995 879 bonis

593 911 764 950 diximus
782 926 793 952 ;
825 907 874 945 sic
894 906 952 944 illi
972 905 1096 944 facere
1112 906 1258 951 omnia,
1289 920 1373 958 quae
1392 905 1518 959 poffit,
1541 914 1584 944 ut
1603 905 1810 945 collineet:
1842 905 1935 944 huic
1955 907 1996 945 in

594 977 674 1028 ejus
696 972 945 1024 limilitudine
963 971 1096 1010 omnia
1114 971 1187 1010 fint
1205 970 1393 1016 facienda,
1425 980 1469 1009 ut
1498 971 1705 1010 collineet:
1737 979 1775 1009 et
1796 980 1924 1010 tamen
1953 980 1998 1010 ut

593 1041 726 1080 omnia
755 1038 882 1083 faciat,
918 1051 997 1090 quo
1027 1037 1266 1091 propofitum
1295 1037 1531 1090 assequatur:
1564 1035 1626 1075 sed
1655 1036 1745 1081 hoc,
1778 1036 1881 1089 quafi
1900 1037 1995 1075 ulti-

596 1120 722 1150 mum,
744 1104 856 1157 quale
877 1116 945 1142 nos
966 1103 1166 1141 summum
1186 1103 1228 1142 in
1247 1103 1325 1141 vita
1343 1102 1494 1141 bonum
1513 1101 1680 1141 dicimus
1697 1121 1709 1147 3
1732 1102 1830 1141 illud
1851 1111 1995 1147 autem,

595 1182 638 1210 ut
658 1170 780 1215 feriat,
802 1169 906 1222 quasi
926 1168 1178 1220 seligendum,
1195 1181 1272 1206 non
1292 1167 1567 1221 expetendum.

650 1238 686 1274 V
691 1238 741 1275 11.
767 1236 873 1274 Cum
885 1243 1020 1286 mem
1040 1234 1172 1272 omnia
1191 1233 1318 1272 officia
1337 1248 1358 1272 a
1372 1233 1573 1287 principiis
1593 1242 1735 1272 naturae
1750 1233 1997 1287 proficiscan-

596 1315 671 1348 tur,
694 1303 740 1340 ab
762 1301 896 1341 iisdem
915 1300 1058 1339 necesse
1075 1300 1127 1338 est
1146 1300 1337 1353 proficisci
1356 1300 1476 1353 ipsam
1494 1300 1730 1353 sapientiam.
1764 1301 1835 1339 Sed
1855 1315 1997 1353 quem-

592 1369 804 1407 admodum
825 1367 917 1419 saepe
936 1365 995 1411 fit,
1017 1377 1060 1404 ut
1081 1366 1125 1410 is,
1151 1366 1220 1418 qui
1239 1366 1533 1404 commendatus
1554 1365 1598 1403 fit
1616 1366 1749 1410 alicui,
1771 1366 1890 1419 pluris
1906 1380 1998 1406 eum

595 1435 722 1480 faciat,
759 1435 821 1474 cui
851 1433 1145 1472 commendatus
1177 1433 1234 1476 fit,
1266 1446 1384 1485 quam
1405 1432 1535 1477 illum,
1570 1447 1591 1470 a
1621 1445 1724 1485 quo3
1757 1432 1806 1470 sic
1832 1433 1999 1472 mininie

596 1503 741 1541 mirum
763 1500 828 1544 est,
864 1500 992 1552 primo
1026 1512 1094 1536 nos
1126 1498 1314 1551 sapientire
1334 1498 1598 1537 commendari
1618 1498 1665 1536 ab
1696 1498 1817 1536 initiis
1839 1509 1996 1544 naturae,

598 1567 678 1622 post
698 1577 826 1605 autem
857 1565 976 1618 ipsam
997 1565 1219 1617 sapientiam
1253 1565 1361 1603 nobis
1380 1565 1564 1603 cariorem
1586 1565 1665 1602 fieri
1687 1578 1804 1616 quam
1825 1565 1891 1603 illa
1911 1566 1996 1610 sint,

596 1648 615 1671 a
635 1632 778 1685 quibus
809 1631 855 1669 ad
876 1630 974 1668 hanc
994 1631 1225 1668 venerimus.
1272 1631 1404 1682 Atque
1435 1639 1477 1667 ut
1509 1630 1684 1667 membra
1709 1630 1822 1669 nobis
1842 1631 1894 1668 ita
1912 1631 1998 1668 data

597 1700 694 1744 sunt,
727 1707 769 1736 ut
803 1697 848 1736 ad
869 1696 1062 1750 quandam
1096 1696 1283 1735 rationem
1304 1695 1456 1733 vivendi
1476 1695 1560 1734 data
1585 1695 1656 1734 esse
1684 1705 1916 1748 appareant3
1948 1696 1998 1734 sic

595 1765 782 1818 appetitio
801 1763 937 1808 animi,
959 1776 1042 1815 quae
1063 1758 1141 1814 ὃςμῖι
1162 1763 1296 1800 Graece
1316 1771 1486 1806 vocatur,
1518 1776 1594 1800 non
1615 1761 1662 1799 ad
1683 1762 1846 1814 quodvis
1877 1775 1998 1814 genus

595 1832 695 1875 vitae,
719 1830 780 1868 sed
801 1830 846 1868 ad
866 1829 1057 1881 quandam
1078 1827 1244 1866 formam
1265 1827 1432 1873 vivendi,
1455 1828 1605 1866 videtur
1625 1827 1710 1866 data
1724 1846 1737 1873 ς
1760 1828 1933 1880 itemque
1961 1838 2000 1867 et

596 1897 705 1941 ratio,
727 1906 763 1934 et
780 1894 947 1948 perfecta
967 1895 1075 1933 ratio.

654 1965 710 2002 Ut
738 1963 843 2000 euim
864 1961 1039 1999 histrioni
1060 1962 1170 2006 aetio,
1204 1961 1366 2000 saltatori
1386 1970 1530 2006 motus,
1561 1975 1638 1999 non
1658 1961 1799 2013 quivis,
1825 1960 1886 1999 sed
1915 1973 1998 1999 cer-

598 2039 659 2068 tus
681 2029 856 2081 quidam,
878 2027 930 2065 est
950 2027 1058 2065 datus
1076 2046 1087 2072 ;
1120 2027 1167 2065 sle
1200 2028 1276 2065 vita
1296 2026 1441 2079 agenda
1460 2027 1510 2064 est
1534 2036 1639 2065 certo
1658 2040 1794 2078 genere
1814 2026 1998 2078 quodam,

599 2109 675 2133 non
709 2094 907 2147 quolibet:
941 2093 1045 2146 quod
1079 2107 1197 2146 genus
1232 2092 1463 2131 conveniens
1498 2091 1875 2144 consentaneumque
1899 2092 1999 2130 dici-

596 2176 700 2201 mus.
734 2161 818 2199 Nec
839 2159 945 2198 enim
965 2159 1234 2213 gubernationi
1267 2169 1330 2197 aut
1359 2158 1557 2197 medicina:
1579 2158 1744 2196 similem
1776 2158 1998 2211 sapientiam

595 2227 668 2266 esse
689 2227 931 2271 arbitramur,
955 2226 1015 2264 sed
1037 2226 1174 2264 astioni
1198 2226 1253 2263 illi
1278 2227 1417 2278 potius,
1448 2239 1565 2277 quam
1587 2225 1705 2262 modo
1725 2225 1820 2269 dixi,
1855 2235 1892 2262 ct
1928 2224 1999 2262 sal-

598 2294 748 2339 tationi,
778 2303 819 2332 ut
841 2293 879 2331 in
902 2292 978 2345 ipsa
1003 2302 1079 2330 arte
1101 2292 1200 2336 inlit,
1224 2305 1298 2329 non
1322 2291 1412 2329 foris
1434 2301 1598 2344 petatur,
1616 2301 1850 2334 extremum,
1874 2290 1910 2328 id
1931 2290 1998 2335 est,

598 2360 688 2398 artis
709 2358 873 2397 effeftio.
899 2359 950 2397 Et
971 2368 1097 2397 tamen
1115 2358 1164 2396 cst
1184 2359 1299 2396 ctiam
1318 2358 1388 2395 alia
1402 2371 1493 2395 cum
1513 2357 1571 2395 hi>
1591 2357 1676 2409 ipsis
1693 2357 1836 2395 artibus
1854 2356 2000 2409 sapien·

599 2427 659 2465 tia:
679 2424 973 2470 diffimilitud0;
1006 2434 1203 2477 propterea
1224 2425 1326 2476 quod
1359 2425 1396 2461 in
1426 2423 1516 2468 illis,
1536 2438 1632 2479 qua·
1655 2425 1751 2462 reste
1773 2422 1868 2461 fac'ta
1899 2422 1999 2465 sunt,

600 2505 676 2531 nnn
697 2492 944 2531 continentur
979 2501 1106 2530 tamen
1127 2505 1260 2529 omncs
1280 2500 1418 2543 partes,
1449 2505 1467 2528 c
1489 2491 1630 2542 quibus
1651 2489 1836 2529 constant.
1901 2489 2000 2540 Q&

599 2568 725 2599 autem
745 2572 812 2598 nos
833 2568 897 2599 aut
917 2561 1029 2604 rocla,
1051 2567 1115 2598 aut
1135 2559 1347 2610 rca‘le'siu‘la
1364 2558 1552 2603 dicamus,
1575 2557 1600 2596 si
1623 2558 1760 2612 placet,
1790 2555 1849 2595 illi
1868 2564 1998 2594 autem
