2330 2983
700 256 973 297 LIBER
1031 257 1450 296 TERTIUS.
1695 272 1772 312 507

386 359 498 398 nobis
519 358 618 403 sunt,
637 366 680 397 ut
698 357 836 403 honos,
851 366 894 396 ut
909 357 1018 402 salus,
1036 366 1079 394 ut
1094 357 1248 395 victoria
1263 372 1272 395 :
1296 370 1458 409 quarum
1479 369 1605 394 rerum
1626 356 1771 395 utilita-

387 433 467 462 tem
493 424 627 468 video;
650 423 760 462 video
790 424 906 461 etiam
939 423 1149 462 consecrata
1176 423 1394 461 snnulacra:
1431 436 1545 476 quare
1575 432 1702 461 autem
1733 424 1773 461 in

385 488 446 528 his
466 489 521 527 vis
549 490 722 527 Deorum
741 489 842 533 infit,
875 498 960 527 tum
981 489 1210 540 intelligam,
1233 501 1325 525 cum
1351 502 1577 540 cognovero.
1619 490 1711 541 Qo
1732 489 1772 527 in

384 568 520 607 genere
538 555 596 592 vel
616 555 785 593 maxime
814 554 867 592 est
888 555 1057 592 Fortuna
1082 553 1330 597 numeranda,
1358 567 1475 605 quam
1509 567 1623 592 nemo
1643 555 1689 592 ab
1710 555 1771 593 in-

384 620 591 660 constantia
609 629 647 658 et
668 620 876 658 temeritate
895 619 1065 672 sejunget
1080 638 1091 664 3
1114 633 1198 672 quae
1217 619 1332 671 digna
1351 628 1450 657 certe
1468 632 1544 658 non
1565 620 1651 657 sunt
1672 621 1771 658 Deo.

437 687 526 736 Jam
553 698 641 724 vero
660 685 755 737 quid
776 698 840 723 vos
861 685 926 722 illa
945 685 1104 723 delectat
1135 684 1339 737 explicatio
1358 683 1591 728 fabularum,
1623 693 1660 722 et
1679 698 1771 723 eno-

383 751 486 789 datio
506 751 741 789 nominum?
772 751 962 789 exsectum
982 763 1002 787 a
1022 750 1103 788 filio
1124 751 1288 795 Caelum,
1310 751 1484 788 vinRum
1503 750 1639 788 itidem
1658 763 1678 787 a
1693 750 1773 788 filio

383 816 603 854 Saturnum.
656 817 766 861 Haec,
797 825 835 854 et
865 815 936 853 alia
965 816 1111 868 generis
1142 815 1308 867 ejusdem
1329 816 1381 853 ita
1410 814 1629 860 defenditis,
1661 825 1704 853 ut
1728 816 1772 860 ii,

382 881 453 932 qui
472 881 539 919 ista
556 881 765 925 finxerunt,
796 895 872 920 non
893 881 1010 919 modo
1030 894 1106 919 non
1128 881 1259 925 insani,
1282 881 1343 919 sed
1363 881 1478 920 etiam
1498 880 1607 919 fuiffe
1626 881 1771 934 sapien-

381 955 437 984 tes
458 947 667 985 videantur.
700 948 745 985 In
760 948 964 986 enodandis
985 957 1113 986 autem
1134 947 1372 993 nominibus,
1390 947 1495 1000 quod
1516 947 1773 986 miserandum

380 1011 438 1056 fit,
483 1012 675 1051 laboratis.
726 1014 921 1058 Saturnus,
951 1014 1041 1065 quia
1069 1012 1105 1050 se
1136 1012 1272 1051 saturat
1301 1014 1442 1058 annis;
1482 1014 1653 1057 Mavors,
1683 1013 1773 1065 quia

380 1089 519 1130 magna
537 1078 651 1116 vertit
666 1095 678 1122 ;
711 1078 901 1124 Minerva,
923 1079 1013 1130 quia
1032 1078 1188 1123 minuit,
1211 1087 1275 1116 aut
1295 1079 1386 1130 quia
1404 1079 1573 1116 minatur
1584 1096 1597 1123 3
1624 1078 1773 1122 Venus,

378 1141 470 1194 quia
487 1143 593 1181 venit
621 1143 668 1180 ad
698 1143 830 1181 omnia
843 1161 856 1187 ;
889 1144 1016 1186 Ceres,
1037 1156 1057 1180 a
1075 1143 1252 1194 gerendo.
1298 1143 1429 1193 Qam
1448 1142 1658 1195 periculosa
1677 1155 1773 1181 con-

379 1206 561 1245 suetudo!
590 1207 630 1245 in
651 1207 785 1245 multis
805 1207 912 1245 enim
932 1206 1157 1245 nominibus
1177 1206 1383 1245 haerebitis.
1430 1207 1538 1258 Qid
1559 1207 1694 1259 Vejovi
1713 1206 1772 1245 fa·

376 1273 483 1310 cies?
514 1273 610 1324 quid
636 1273 844 1310 Vulcano?
875 1285 1111 1324 quanquam,
1141 1272 1326 1324 quoniam
1347 1272 1581 1324 Neptunum
1601 1285 1622 1309 a
1646 1272 1774 1310 nando

377 1337 614 1390 appellatum
643 1346 768 1391 putas,
799 1337 955 1376 nullum
985 1338 1055 1375 erit
1074 1350 1230 1382 nomen,
1263 1337 1368 1389 quod
1389 1351 1466 1376 non
1485 1337 1597 1390 poffis
1618 1337 1694 1375 una
1720 1338 1772 1376 li-

377 1402 458 1441 tera
477 1403 679 1455 explicare,
710 1403 811 1440 unde
831 1403 991 1441 dustum
1014 1403 1058 1441 s1t
1075 1417 1084 1441 z
1117 1404 1156 1441 in
1177 1416 1256 1455 quo
1275 1402 1433 1455 quidem
1459 1403 1581 1455 magis
1602 1411 1645 1440 tu
1672 1401 1773 1440 mihi

377 1477 505 1506 natare
523 1467 622 1513 visus
653 1481 706 1513 es,
736 1481 854 1520 quam
874 1468 952 1521 ipse
971 1469 1194 1521 Neptunus.
1240 1469 1428 1520 Magnam
1460 1467 1672 1506 molestiam
1693 1467 1771 1506 sus-

376 1533 495 1586 cepit,
526 1542 564 1571 et
585 1533 749 1572 minime
769 1533 1008 1572 necessariam
1028 1534 1177 1586 primus
1199 1534 1321 1577 Zeno,
1348 1533 1431 1585 post
1452 1531 1672 1577 Cleanthes,
1703 1533 1770 1570 de-

378 1599 467 1636 inde
489 1598 737 1650 Chryfippus,
768 1599 1125 1636 commentitiamm
1145 1597 1364 1635 fabularum
1384 1596 1535 1635 reddere
1555 1598 1740 1636 rationem
1756 1616 1769 1643 5

375 1663 668 1706 vocabulorum,
707 1675 775 1700 cur
807 1662 952 1714 quique
988 1662 1040 1700 ita
1072 1662 1250 1715 appellati
1284 1662 1370 1707 fint,
1405 1663 1530 1700 causas
1565 1655 1769 1715 explicare.

375 1728 497 1780 Qod
525 1740 618 1766 cum
647 1725 788 1772 facitis,
818 1727 917 1765 illud
947 1726 1119 1780 profesto
1139 1726 1394 1771 confitemini,
1426 1727 1539 1779 longe
1563 1727 1672 1765 aliter
1691 1741 1771 1766 rem

376 1791 412 1830 se
431 1791 583 1837 habere,
615 1800 730 1844 atque
750 1791 961 1830 hominum
981 1791 1114 1844 opinio
1134 1791 1178 1829 fit
1196 1805 1204 1829 :
1236 1803 1300 1828 eos
1319 1791 1437 1836 enim,
1460 1792 1527 1844 qui
1548 1792 1617 1830 Dii
1637 1793 1770 1845 appel-

375 1857 514 1901 lantur,
543 1870 671 1895 rerum
692 1866 840 1895 naturas
861 1857 945 1902 esse,
967 1870 1045 1895 non
1065 1856 1202 1909 figuras
1223 1857 1413 1894 Deorum.

429 1922 562 1960 XXV.
595 1922 677 1974 Qi
698 1931 824 1961 tantus
846 1936 947 1960 error
976 1921 1067 1967 fuit,
1099 1931 1142 1960 ut
1165 1921 1383 1975 perniclofis
1409 1921 1524 1959 etiam
1547 1922 1666 1961 ⁴rebus
1692 1936 1770 1962 non

375 1987 495 2026 modo
512 2000 654 2025 nomen
675 1988 850 2026 Deorum
882 1988 1123 2032 tribueretur,
1156 1987 1217 2026 sed
1237 1987 1352 2025 etiam
1374 1986 1472 2025 sacra
1490 1988 1769 2027 constitueren-

372 2061 449 2091 tur.
481 2052 616 2091 Febris
636 2053 742 2090 enim
761 2052 896 2091 fanum
916 2054 955 2091 in
976 2053 1136 2098 Palatio,
1157 2062 1195 2091 et
1216 2053 1385 2091 Orbonae
1404 2053 1450 2091 ad
1470 2053 1589 2092 aedem
1610 2054 1768 2099 Larum,

372 2125 412 2155 et
431 2130 534 2155 aram
564 2117 674 2155 malae
699 2118 731 2155 F
734 2127 880 2156 ortunae
900 2118 1085 2171 Esquiliis
1115 2117 1371 2156 consecratam
1391 2118 1581 2157 videmus.
1625 2120 1768 2158 Omnis

373 2181 493 2233 igitur
511 2181 597 2219 talis
617 2195 638 2219 a
655 2181 897 2235 philosophia
915 2183 1080 2235 pellatur
1097 2196 1212 2227 error,
1234 2191 1291 2228 ut,
1316 2196 1407 2222 cum
1428 2183 1474 2221 de
1495 2184 1582 2222 Diis
1603 2184 1768 2223 immor-

374 2246 516 2284 talibus
543 2245 796 2298 disputemus,
831 2248 1003 2287 dicamus
1022 2249 1138 2301 digna
1158 2249 1245 2287 Diis
1265 2249 1550 2288 immortalibus
1567 2267 1578 2294 ς
1611 2249 1656 2287 de
1677 2250 1767 2301 qui-

374 2313 446 2350 bus
466 2311 590 2351 habeo
608 2313 700 2365 ipse,
722 2313 816 2366 quid
837 2313 1020 2360 sentiam;
1044 2329 1121 2353 non
1141 2314 1264 2353 habeo
1283 2324 1426 2361 autem,
1445 2315 1539 2367 quid
1559 2315 1631 2353 tibi
1649 2314 1766 2352 affen-

373 2377 459 2416 tiar.
502 2378 735 2430 Neptunum
765 2379 835 2418 effe
865 2379 959 2418 dicis
990 2381 1165 2419 animum
1185 2395 1277 2419 cum
1296 2381 1551 2433 intelligentia
1581 2393 1647 2432 per
1666 2393 1769 2418 mare

374 2442 660 2495 pertinentem:
692 2443 796 2482 idem
817 2445 864 2482 de
884 2446 1032 2485 Cerere.
1077 2446 1191 2484 Istam
1216 2455 1344 2483 autem
1377 2445 1674 2496 intelligentiam
1704 2454 1768 2483 aut

376 2508 506 2553 maris,
528 2519 592 2547 aut
612 2518 716 2548 terrae
734 2524 813 2549 non
833 2511 950 2550 modo
970 2511 1294 2565 comprehendere
1315 2511 1456 2555 animo,
1489 2510 1549 2548 sed
1580 2523 1628 2548 ne
1647 2510 1767 2563 suspi-

376 2574 486 2613 cione
505 2575 666 2628 quidem
685 2576 835 2629 possum
850 2577 1048 2631 attingere.
1081 2578 1214 2631 Itaque
1234 2576 1386 2615 aliunde
1403 2575 1502 2614 mihi
1519 2576 1766 2630 quaerendum

1325 2648 1345 2686 S
1367 2647 1388 2685 s
1401 2647 1422 2685 s
1446 2660 1466 2686 2
