2330 2983
627 257 902 296 LIBER
960 254 1458 294 SECUNDUS.
1650 270 1725 308 109

329 369 422 396 cum
440 355 564 400 sciret,
586 354 685 393 velle
704 364 832 393 tamen
853 353 1104 392 confitentem
1124 352 1252 391 audire
1271 353 1533 405 Torquatum.
1582 354 1637 391 At
1657 354 1723 392 ille

327 435 405 460 non
438 419 653 472 pertimuit,
685 419 847 471 saneque
877 418 1051 463 fidenter,
1083 417 1166 456 Istis
1186 418 1345 469 quidem
1377 417 1463 470 ipsis
1490 417 1628 463 verbis,
1659 419 1720 457 in·-

327 486 414 537 quit
431 499 441 522 :
472 484 536 522 sed
555 484 652 536 quid
672 483 819 529 sentiat,
842 497 919 522 non
939 482 1090 521 videtis.
1149 483 1187 520 Si
1207 482 1279 519 alia
1298 482 1428 525 sentit,
1455 483 1629 535 inquam,
1651 484 1727 522 alia

325 549 512 602 loquitur,
533 562 735 601 nunquam
756 548 971 600 intelligam
991 547 1087 599 quid
1105 547 1239 584 sentiat
1253 564 1266 591 ς
1291 547 1354 584 sed
1373 546 1483 599 plane
1503 547 1598 585 dicit
1617 549 1722 600 quod

320 614 553 666 intelligam.
601 613 770 665 quuelfi
790 613 843 650 ita
862 612 975 657 dicit,
1005 625 1084 649 non
1103 611 1175 649 esse
1195 610 1525 664 reprehendendos
1546 612 1721 651 luxurio-

324 679 396 724 sos,
433 679 458 717 fi
486 679 669 732 sapientes
701 679 789 723 sint,
820 678 916 716 dicit
934 676 1118 721 absurde;
1149 676 1338 721 similiter,
1372 685 1410 714 et
1440 676 1467 714 fi
1496 677 1610 722 dicat,
1643 692 1721 716 non

324 742 654 797 reprehendendos
674 743 892 796 parricidas,
923 742 949 780 fi
969 755 1039 780 nec
1059 741 1191 794 cupidi
1210 741 1295 786 sint,
1327 754 1397 779 nec
1423 741 1512 779 deos
1533 751 1721 788 metuant,

324 823 394 848 nec
429 819 612 854 mortem,
646 823 716 847 nec
747 808 862 847 doles,
890 822 934 846 n.
984 809 1037 845 Et
1056 817 1198 852 tamen,
1228 807 1323 859 quid
1352 808 1488 845 attinet
1520 807 1721 847 luxuriosis

324 874 444 912 ullam
465 875 732 927 exceptionem
752 873 855 918 dare,
874 864 948 910 'aut
967 873 1108 924 fingere
1125 872 1288 924 aliquos,
1313 872 1395 923 qui,
1417 885 1510 910 cum
1529 872 1720 912 luxuriose

323 940 505 984 viverent,
526 952 547 976 a
566 938 720 976 summo
740 936 971 990 philosopho
992 951 1068 975 non
1097 935 1464 988 reprehenderentur
1481 950 1526 974 eo
1546 939 1717 983 nomine,

324 1003 508 1041 duntaxat
527 1012 660 1040 caetera
679 1012 854 1040 caverent
870 1003 883 1039 ?

376 1069 447 1106 Sed
468 1078 596 1107 tamen
617 1082 744 1106 nonne
764 1067 1068 1121 reprehenderes,
1101 1067 1283 1119 Epicure,
1315 1067 1526 1105 luxuriosos
1557 1068 1609 1106 ob
1634 1082 1718 1107 eam

321 1134 440 1187 ipsam
460 1133 626 1179 causam,
640 1134 745 1186 quod
764 1134 818 1171 ita
835 1134 1019 1178 viverent,
1034 1143 1077 1171 ut
1096 1133 1407 1185 persequerentur
1427 1133 1720 1185 cujusquemodi

319 1200 532 1253 voluptates
545 1219 560 1245 ς
580 1213 672 1238 cum
691 1199 780 1237 esset
800 1199 1022 1253 praesertim,
1047 1209 1088 1237 ut
1107 1200 1159 1237 ais
1181 1209 1236 1243 tu,
1259 1199 1408 1236 summa
1428 1199 1600 1251 voluptas
1619 1200 1722 1238 nihil

321 1266 446 1303 dolere
466 1267 478 1302 ?
510 1266 634 1317 Atqui
664 1266 896 1318 reperiemus
917 1265 1036 1303 asotos
1057 1263 1230 1316 primum
1249 1264 1301 1301 ita
1335 1277 1410 1301 non
1433 1264 1641 1316 religiosos,
1674 1276 1717 1303 ut

320 1331 434 1368 edant
463 1331 509 1368 de
538 1330 698 1383 patella:
733 1331 870 1368 deinde
897 1331 950 1368 ita
969 1342 1135 1368 mortem
1156 1343 1233 1367 non
1256 1329 1450 1385 timentes,
1488 1339 1531 1367 ut
1549 1330 1646 1369 illud
1676 1331 1719 1369 in

321 1409 385 1434 ore
403 1395 567 1434 habeant
587 1405 624 1433 et
644 1396 860 1447 Hymnide,

456 1462 560 1500 Mihi
561 1463 631 1514 stx
648 1462 972 1515 metgsbsstztisspnt
993 1462 1084 1499 vita>
1096 1477 1109 1499 .·
1126 1461 1319 1513 stptr’mum
1341 1461 1603 1514 Orccspotzdeo.

287 1567 290 1570 ,
320 1529 408 1579 Jam
427 1527 568 1565 doloris
601 1526 882 1564 medicamenta
902 1526 968 1562 illa
988 1526 1189 1577 Epicurea,
1226 1535 1410 1578 tanquam
1440 1527 1487 1564 de
1517 1526 1716 1566 narthecio

319 1601 495 1646 promant
513 1610 524 1636 ς
558 1592 600 1629 Si
609 1592 755 1643 gravis,
777 1590 896 1629 brevis
911 1607 924 1628 :
940 1592 983 1641 si
997 1591 1134 1642 longus,
1155 1591 1256 1629 levis.
1317 1591 1455 1629 Unum
1474 1592 1614 1637 nescio,
1635 1606 1716 1644 quo

318 1658 435 1696 modo
454 1657 578 1709 poffit,
601 1657 626 1694 fi
646 1655 861 1694 luxuriosus
882 1656 938 1701 fit,
969 1655 1093 1694 finitas
1114 1656 1340 1709 cupiditates
1360 1656 1515 1695 habere.

372 1723 484 1760 VIII.
504 1722 612 1773 Qid
632 1735 725 1774 ergo
741 1721 878 1759 attinet
897 1721 1035 1766 dicere,
1054 1721 1166 1760 Nihil
1179 1721 1354 1766 haberem,
1373 1721 1467 1774 quod
1480 1723 1717 1774 reprehende-

315 1803 402 1833 rem,
418 1790 461 1840 st
462 1788 596 1840 finitas
614 1787 826 1841 cupiditates
845 1787 1016 1826 haberent
1033 1788 1052 1826 ἒ
1083 1787 1174 1825 Hoc
1194 1787 1248 1824 est
1266 1789 1404 1832 dicere,
1434 1803 1501 1826 non
1519 1789 1715 1841 reprehen-

314 1854 428 1893 derem
447 1857 569 1908 asotos,
589 1855 633 1904 st
658 1868 724 1891 non
744 1853 847 1906 cjffi’nt
865 1853 965 1905 asoti.
998 1852 1073 1890 Isto
1093 1852 1223 1897 modo,
1252 1866 1299 1890 ne
1318 1854 1515 1905 improbos
1536 1854 1714 1906 quidem,

315 1920 341 1957 si
361 1919 477 1957 effent
499 1920 590 1957 boni
609 1919 693 1957 viri.
750 1919 829 1957 Hic
849 1917 971 1956 homo
990 1917 1135 1956 severus
1156 1918 1348 1956 luxuriam
1366 1932 1434 1971 per
1452 1919 1488 1956 se
1509 1919 1629 1971 ipsam
1649 1933 1715 1957 re·-

313 1985 622 2038 prehendendam
654 1997 730 2022 non
751 1993 874 2037 putat.
921 1984 972 2021 Et
993 1983 1166 2028 hercule,
1186 1985 1399 2036 Torquate,
1431 1994 1473 2022 ut
1494 1998 1626 2023 verum
1647 1985 1715 2022 10-—

315 2064 492 2103 quamur,
529 2050 555 2088 si
582 2050 755 2102 voluptas
776 2049 974 2087 summum
1006 2050 1156 2087 bonum
1175 2049 1241 2094 est,
1269 2049 1468 2088 reffiffime
1486 2064 1563 2087 non
1583 2060 1712 2102 putat..

313 2117 454 2155 Nolim
483 2117 588 2154 enim
618 2115 719 2153 mihi
748 2115 891 2168 fingere
919 2114 1054 2160 asotos,
1076 2125 1119 2152 ut
1139 2115 1280 2160 soletis,
1303 2116 1372 2167 qui
1393 2115 1433 2153 in
1453 2115 1621 2154 mensam
1639 2129 1713 2154 vo·—

312 2192 434 2227 mant,
456 2192 492 2220 et
514 2182 579 2233 qui
602 2182 648 2219 de
663 2182 847 2219 conviviis
869 2180 1102 2225 auferantur,
1125 2181 1311 2233 crudique
1327 2181 1505 2233 postridie
1525 2181 1560 2218 se
1581 2181 1705 2219 rursus

311 2249 572 2300 ingurgitent:
606 2247 672 2298 qui
691 2246 822 2291 solem,
846 2256 887 2284 ut
907 2247 1026 2290 aiunt,
1051 2260 1119 2284 nec
1139 2247 1379 2284 occidentem
1400 2260 1572 2298 unquam
1599 2247 1707 2283 vide-

313 2314 404 2358 rint,
426 2327 494 2350 nec
520 2313 731 2350 orientem:
756 2313 837 2364 qui,
859 2312 1096 2363 consumptis
1117 2313 1373 2365 patrimoniis,
1395 2322 1542 2364 egeant.
1574 2312 1715 2350 Nemo

312 2378 483 2417 nostrum
503 2379 607 2416 istius
627 2379 773 2431 generis
794 2378 912 2416 asotos
929 2378 1099 2430 jucunde
1119 2387 1228 2430 putat
1249 2379 1394 2415 vivere:
1424 2378 1604 2422 mundos,
1625 2377 1711 2415 ele-

311 2455 456 2498 gantes,
493 2445 651 2497 optimis
686 2445 803 2489 cocis,
834 2445 1050 2497 pistoribus,
1088 2445 1247 2496 piscatu,
1275 2444 1453 2496 aucupio,
1488 2444 1706 2488 venatione,

310 2511 370 2548 his
402 2510 582 2548 omnibus
613 2509 822 2561 exquisitis,
845 2511 1005 2547 vitantes
1025 2510 1268 2554 cruditatem,
1302 2509 1424 2561 quibus
1444 2509 1567 2549 vinum
1599 2508 1702 2561 deffic-

295 2578 381 2630 fian
402 2590 418 2613 e
429 2575 595 2628 pleno-sit*
608 2593 619 2621 3
652 2575 872 2627 l›1)·,sp)hotz,
891 2586 932 2612 ut
953 2576 1004 2612 ait
1021 2575 1210 2619 Lucilius,
1233 2575 1292 2613 cui
1304 2574 1397 2612 nihil
1410 2573 1551 2627 dempstt
1563 2593 1579 2619 3
1583 2574 1649 2626 jus
1667 2583 1705 2613 cc
