2330 2983
644 283 920 323 LIBER
978 281 1414 334 QUARTUs.
1654 280 1727 330 169

331 385 506 438 inquam,
538 383 640 428 loco,
670 383 739 422 nisi
774 384 955 435 iniquum
984 382 1147 435 postulo,
1193 382 1372 435 responde
1406 380 1589 418 arbitratu
1623 393 1725 417 meo.

333 452 390 490 Ut
418 451 556 503 placet,
591 450 747 501 inquit:
779 450 844 487 etsi
875 448 981 486 enim
1011 448 1110 485 illud
1140 458 1216 485 erat
1237 449 1376 500 aptius,
1403 459 1558 498 aequum
1588 446 1728 497 cuique

330 515 548 553 concedere.

384 582 437 620 II.
461 580 652 619 Existimo
672 580 803 632 igitur,
824 580 1000 632 inquam,
1022 580 1134 623 Cato,
1155 587 1296 616 veteres
1318 577 1404 615 illos
1427 577 1595 615 Platonis
1616 576 1725 613 audi-

328 655 442 692 tores,
474 647 742 700 Speufippum,
779 646 1042 690 Aristotelem,
1073 646 1329 683 Xenocratem
1346 662 1357 688 3
1403 642 1540 680 deinde
1575 655 1724 685 eorum,

328 713 595 758 Polemonem,
615 711 941 766 Theophrastum,
963 711 1048 750 satis
1068 719 1106 749 et
1125 710 1274 764 copiose
1294 719 1332 747 et
1351 709 1541 761 eleganter
1558 707 1726 746 habuiist-

328 779 574 818 constitutam
605 778 861 831 discip-lissam,
893 787 937 816 ut
970 791 1047 816 non
1067 777 1157 815 effet
1176 775 1284 814 causa
1304 775 1470 819 Zenoni,
1499 787 1590 812 cum
1611 773 1725 812 Pole-

327 858 486 883 monem
515 844 685 889 audiffet,
720 858 790 882 cur
808 853 845 882 et
876 845 923 882 ab
953 857 997 881 eo
1017 843 1097 896 ipso
1127 852 1164 880 et
1195 856 1215 879 a
1245 840 1501 894 superioribus
1521 839 1724 882 diffideret,

327 923 496 961 quorum
529 909 605 948 fuit
638 908 720 947 haec
753 909 968 948 institutio:
1001 909 1041 946 in
1073 921 1150 960 qua
1182 907 1431 945 animadertas
1462 905 1594 949 velim,
1630 905 1726 956 quid

325 985 434 1027 putes
465 975 711 1019 mutandum,
743 987 813 1012 nec
847 976 1034 1027 expectes,
1071 974 1168 1011 dum
1187 972 1234 1010 ad
1253 972 1384 1010 omnia
1417 971 1558 1015 dicam,
1589 983 1674 1022 quae
1705 983 1726 1007 a

324 1049 364 1077 te
384 1041 484 1078 dicta
502 1040 602 1078 sunt.
626 1040 811 1078 Universa
825 1040 930 1077 enim
951 1039 1109 1077 illorum
1130 1039 1274 1076 ratione
1289 1051 1381 1075 cum
1398 1045 1478 1074 tota
1496 1035 1613 1073 vestra
1627 1049 1724 1073 con-

325 1105 539 1158 fligendum
575 1116 685 1159 puto.
737 1106 833 1157 Qi,
869 1118 962 1143 cum
991 1105 1163 1143 viderent
1193 1104 1246 1141 ita
1276 1116 1344 1141 nos
1375 1101 1445 1140 effe
1471 1110 1592 1146 natos,
1623 1111 1666 1139 ut
1686 1110 1725 1139 et

324 1172 587 1210 communiter
616 1171 663 1209 ad
692 1184 752 1209 eas
772 1172 930 1209 virtutes
950 1171 1030 1223 apti
1049 1169 1224 1214 effemus,
1257 1183 1342 1222 quae
1368 1176 1467 1206 notae
1488 1166 1725 1218 illustresque

324 1237 425 1282 sunt,
452 1238 642 1290 justitiam
662 1230 764 1282 dico,
787 1238 1096 1290 temperantiam,
1117 1235 1344 1288 caeterasque
1368 1234 1518 1287 generis
1538 1233 1722 1285 ejusdem,

323 1312 409 1350 quae
428 1313 562 1337 omnes
584 1299 723 1337 fimiles
743 1300 885 1336 artium
905 1298 1155 1350 reliquarum,
1174 1296 1332 1334 materia
1351 1293 1502 1333 tantilm
1523 1295 1570 1332 ad
1581 1294 1723 1332 melio-

324 1377 407 1402 rem
426 1374 574 1417 partem
594 1374 630 1402 et
644 1365 864 1402 tractatione
880 1363 1062 1402 differunt
1078 1382 1089 1408 ;
1111 1363 1246 1416 easque
1263 1361 1356 1415 ipsas
1373 1361 1530 1398 virtutes
1551 1360 1724 1397 viderent

325 1444 395 1468 nos
425 1430 733 1482 magnificentius
769 1440 944 1483 appetere
963 1439 1002 1467 et
1032 1430 1240 1474 ardentius,
1270 1427 1409 1466 habere
1435 1427 1551 1464 etiam
1571 1426 1723 1464 insitam

325 1496 518 1548 quandam
549 1497 607 1534 vel
638 1496 765 1549 potius
786 1496 956 1533 innatam
976 1495 1226 1548 cupiditatem
1253 1493 1430 1537 scientiae,
1452 1492 1632 1543 natosque
1651 1491 1724 1530 effe

325 1562 372 1600 ad
399 1563 736 1615 congregationem
765 1560 974 1599 hominum
993 1570 1032 1599 et
1061 1560 1108 1599 ad
1126 1560 1345 1599 societatem
1372 1558 1722 1597 communitatem-

324 1641 400 1680 que
419 1627 566 1680 generis
590 1626 765 1672 humani,
799 1640 917 1679 eaque
942 1627 983 1664 in
1012 1625 1193 1664 maximis
1214 1624 1378 1678 ingeniis
1399 1623 1570 1662 maxime
1590 1623 1721 1661 eluce-

323 1706 376 1738 re,
397 1702 518 1731 totam
538 1691 825 1746 philosophiam
844 1702 916 1730 tres
937 1692 977 1730 in
997 1702 1120 1745 partes
1140 1691 1347 1730 diviserunt
1363 1709 1375 1735 ;
1407 1703 1525 1742 quam
1543 1689 1722 1743 partitio-

322 1772 412 1797 nem
432 1772 452 1796 a
469 1759 628 1797 Zenone
644 1768 830 1797 retentam
849 1757 921 1796 effe
936 1758 1125 1796 videmus.
1164 1758 1343 1808 Qarum
1363 1769 1454 1794 cum
1476 1768 1550 1792 una
1569 1755 1627 1800 fit,
1646 1769 1722 1807 qua

321 1838 447 1863 mores
467 1824 699 1864 conformari
718 1834 929 1878 putantur3
952 1823 1088 1862 differo
1104 1837 1188 1861 eam
1208 1831 1369 1876 partem,
1387 1835 1472 1874 quae
1487 1821 1590 1873 quasi
1610 1821 1720 1873 stirps

320 1891 374 1929 est
392 1890 507 1944 hujus
528 1891 744 1944 quaestionis
763 1906 771 1929 :
792 1892 860 1943 qui
880 1890 923 1929 fit
942 1891 1048 1928 enim
1065 1889 1150 1928 finis
1173 1889 1377 1933 bonorum,
1395 1901 1487 1926 mox
1506 1902 1514 1925 :
1538 1886 1613 1925 hoc
1634 1887 1721 1925 loco

319 1956 473 1996 tantum
507 1958 608 2003 dico,
639 1971 660 1995 a
689 1958 879 1995 veteribus
915 1956 1176 2009 Peripateticis
1207 1953 1539 2006 Academicisclue,
1570 1954 1638 2006 qui
1680 1967 1720 1991 re

320 2023 613 2068 consentientes,
643 2023 840 2060 vocabulis
866 2008 1107 2067 differebant,
1139 2035 1228 2059 eum
1248 2021 1393 2064 locum,
1424 2033 1542 2071 quem
1561 2018 1719 2057 civilem

320 2091 418 2127 ree'te
447 2089 672 2142 appellaturi
698 2089 888 2134 videmur,
921 2089 1056 2127 Graece
1086 2083 1273 2132 πολιτικὸν,
1304 2087 1466 2139 graviter
1500 2095 1537 2124 et
1570 2085 1719 2138 copiose

319 2155 390 2194 efi‘e
410 2158 627 2194 tractatum.

375 2222 450 2260 ΙΙΙ,
481 2222 612 2272 Qam
633 2221 757 2259 multa
785 2221 843 2259 illi
876 2221 921 2259 de
947 2221 1142 2274 republica
1162 2219 1418 2273 scripserunt?
1451 2231 1567 2271 quam
1596 2217 1720 2255 multa

320 2286 366 2324 de
385 2287 567 2339 legibus?
599 2300 716 2339 quam
747 2287 870 2325 multa
901 2300 978 2325 non
1010 2287 1133 2325 solum
1167 2294 1355 2338 praecepta
1388 2285 1427 2322 in
1461 2284 1620 2327 artibus,
1655 2282 1718 2320 sed

318 2353 435 2390 etiarn
455 2353 632 2405 exempla
651 2353 690 2390 in
711 2353 946 2391 orationibus
969 2354 1063 2391 bene
1083 2353 1234 2391 dicendi
1252 2351 1514 2403 reliquerunt?
1539 2350 1716 2387 Primum

320 2419 426 2456 enim
459 2417 537 2470 ipsa
570 2418 647 2463 illa,
678 2432 762 2470 quae
797 2418 987 2457 subtiliter
1016 2419 1224 2457 differenda
1253 2426 1373 2461 erant,
1406 2416 1523 2468 polite
1554 2424 1717 2466 apteque

320 2484 515 2528 dixerunt,
537 2497 627 2521 cum
655 2483 892 2529 definientes,
921 2495 1005 2522 tum
1025 2485 1227 2537 partientes
1245 2501 1256 2527 ;
1290 2492 1331 2519 ut
1352 2481 1459 2518 vestri
1480 2482 1595 2518 etiarn
1615 2495 1622 2517 :
1656 2479 1716 2517 sed

321 2563 386 2588 vos
406 2549 612 2601 squalidius
625 2568 637 2594 ;
671 2549 842 2595 illorum,
871 2552 988 2596 vides,
1011 2564 1128 2603 quam
1161 2551 1278 2588 niteat
1298 2548 1431 2586 oratio.
1484 2545 1633 2585 Deinde
1658 2557 1713 2590 ea,

402 2617 553 2655 ΤοΜ.
585 2617 638 2656 ΙΙ.
1372 2614 1408 2652 Υ
