2330 2983
567 265 844 305 LIBER
901 264 1401 304 SECUNDUS.
1615 279 1688 317 119

293 365 427 417 Itaque
447 363 551 401 idem
567 363 701 401 natura
720 362 856 407 victus,
884 362 949 400 cui
968 361 1094 400 obfisti
1125 375 1203 400 non
1222 362 1357 415 potest,
1389 362 1484 401 dicit
1503 362 1579 401 alio
1603 363 1690 402 loco

291 429 346 475 id,
360 428 464 481 quod
483 442 505 465 a
524 437 561 465 te
580 428 696 466 etiam
716 427 830 479 paulo
847 437 933 464 ante
953 427 1100 466 dicium
1115 427 1182 472 est,
1197 441 1275 465 non
1296 427 1397 480 poffe
1412 428 1584 480 jucunde
1597 429 1690 473 vivi,

291 494 360 533 nisi
379 494 495 532 etiam
514 492 685 531 honeste.

348 558 456 611 Qiid
477 571 594 602 nune,
625 557 769 610 honeste,
795 558 918 596 dicit?
951 556 1123 602 Idemne,
1155 556 1260 610 quod
1278 557 1470 609 jucunde?
1501 559 1605 611 Ergo
1625 560 1691 605 ita,

293 638 370 663 non
390 624 491 678 poffe
510 623 664 661 honeste
693 624 784 667 vivi,
807 624 873 661 nifi
893 623 1048 662 honeste
1067 624 1230 661 vivatur.
1268 625 1332 661 An
1353 624 1420 661 nifi
1442 625 1616 677 populari
1632 625 1691 663 fa-

293 691 383 729 ma?
429 691 516 729 Sine
536 703 578 728 ea
597 690 716 742 igitur
731 690 903 742 jucunde
924 698 1038 743 negat
1066 687 1175 742 poffe
1197 689 1321 727 vivere
1341 690 1352 726 ?
1398 689 1506 739 Qid
1526 691 1691 743 turpius,

292 770 411 809 quam
446 756 622 809 sapientis
654 756 773 793 vitam
807 770 854 794 ex
881 755 1145 810 infipientium
1165 755 1338 793 sermone
1366 755 1530 808 pendere
1545 757 1561 793 ,Ρ-
1586 757 1695 809 Qid

292 836 384 876 ergo
412 821 487 861 hoc
521 823 609 860 loco
628 821 813 874 intelligit
831 821 1064 860 honestum?
1096 823 1211 860 Certe
1230 821 1345 866 nihil,
1374 822 1440 859 nifi
1457 823 1562 874 quod
1582 824 1695 876 poffit

293 888 421 940 ipsum
441 898 594 941 propter
614 887 650 925 se
663 887 750 939 jure
769 887 926 926 laudari.
958 889 1064 926 Nam
1085 887 1110 925 fi
1131 896 1286 940 propter
1304 887 1546 940 voluptatem
1565 907 1576 933 3
1610 903 1696 941 quae

294 954 348 991 est
367 954 434 991 ista
454 954 552 998 laus,
571 967 656 1005 quae
675 953 787 1006 poffit
805 967 825 991 e
846 953 1009 992 macello
1028 954 1109 1006 peti
1126 955 1138 990 ?
1185 953 1279 991 Non
1300 954 1332 991 is
1351 955 1408 992 vir
1426 954 1491 998 est,
1514 964 1583 1000 ut,
1602 969 1696 994 cum

294 1018 531 1057 honestatem
562 1033 607 1057 eo
638 1019 725 1056 loco
745 1017 893 1064 habeat,
924 1029 968 1056 ut
987 1019 1063 1057 fine
1094 1032 1136 1056 ea
1156 1019 1331 1070 jucunde
1350 1030 1463 1071 neget
1482 1021 1583 1072 posse
1603 1021 1694 1066 vivi,

294 1084 393 1121 illud
426 1083 643 1128 honestum,
681 1083 785 1135 quod
819 1084 1002 1136 populare
1033 1083 1090 1127 fit,
1124 1083 1272 1128 sentiat,
1305 1094 1342 1121 et
1363 1085 1438 1121 fine
1457 1098 1502 1122 eo
1525 1086 1698 1137 jucunde

295 1159 408 1202 neget
438 1150 514 1187 vivi
545 1149 674 1202 poffe5
705 1158 771 1187 aut
791 1149 1005 1201 quidquam
1026 1149 1128 1187 aliud
1159 1148 1364 1187 honestum
1386 1150 1591 1203 intelligat,
1628 1152 1699 1189 nist

296 1216 401 1267 quod
421 1216 465 1254 fit
485 1217 646 1260 testum,
680 1215 883 1268 ipsumque
903 1229 971 1268 per
990 1215 1039 1260 se,
1060 1215 1124 1253 sua
1143 1216 1194 1260 vi,
1226 1215 1290 1253 sua
1309 1215 1453 1268 sponte,
1476 1215 1539 1254 sua
1565 1227 1705 1256 natura.

297 1281 505 1320 laudabile„

351 1348 464 1386 XVI.
480 1349 632 1400 Itaque,
648 1349 861 1400 Torquate,
883 1361 974 1386 cum
996 1347 1155 1393 diceres,
1176 1348 1341 1386 clamare
1361 1349 1594 1401 Epicurum,
1617 1364 1695 1389 non

298 1414 399 1467 poffe
420 1414 592 1466 jucunde
623 1413 715 1458 vivi,
752 1413 819 1451 nisi
840 1412 1011 1459 honeste,
1044 1422 1082 1452 et
1102 1414 1301 1466 sapienter,
1322 1424 1360 1452 et
1373 1415 1473 1468 juste
1492 1416 1696 1462 viveretur,

298 1489 342 1517 tu
362 1480 429 1532 ipfi
450 1478 551 1517 mihi
569 1479 723 1531 gloriari
742 1479 936 1517 videbare.
963 1481 1090 1517 Tanta
1108 1480 1164 1516 vis
1185 1480 1305 1517 inerat
1325 1480 1364 1517 in
1385 1481 1522 1525 verbis,
1543 1491 1699 1535 propter

299 1558 429 1583 earum
450 1558 593 1589 rerum,
613 1558 698 1596 quae
723 1544 1032 1596 significabantur
1054 1544 1114 1582 his
1135 1545 1274 1589 verbis,
1303 1545 1547 1598 dignitatem,
1569 1557 1612 1585 ut
1641 1547 1698 1586 al-

300 1612 375 1649 tior
393 1611 514 1655 fieres,
544 1620 587 1648 ut
617 1610 813 1648 interdum
844 1610 1039 1656 insisteres,
1076 1620 1119 1648 ut
1145 1625 1216 1649 nos
1246 1612 1399 1650 intuens
1426 1613 1528 1665 quafi
1564 1614 1698 1653 testifi-

300 1689 422 1715 carere
455 1675 598 1714 laudari
631 1675 868 1714 honestatem
897 1687 936 1714 et
971 1676 1160 1729 justitiam
1197 1677 1402 1730 aliquando
1431 1680 1478 1718 ab
1509 1680 1698 1732 Epicuro.

300 1741 431 1794 Qam
453 1751 488 1780 te
508 1742 665 1781 decebat
681 1743 725 1780 iis
747 1743 870 1781 verbis
891 1744 962 1788 uti,
994 1744 1135 1795 quibus
1156 1743 1182 1781 fi
1203 1743 1424 1798 philosophi
1443 1759 1521 1783 non
1542 1756 1697 1785 uteren-

298 1819 375 1853 tur,
405 1807 653 1862 philosophia
680 1809 842 1847 omnino
868 1823 945 1847 non
975 1811 1202 1862 egeremus?
1238 1811 1402 1849 Istorum
1423 1813 1528 1850 enirn
1560 1814 1698 1851 verbo-

299 1887 386 1912 rum
421 1887 563 1919 amore,
608 1888 692 1927 quae
726 1888 876 1927 perraro
907 1875 1146 1928 appellantur
1183 1876 1230 1914 ab
1269 1877 1455 1929 Epicuro,
1491 1877 1696 1930 sapientiae,

298 1939 550 1984 fortitudinis,
566 1940 734 1992 justitiae‚
758 1942 1030 1993 temperantiae,
1052 1941 1359 1994 praestantiffirnis
1381 1943 1544 1996 ingeniis
1565 1942 1711 1983 homi.—

299 2018 364 2043 nes
386 2004 421 2042 se
441 2004 487 2042 ad
507 2003 758 2058 philosophiae
779 2005 947 2044 studium
968 2006 1229 2045 contulerunt.

354 2071 566 2114 Oculorum,
591 2072 721 2124 inquit
752 2072 874 2116 Plato,
915 2072 960 2125 est
992 2073 1028 2111 in
1057 2072 1153 2111 nobis
1168 2075 1293 2127 ſs’nfics
1323 2074 1519 2112 acerrimus
1530 2092 1542 2119 5
1574 2074 1699 2127 quibus

286 2136 507 2189 sapientiam
526 2151 594 2174 non
624 2138 809 2175 cernimus.
871 2138 987 2190 Qtdm
1013 2139 1074 2176 illa
1092 2138 1257 2178 ardentes
1281 2154 1414 2178 amores
1442 2140 1616 2178 excitaret
1620 2141 1698 2193 sui,

284 2203 327 2253 Ji
342 2200 526 2239 videretur
543 2204 559 2239 !
590 2203 671 2239 Cur
691 2202 843 2240 tandem
865 2203 876 2239 ?
909 2217 955 2240 an
989 2204 1094 2255 quod
1128 2204 1180 2241 ita
1210 2205 1347 2242 callida
1377 2204 1442 2250 est,
1475 2214 1518 2242 ut
1551 2207 1698 2257 optime

300 2267 410 2319 poffit
444 2266 679 2305 archim-“tari
714 2268 954 2321 voluptates?
987 2271 1068 2307 Cui·
1089 2269 1235 2322 justitia
1267 2271 1467 2309 laudatur?
1500 2280 1564 2308 aut
1597 2272 1698 2310 unde

300 2333 352 2371 est
387 2333 461 2372 hoc
495 2335 708 2372 contritum
741 2336 923 2374 vetustate
951 2337 1197 2389 proverbium
1217 2338 1230 2374 ?
1276 2338 1425 2389 Qticum
1459 2338 1495 2375 in
1529 2338 1695 2376 tenebris.

301 2400 391 2438 Hoc
425 2400 572 2438 dicium
593 2401 632 2438 in
654 2414 727 2438 una
746 2415 782 2439 re
803 2401 977 2440 latiffime
1007 2412 1110 2455 patet
1128 2422 1138 2448 ,-
1179 2413 1220 2441 ut
1256 2404 1295 2441 in
1316 2404 1497 2442 omnibus
1517 2402 1625 2442 fastis
1643 2418 1695 2449 re,

301 2479 377 2503 non
401 2466 501 2511 teste,
526 2480 759 2505 moveamur,

356 2533 453 2569 Sunt
473 2532 577 2570 enim
598 2532 695 2570 levia
714 2543 752 2570 et
771 2534 1004 2586 perinfirma,
1027 2549 1111 2587 quae
1132 2535 1358 2573 dicebantur
1378 2548 1398 2572 a
1420 2544 1469 2580 te,
1501 2533 1592 2573 clim
1613 2535 1696 2573 ani-

304 2597 358 2636 mi
392 2596 623 2637 conscientia
657 2599 854 2651 improbos
875 2601 1099 2646 excruciari,
1137 2609 1223 2639 tum
1243 2601 1358 2639 etiam
1379 2614 1501 2654 poenae
1531 2602 1696 2646 timore,
