2330 2983
595 221 672 261 234
903 205 1678 245 TUSCULANARUM

593 304 787 342 literarum
808 317 944 356 genere
963 302 1183 356 superabat3
1206 304 1246 341 in
1266 317 1345 355 quo
1360 311 1436 341 erat
1452 301 1562 341 facile
1581 302 1732 340 vincere
1748 314 1825 340 non
1845 315 1986 355 repug-

595 378 739 407 nantes.
769 369 874 406 Nam
895 382 986 406 cum
1007 369 1106 421 apud
1123 369 1279 407 Graecos
1299 368 1605 421 antiquiffimum
1626 368 1670 406 fit
1689 381 1708 404 e
1729 366 1850 405 doetis
1870 380 1989 420 genus

596 443 810 486 poetarum,
844 433 871 471 fi
901 434 1059 485 quidem
1080 435 1276 472 Homerus
1309 434 1385 472 fuit
1415 443 1452 472 et
1482 433 1672 472 Hesiodus
1703 442 1788 471 ante
1820 433 1991 470 Romam

598 498 807 543 conditam,
839 498 1097 537 Archilochus
1128 509 1307 552 regnante
1327 499 1499 538 Romulo
1514 518 1526 544 5
1558 498 1672 537 serius
1703 497 1894 552 poeticam
1921 510 1992 536 nos

599 565 831 617 accepimus.
871 566 996 602 Annis
1015 565 1119 603 enim
1140 564 1217 603 fere
1239 578 1377 604 ccccx
1406 565 1488 618 post
1509 566 1678 603 Romam
1704 563 1901 603 conditam
1920 563 1993 602 Li-

599 629 682 666 vius
702 628 872 667 fabulam
894 629 1012 674 dedit,
1035 631 1083 668 C.
1109 630 1286 675 Claudio,
1319 631 1422 668 Caeci
1442 629 1536 674 filio,
1564 630 1626 667 M.
1649 630 1862 674 Tuditano,
1884 629 1995 667 Con-

602 694 760 739 sulibus,
796 707 894 732 anno
925 704 1011 732 ante
1040 703 1175 733 natum
1196 695 1386 740 Ennium,
1421 695 1489 747 qui
1510 694 1586 733 fuit
1616 696 1737 746 major
1766 704 1858 732 natu
1878 707 1997 746 quam

603 759 760 797 Plautus
780 769 818 796 et
837 760 1011 797 Naevius.

659 825 710 861 ΙΙ.
744 825 833 861 Sero
852 823 970 876 igitur
989 837 1008 860 a
1029 823 1162 861 nostris
1183 833 1302 876 poetae
1323 824 1380 861 vel
1401 823 1562 876 cogniti,
1584 823 1644 862 vel
1665 823 1822 876 recepti.
1860 823 1999 875 Qan-

604 902 720 941 quarn
740 888 792 926 est
811 889 851 926 in
874 888 1116 940 Originibus,
1151 888 1278 926 solitos
1298 888 1368 926 effe
1398 889 1439 926 in
1458 889 1583 941 epulis
1602 901 1736 928 canere
1755 888 1933 927 convivas
1953 887 2001 926 ad

604 953 807 991 tibicinem
839 952 884 990 de
917 952 1108 991 clarorum
1135 951 1344 991 hominum
1377 953 1598 992 virtutibus.
1647 955 1852 992 Honorem
1871 962 2002 992 tamen

606 1017 699 1056 huic
718 1018 848 1070 generi
870 1031 945 1056 non
965 1016 1074 1055 fuisse
1093 1018 1257 1056 declarat
1277 1018 1396 1057 oratio
1417 1019 1589 1064 Catonis,
1616 1019 1657 1057 in
1677 1032 1753 1072 qua
1770 1019 1927 1071 objecit,
1958 1026 2004 1055 ut

606 1083 808 1137 probrum,
839 1083 902 1121 M.
927 1083 1136 1128 Nobiliori,
1167 1083 1272 1136 quod
1292 1084 1323 1121 is
1352 1084 1392 1122 in
1417 1084 1656 1136 provinciam
1676 1093 1804 1137 poetas
1824 1082 2002 1122 duxifl‘et.

610 1151 783 1188 Duxerat
812 1158 941 1187 autem
976 1149 1120 1187 Consul
1151 1149 1216 1187 ille
1250 1150 1289 1187 in
1316 1150 1518 1195 AEtoliam‚
1551 1160 1594 1188 ut
1624 1150 1780 1195 scimus,
1811 1150 2004 1188 Ennium.

611 1216 704 1266 Quo
724 1215 853 1253 minus
874 1215 992 1266 igitur·
1011 1214 1166 1253 honoris
1197 1224 1274 1254 erat
1293 1217 1434 1269 poetiS,
1460 1229 1505 1254 eo
1525 1216 1675 1254 minora
1693 1216 1814 1254 studia
1831 1215 2004 1254 fuerunt.

612 1275 698 1320 Nec
720 1290 862 1325 tamen,
894 1280 921 1318 fi
945 1281 1013 1332 qui
1033 1281 1185 1334 magnis
1203 1281 1369 1334 ingeniis
1390 1282 1430 1320 in
1450 1296 1495 1320 eo
1515 1295 1652 1334 genere
1671 1282 1896 1326 extiterunt,
1927 1295 2008 1320 non

613 1347 697 1385 satis
717 1347 947 1384 Graecorum
980 1345 1111 1398 gloriae
1137 1346 1428 1400 responderunt.
1478 1349 1543 1385 An
1576 1347 1787 1392 censemus,
1818 1347 1844 1384 fi
1870 1347 2008 1391 Fabio,

615 1411 848 1450 nobilissimo
883 1410 1050 1457 homini,
1087 1411 1192 1451 laudi
1234 1413 1368 1452 datum
1404 1412 1509 1458 effet,
1545 1413 1653 1466 quod
1692 1414 1882 1467 pingeret,
1929 1426 2010 1450 non

615 1477 760 1515 multos
781 1477 897 1514 etiam
918 1477 1019 1528 apud
1047 1490 1115 1516 nos
1135 1477 1286 1517 futuros
1318 1479 1533 1530 Polycletus
1565 1488 1604 1517 et
1626 1477 1837 1519 Parrhafios
1870 1476 2010 1516 fuiffiz?

617 1543 755 1582 Honos
789 1542 857 1580 alit
883 1552 992 1587 artes,
1032 1543 1241 1595 omnesque
1272 1545 1529 1583 incenduntur
1546 1545 1592 1582 ad
1620 1545 1742 1583 studia
1769 1544 1920 1598 glorii;
1949 1545 2011 1596 ja-

616 1617 780 1660 centque
803 1620 846 1645 ea
873 1607 1032 1659 semper,
1062 1622 1148 1660 quae
1178 1609 1279 1661 apud
1303 1609 1473 1662 quosque
1499 1611 1779 1663 improbantur.
1811 1612 2014 1649 Summam

617 1673 872 1712 eruditionem
894 1674 1022 1711 Graeci
1043 1673 1370 1714 fitam'censebant
1392 1676 1431 1714 in
1448 1690 1655 1714 nervorum
1683 1689 1901 1727 vocumque
1918 1688 2013 1712 can-

620 1740 737 1778 tibus.
783 1739 908 1791 Igitur
927 1748 965 1777 et
986 1740 1287 1792 Epaminondas,
1318 1742 1510 1795 princepS,
1543 1756 1630 1781 meo
1644 1742 1809 1794 judicio,
1841 1741 2019 1785 Graeciae,

622 1805 761 1843 fidibus
782 1805 958 1858 praeclare
975 1805 1150 1844 ceciniss‘e
1170 1806 1312 1846 dicitur
1331 1822 1340 1845 :
1372 1807 1729 1860 Themistoclesque
1763 1807 1910 1860 aliquot
1929 1817 2018 1845 ante

621 1885 754 1916 annos,
775 1885 866 1910 cum
888 1872 926 1909 in
946 1871 1070 1924 epulis
1092 1872 1275 1912 recusaret
1293 1873 1429 1925 lyram,
1442 1874 1598 1913 habitus
1617 1874 1670 1913 est
1689 1874 1890 1913 indoctior.
1914 1874 2020 1926 Ergo

625 1939 663 1975 in
684 1937 833 1975 Graecia
864 1937 999 1976 musici
1028 1937 1253 1984 floruerunt,
1288 1939 1560 1993 discebantque
1593 1940 1632 1978 id
1662 1953 1810 1984 omnes,
1836 1953 1920 1984 nec,
1950 1939 2021 1991 qui

627 2002 827 2046 nesciebat,
860 2001 944 2041 satis
976 2003 1153 2042 excultus
1187 2004 1357 2043 doctrina
1388 2006 1603 2057 putabatur.
1663 2006 1708 2043 In
1736 2004 1888 2042 summo
1920 2003 2021 2057 apud

627 2069 713 2107 illos
734 2068 878 2107 honore
898 2070 1108 2121 geometria
1128 2069 1203 2109 fuit
1221 2086 1230 2109 ε
1255 2071 1380 2123 itaque
1402 2070 1499 2109 nihil
1521 2070 1803 2110 mathematicis
1825 2070 2022 2109 illustrius.

629 2137 683 2174 At
704 2148 771 2174 nos
793 2135 990 2181 metiendi,
1012 2137 1340 2191 ratiocinandique
1360 2138 1525 2176 utilimte
1546 2138 1660 2190 hujus
1691 2137 1779 2175 artis
1801 2137 2023 2175 terminavi-

631 2215 716 2241 mus
738 2202 914 2241 modum.

693 2267 765 2306 111.
797 2269 853 2306 At
882 2267 1015 2306 contra
1036 2278 1223 2307 oratorem
1244 2270 1416 2308 celeriter
1435 2271 1628 2323 complexi
1656 2270 1785 2308 sumus
1804 2283 1812 2307 :
1847 2282 1915 2308 nec
1935 2282 2025 2307 cum

635 2333 761 2385 primo
780 2332 992 2378 eruditum,
1022 2342 1156 2386 aptum
1186 2344 1311 2373 tamen
1342 2336 1387 2373 ad
1422 2336 1655 2378 dicendurm
1688 2335 1769 2388 post
1790 2344 1918 2373 autem
1938 2347 2026 2372 cru·

636 2399 776 2436 ditum.
809 2398 914 2437 Nam
935 2398 1118 2443 Galbam,
1150 2398 1393 2444 Africanum,
1426 2401 1604 2445 Laelium,
1632 2401 1762 2439 doctos
1783 2399 1889 2438 fuisse
1910 2399 2027 2438 tradi-

638 2472 722 2501 tum
742 2463 818 2508 est3
841 2463 1049 2503 studiosum
1069 2474 1195 2503 autern
1215 2479 1319 2510 eum,
1341 2466 1407 2518 qui
1430 2466 1475 2504 iis
1495 2476 1600 2504 :etate
1621 2466 1800 2511 anteibat,
1814 2466 2027 2508 Catonem3

638 2528 720 2580 post
752 2543 838 2568 vero
859 2530 1068 2583 Lepidum,
1103 2531 1333 2577 Carbonem,
1367 2531 1590 2578 Gracchos5
1622 2532 1757 2571 deinde
1788 2532 1840 2570 ita
1870 2543 2030 2583 magnos

2322 578 2330 793 —-.-‹-n*..
