2330 2983
676 294 949 338 LIBER
1005 297 1438 349 QUARTUS.

1675 317 1747 356 SD

368 395 704 447 perturbationem,
735 408 810 433 una
839 408 896 433 res
925 395 1075 433 videtur
1104 396 1251 434 causam
1285 398 1492 442 continere,
1528 412 1660 437 omnes
1691 413 1749 438 eas

367 459 439 497 effe
458 461 498 498 in
527 459 649 497 nostra
667 460 861 512 potestate,
891 472 1025 497 omnes
1049 460 1199 511 judicio
1224 461 1421 513 susceptas,
1452 477 1584 501 omncs
1612 465 1748 503 volun-

369 525 492 562 tarias.
537 524 618 562 Hic
637 524 756 576 igitur
774 538 874 563 error
904 524 957 562 est
986 524 1215 577 eripienduS,
1245 524 1327 564 haec
1347 526 1574 566 detrahenda
1593 531 1747 582 opinio:

367 598 482 641 atque
507 598 552 626 ut
579 589 620 628 in
650 590 760 628 malis
779 590 959 642 opinatis,
991 589 1267 635 tolerabiliora;
1299 591 1349 629 fic
1369 592 1409 630 in
1429 593 1552 637 bonis,
1575 594 1752 633 sedatiora

369 654 455 693 sunt
472 655 673 694 efficienda
687 668 743 700 ea,
774 669 857 708 quae
877 669 1014 708 magna
1032 665 1070 694 et
1090 656 1264 694 laetabilia
1284 657 1477 697 dicuntur.
1527 661 1657 712 Atque
1677 659 1751 699 hoc

368 720 529 772 quidem
548 734 757 760 commune
776 721 966 760 malorum
987 731 1025 759 et
1054 722 1270 760 bonorum:
1302 732 1358 768 ut,
1389 723 1415 761 fi
1430 725 1513 776 jam
1533 725 1688 764 difficile
1708 727 1753 765 sit

368 786 600 838 persuadere,
622 786 720 825 nihil
740 800 870 825 earum
890 801 1032 832 rerum,
1063 801 1147 840 quae
1165 788 1389 840 perturbent
1406 790 1596 836 animum,
1626 801 1690 830 aut
1713 793 1750 830 in

370 851 495 896 bonis,
525 862 590 891 aut
609 853 650 890 in
669 852 779 892 malis
799 852 870 890 effe
888 851 1122 898 habendum,
1144 863 1272 892 tamen
1291 853 1362 892 alia
1381 854 1426 892 ad
1449 855 1568 894 alium
1599 867 1754 895 motum

369 919 513 956 curatio
533 918 576 956 fit
594 917 821 963 adhibenda,
839 918 987 971 aliaque
1008 919 1150 957 ratione
1169 919 1393 965 malevolus,
1414 921 1486 959 alia
1504 931 1662 968 amator,
1683 924 1753 961 alia

370 983 494 1021 rursus
514 985 661 1028 anxius,
682 984 753 1021 alia
773 984 933 1022 timidus
952 985 1209 1038 corrigendus.

423 1050 554 1100 Atque
587 1057 664 1086 erat
696 1047 822 1093 facile,
863 1048 1083 1101 sequentem
1115 1063 1200 1088 eam
1230 1050 1432 1095 rationem,
1468 1065 1552 1103 quae
1585 1054 1754 1091 maxime

368 1113 549 1166 probatur
578 1114 625 1152 de
654 1114 765 1152 bonis
792 1123 830 1152 et
859 1115 984 1159 malis,
1014 1128 1149 1167 negare
1179 1129 1351 1168 unquam
1379 1116 1510 1155 laetitia
1528 1117 1627 1156 affici
1652 1119 1755 1171 poffe

367 1179 624 1232 infipientem,
653 1179 759 1232 quod
789 1178 889 1218 nihil
919 1194 1092 1233 unquam
1121 1180 1278 1220 haberet
1302 1181 1407 1221 boni.
1453 1183 1525 1221 Sed
1556 1183 1754 1236 loquimur

369 1258 474 1283 nunc
493 1259 599 1283 more
617 1246 833 1284 communi.
875 1246 960 1284 Sint
978 1246 1062 1284 sane
1081 1247 1147 1285 ista
1166 1248 1278 1292 bona,
1299 1262 1383 1300 quae
1401 1258 1598 1300 putantur,
1628 1249 1753 1289 hono-

367 1324 440 1355 res,
461 1310 616 1355 divitiae‚
636 1311 863 1363 voluptates,
881 1321 1035 1350 caetera:
1058 1321 1186 1350 tamen
1203 1313 1243 1351 in
1262 1313 1314 1350 eis
1327 1313 1412 1366 ipfis
1427 1314 1622 1366 potiundis
1643 1315 1752 1353 exul-

369 1386 451 1414 tans
484 1375 718 1428 gestiensque
749 1377 879 1414 laetitia
909 1377 1031 1430 turpis
1063 1377 1140 1422 est;
1173 1387 1229 1423 ut,
1260 1378 1285 1416 fi
1319 1379 1440 1416 ridere
1459 1379 1675 1418 conceffum
1696 1381 1752 1426 fit,

370 1442 606 1495 vituperetur
639 1452 765 1480 tamen
795 1441 1052 1481 cachinnatio,
1102 1443 1252 1482 Eodem
1286 1445 1392 1482 enim
1421 1445 1517 1483 vitio
1546 1446 1599 1483 est
1623 1446 1754 1484 effufio

368 1508 487 1545 animi
507 1509 546 1545 in
577 1508 720 1552 laetitia,
751 1521 842 1560 quo,
874 1508 914 1545 in
949 1508 1079 1546 dolore
1109 1510 1342 1553 contractio;
1374 1510 1583 1562 eademque
1604 1511 1754 1549 levitate

370 1573 558 1625 cupiditas
578 1573 631 1611 est
656 1574 695 1610 in
723 1572 948 1625 appetendo,
979 1586 1053 1624 qua
1073 1573 1203 1611 laetitia
1221 1574 1260 1612 in
1278 1573 1467 1620 fruendo;
1499 1585 1537 1613 et
1565 1587 1608 1614 ut
1637 1577 1753 1615 nimis

368 1638 500 1677 afflicti
520 1639 704 1684 molestia,
734 1639 783 1677 fic
802 1639 921 1676 animi
941 1639 1030 1676 elati
1049 1639 1193 1684 laetitia,
1206 1640 1292 1692 jure
1305 1641 1530 1693 judicantur
1548 1642 1659 1681 leves.
1703 1644 1756 1682 Et

366 1717 461 1742 cum
480 1704 647 1742 invidere
666 1704 900 1758 aegritudinis
921 1705 979 1749 fit,
1007 1705 1116 1743 malis
1136 1715 1264 1744 autem
1284 1706 1414 1744 alienis
1434 1707 1669 1760 voluptatem
1690 1723 1754 1747 ca-

368 1784 470 1823 pere,
504 1771 669 1815 laetitiae;
699 1781 907 1823 utrumque
937 1771 1176 1808 immanitate
1195 1780 1234 1809 et
1261 1770 1410 1809 feritate
1429 1773 1592 1824 quadam
1612 1787 1753 1827 propo-

370 1837 492 1874 nenda
511 1836 680 1888 castigari
701 1836 805 1874 solet.
837 1838 967 1888 Atque
987 1845 1030 1874 ut
1049 1836 1218 1874 diffidere
1235 1837 1357 1882 decet,
1380 1837 1514 1875 timere
1530 1852 1607 1876 non
1627 1839 1752 1886 decet;

372 1900 420 1937 fic
439 1900 602 1952 gaudere
621 1901 743 1944 decet,
774 1899 890 1937 laetari
924 1914 1001 1938 non
1027 1900 1160 1938 decet:
1193 1902 1376 1953 quoniam
1407 1901 1568 1940 docendi
1599 1903 1706 1942 causa
1735 1918 1755 1942 a

371 1965 510 2018 gaudio
529 1965 701 2003 laetitiam
721 1965 1004 2018 distinguimus.

426 2030 528 2069 Illud
541 2031 623 2082 jam
644 2030 753 2084 supra
772 2031 956 2076 diximus,
979 2031 1060 2070 fieri
1079 2032 1380 2070 contraffionem
1396 2033 1517 2072 animi
1537 2036 1633 2072 reete
1652 2049 1754 2074 nun-

372 2109 488 2148 quam
508 2096 621 2149 poffe,
656 2097 858 2135 elationem
878 2096 1003 2151 poffe:
1045 2097 1154 2136 aliter
1173 2099 1278 2136 enim
1298 2099 1502 2138 Naevianus
1523 2100 1589 2138 ille
1618 2102 1755 2154 gaudet

374 2163 535 2206 Hector,

509 2228 729 2280 Laetusfizm
748 2227 892 2266 laudari
906 2242 958 2267 me
975 2228 1038 2268 abs
1057 2239 1104 2275 te,
1127 2238 1252 2282 pater,
1281 2244 1305 2268 a
1323 2230 1465 2269 laudato
1485 2231 1565 2269 viro
1577 2247 1589 2268 :

374 2292 481 2330 aliter
501 2293 566 2330 ille
581 2293 681 2346 apud
701 2294 906 2339 Trabeam,

510 2360 614 2397 Lena
632 2357 775 2398 delim'm
791 2370 940 2413 argento
958 2370 1084 2400 nutum
1102 2361 1301 2415 obfi’rvabit
1319 2376 1428 2400 meum
1444 2377 1456 2399 :

510 2424 610 2476 Qid
623 2425 740 2470 velim,
761 2425 848 2480 quid
847 2426 1031 2480 studeam5
1062 2427 1250 2466 adveniens
1267 2427 1375 2479 digito
1395 2426 1563 2479 impellam
1570 2425 1722 2477 J'anuam
1734 2442 1747 2465 .·

511 2492 621 2529 Fores
633 2491 824 2543 patebunt.
855 2494 918 2531 De
937 2493 1121 2547 lbnprovf'sb
1141 2493 1280 2544 Chrysis
1300 2493 1362 2530 ubi
1377 2507 1428 2529 me
1445 2493 1631 2545 aspexerit,

512 2555 660 2594 Alacris
677 2555 816 2596 obviam
836 2557 922 2596 mihi
937 2558 1069 2606 veniet,
1099 2559 1306 2611 complexum
1325 2566 1492 2610 exoptans
1509 2571 1632 2602 meum,

513 2621 661 2674 Mihiſs’
679 2621 790 2662 dedet.

485 2691 523 2728 T
541 2704 564 2730 0
583 2704 634 2731 M.
665 2692 718 2732 11.
1370 2693 1406 2731 Y
1431 2706 1456 2743 y
