2330 2983
569 286 647 326 510
828 271 920 309 DE
979 268 1306 309 NATURA
1360 267 1699 307 DEORUM

565 373 705 424 negat?
736 378 800 407 aut
820 383 904 421 quae
920 368 973 406 est
992 369 1032 406 in
1051 367 1256 406 collatione
1272 366 1340 405 ista
1359 366 1597 406 {imilitudo?
1619 366 1706 405 Nec
1724 367 1830 406 enim
1851 369 1956 407 Her-

562 437 646 475 culi
663 435 844 474 Deianira
873 447 1008 472 nocere
1026 433 1164 478 voluit,
1192 446 1284 471 cum
1304 432 1338 470 ei
1360 432 1546 478 tunicam,
1573 432 1755 486 sanguine
1776 434 1958 472 Centauri

564 502 739 545 tinctam,
761 499 865 538 dedit
879 517 892 544 3
924 513 993 537 nec
1013 498 1182 552 prodesse
1201 497 1358 537 Pheraeo
1375 498 1505 549 jasoni
1525 499 1571 543 is,
1593 499 1662 550 qui
1681 498 1810 551 gladio
1829 499 1957 538 vomi-

563 579 649 604 cam
666 566 745 618 ejus
762 565 923 618 aperuit,
941 578 1059 616 quam
1073 564 1197 602 sanare
1211 563 1352 603 medici
1367 577 1444 602 non
1460 572 1675 616 potuerant.
1693 563 1827 602 Multa
1837 565 1957 609 enim,

563 631 682 670 etiam
701 644 794 669 cum
822 630 946 668 obess'e
975 630 1133 675 vellent,
1163 629 1404 682 profuerunt,
1427 639 1466 668 et
1495 643 1587 668 cum
1607 629 1789 683 prodeffe,
1818 628 1958 668 obfue-

564 706 668 736 runt.
701 697 759 735 Ita
777 709 855 734 non
887 695 946 741 fit,
978 709 1025 734 ex
1053 709 1113 740 eo,
1142 695 1248 747 quod
1268 695 1392 740 datur,
1419 704 1463 733 ut
1482 696 1655 734 voluntas
1675 696 1770 747 ejus,
1801 696 1870 747 qui
1889 695 1957 733 de-

564 762 677 807 derit,
706 770 880 815 appareat
894 779 907 806 ;
938 773 1023 805 nec,
1045 760 1139 804 fiis,
1171 760 1240 811 qui
1258 760 1420 812 accepit,
1455 760 1553 797 bene
1572 761 1708 804 utitur,
1738 760 1883 798 idcirco
1910 760 1957 804 is,

563 827 633 880 qui
654 827 773 871 dedit,
793 826 916 864 amice
935 825 1053 864 dedit.
1085 825 1184 875 Qae
1203 824 1309 862 enim
1330 824 1466 868 libido,
1488 837 1573 876 quae
1592 824 1758 870 avaritia,
1774 824 1880 876 quod
1899 823 1958 862 fa-

563 893 674 930 cinus
707 900 772 930 aut
792 890 994 943 suscipitur
1024 889 1092 928 nisi
1113 888 1272 927 confilio
1291 898 1417 941 capto,
1442 897 1513 934 aut,
1536 889 1612 927 fine
1631 888 1752 927 animi
1780 898 1892 928 motu
1920 897 1959 927 et

561 958 810 1010 cogitatione,
841 957 881 994 id
900 956 966 1002 est,
997 955 1156 1001 ratione,
1177 955 1402 1008 perficitur?
1433 955 1539 994 Nam
1565 956 1694 995 omnis
1712 956 1846 1009 opinio
1865 955 1960 994 ratio

561 1023 629 1069 est,
659 1033 697 1062 et
716 1023 877 1076 quidem
896 1023 997 1060 bona
1015 1022 1125 1067 rati0,
1159 1021 1186 1059 fi
1211 1035 1297 1060 vera
1308 1040 1321 1067 ς
1352 1021 1451 1060 mala
1471 1031 1614 1067 autern,
1645 1022 1672 1060 s1
1691 1020 1782 1060 falsa
1800 1021 1852 1059 est
1871 1021 1959 1074 opi-

561 1090 644 1128 nio.
676 1089 749 1127 Sed
767 1102 789 1126 a
808 1089 894 1127 Deo
914 1085 1066 1126 tantum
1096 1087 1287 1126 rationem
1309 1086 1513 1132 habemus,
1544 1087 1571 1126 fi
1598 1087 1717 1126 modo
1743 1085 1958 1133 habemus,

563 1155 706 1193 bonam
726 1162 855 1192 autem
874 1153 1078 1197 rationem,
1095 1161 1161 1190 aut
1177 1165 1255 1190 non
1272 1152 1431 1196 bonam,
1451 1165 1473 1189 a
1492 1152 1618 1191 nobis.
1656 1152 1751 1191 Non
1767 1153 1887 1197 enim,
1915 1161 1960 1190 ut

562 1219 844 1272 patrimonium
863 1217 1110 1269 relinquitur,
1141 1217 1191 1255 fic
1211 1217 1306 1254 ratio
1325 1216 1479 1255 homini
1503 1216 1556 1254 est
1575 1216 1763 1256 beneficio
1783 1218 1960 1256 Deorum

563 1284 663 1322 data.
708 1283 817 1334 Qid
837 1283 942 1320 enim
970 1280 1099 1334 potius
1129 1280 1355 1320 hominibus
1376 1281 1572 1326 dedissent,
1602 1283 1628 1320 fi
1657 1283 1702 1320 iis
1723 1295 1859 1320 nocere
1889 1296 1960 1321 vo-

560 1347 742 1387 luissent?
765 1346 964 1399 Injustitiae
982 1355 1127 1391 autem,
1147 1346 1465 1399 intemperantiae,
1483 1346 1703 1386 timiditatis
1718 1360 1803 1400 quae
1818 1347 1962 1386 semina

561 1413 692 1459 essent,
712 1413 740 1451 fi
758 1411 820 1451 his
839 1412 943 1450 vitiis
960 1412 1055 1450 ratio
1074 1425 1153 1450 non
1171 1411 1360 1450 subeffet?

617 1477 771 1517 XXIX.
802 1476 944 1516 Medea
973 1476 1092 1515 modo
1111 1485 1149 1515 et
1177 1478 1319 1515 Atreus
1346 1477 1751 1516 commemorabantur
1783 1491 1804 1515 a
1833 1477 1960 1523 nobis,

562 1544 724 1584 heroicae
743 1543 922 1596 personae,
956 1543 1052 1581 inita
1067 1543 1329 1596 subductaque
1345 1543 1504 1588 ratione,
1524 1542 1665 1582 nefaria
1681 1543 1816 1582 scelera
1835 1543 1960 1582 medi-

562 1619 700 1649 tantes.
733 1609 869 1660 Qid?
899 1609 1070 1646 levitates
1085 1610 1264 1652 comicae,
1285 1623 1473 1660 parumne
1489 1609 1637 1661 semper
1655 1610 1696 1648 in
1717 1611 1860 1649 ratione
1874 1623 1961 1649 ver-

563 1675 717 1716 santur?
746 1686 934 1728 parumne
953 1673 1143 1712 subtiliter
1161 1673 1327 1726 disputat
1343 1673 1409 1711 ille
1429 1674 1469 1711 in
1490 1673 1713 1713 Eunucho?

1192 1739 1292 1790 Qid
1304 1739 1420 1791 igitur
1424 1739 1570 1791 faciam
1582 1740 1603 1779 ,ἕ

699 1805 876 1856 Exclzgsit,
907 1813 1054 1843 revocat
1067 1819 1080 1842 :
1111 1803 1248 1842 redeam
1264 1805 1284 1843 ?
1313 1819 1395 1850 non,
1410 1805 1454 1856 ſs
1467 1819 1520 1843 me
1537 1805 1701 1859 offeret.

563 1873 635 1912 Ille
654 1885 743 1910 vero
763 1872 803 1909 in
824 1869 1061 1923 Synephebis
1083 1870 1410 1909 Academicorum
1430 1884 1536 1909 more
1555 1880 1689 1909 contra
1707 1884 1962 1910 communem

563 1939 789 1992 opinionem
805 1949 882 1974 non
899 1935 1050 1973 dubitat
1069 1949 1238 1988 pugnare
1256 1936 1415 1982 ratione,
1433 1936 1501 1990 qui
1520 1936 1557 1975 in
1576 1951 1694 1976 amore
1697 1939 1850 1992 stamma
1852 1937 1960 1991 sttm-

563 2018 687 2057 maque
705 2001 821 2054 inopia
826 2002 948 2054 stmve
967 1999 1026 2052 q’ffl'
1044 2000 1152 2046 dicit,

702 2069 897 2107 Parentem
917 2066 1045 2105 habere
1063 2081 1233 2111 avarum,
1255 2066 1442 2120 illepidum,
1464 2067 1500 2104 in
1521 2067 1644 2105 liberos

700 2133 904 2186 Difficilem,
927 2133 1042 2185 quite
1060 2147 1122 2172 nec
1140 2142 1247 2178 amet,
1269 2132 1482 2186 necstudeat
1501 2134 1569 2171 tui.

565 2203 695 2253 Atque
716 2198 808 2237 huic
829 2199 1046 2236 incredibili
1069 2199 1262 2237 sententiae
1279 2199 1510 2237 ratiunculas
1532 2198 1725 2252 suggerit,

701 2267 784 2305 Aut
803 2275 846 2303 tu
865 2265 962 2303 illum
968 2265 1108 2316 stabla
1112 2265 1231 2317 sallas
1243 2281 1256 2303 .·
1287 2274 1353 2303 aut
1366 2274 1435 2317 per
1454 2265 1579 2303 literas

701 2334 868 2371 Avertas
886 2330 1030 2384 aliquod
1045 2345 1163 2370 nomen
1179 2348 1192 2370 .·
1222 2341 1287 2370 aut
1300 2332 1561 2384 pcrstrvolum

701 2397 892 2437 Pcrcutias
904 2396 1094 2450 pavidum.
1128 2397 1316 2450 Pqstremo,
1346 2412 1369 2435 a
1383 2407 1495 2449 parco
1508 2407 1620 2450 patre

701 2463 946 2516 Qaeodsttmas,
976 2472 1110 2516 quanto
1128 2462 1264 2515 dfffipas
1283 2462 1446 2501 libentius
1460 2463 1480 2501 ?

566 2528 751 2579 Idemque
781 2527 934 2566 facilem
955 2537 992 2566 et
1012 2528 1208 2567 liberalem
1229 2536 1376 2581 patrem
1406 2527 1701 2567 incommodum
1728 2526 1799 2567 effe
1818 2526 1959 2566 amanti

562 2593 645 2633 filio
666 2593 835 2646 disputat
853 2612 865 2640 5
897 2607 1015 2647 quem
