<?xml version="1.0" encoding="UTF-8"?>
<!DOCTYPE html PUBLIC "-//W3C//DTD XHTML 1.0 Transitional//EN"
    "http://www.w3.org/TR/xhtml1/DTD/xhtml1-transitional.dtd">
<html xmlns="http://www.w3.org/1999/xhtml" xml:lang="en" lang="en">
 <head>
  <title>
</title>
<meta http-equiv="Content-Type" content="text/html;charset=utf-8" />
  <meta name='ocr-system' content='tesseract 3.04.00' />
  <meta name='ocr-capabilities' content='ocr_page ocr_carea ocr_par ocr_line ocrx_word'/>
</head>
<body>
  <div class='ocr_page' id='page_1' title='image "./operacumindicibu02ciceuoft_0107.png"; bbox 0 0 2330 2983; ppageno 0'>
   <div class='ocr_carea' id='block_1_1' title="bbox 561 259 1659 310">
    <p class='ocr_par' dir='ltr' id='par_1_1' title="bbox 561 259 1659 310">
     <span class='ocr_line' id='line_1_1' title="bbox 561 259 1659 310; baseline -0.003 -12"><span class='ocrx_word' id='word_1_1' title='bbox 561 259 877 298; x_wconf 85' lang='lat' dir='ltr'>LIBER</span> <span class='ocrx_word' id='word_1_2' title='bbox 953 259 1365 298; x_wconf 79' lang='lat' dir='ltr'>PRIMUS.</span> <span class='ocrx_word' id='word_1_3' title='bbox 1606 272 1659 310; x_wconf 74' lang='lat'>99</span> 
     </span>
    </p>
   </div>
   <div class='ocr_carea' id='block_1_2' title="bbox 250 355 1659 2576">
    <p class='ocr_par' dir='ltr' id='par_1_2' title="bbox 260 355 1659 1065">
     <span class='ocr_line' id='line_1_2' title="bbox 265 355 1659 408; baseline -0.001 -14"><span class='ocrx_word' id='word_1_4' title='bbox 265 355 417 394; x_wconf 87' lang='lat' dir='ltr'>videtur</span> <span class='ocrx_word' id='word_1_5' title='bbox 435 355 666 407; x_wconf 85' lang='lat' dir='ltr'>quibusdam</span> <span class='ocrx_word' id='word_1_6' title='bbox 699 355 880 394; x_wconf 87' lang='lat' dir='ltr'>stabilitas</span> <span class='ocrx_word' id='word_1_7' title='bbox 911 355 1091 394; x_wconf 85' lang='lat' dir='ltr'>amicitiae</span> <span class='ocrx_word' id='word_1_8' title='bbox 1116 355 1307 408; x_wconf 86' lang='lat' dir='ltr'>vacillare)</span> <span class='ocrx_word' id='word_1_9' title='bbox 1340 363 1500 393; x_wconf 89' lang='lat' dir='ltr'>tuentur.</span> <span class='ocrx_word' id='word_1_10' title='bbox 1529 364 1659 393; x_wconf 88' lang='lat' dir='ltr'>tamen</span> 
     </span>
     <span class='ocr_line' id='line_1_3' title="bbox 263 420 1658 473; baseline -0.001 -14"><span class='ocrx_word' id='word_1_11' title='bbox 263 435 357 459; x_wconf 87' lang='lat' dir='ltr'>eum</span> <span class='ocrx_word' id='word_1_12' title='bbox 376 421 524 465; x_wconf 90' lang='lat' dir='ltr'>locum,</span> <span class='ocrx_word' id='word_1_13' title='bbox 555 420 666 472; x_wconf 88' lang='lat' dir='ltr'>seque</span> <span class='ocrx_word' id='word_1_14' title='bbox 685 420 810 465; x_wconf 86' lang='lat' dir='ltr'>facile,</span> <span class='ocrx_word' id='word_1_15' title='bbox 841 430 884 458; x_wconf 91' lang='lat' dir='ltr'>ut</span> <span class='ocrx_word' id='word_1_16' title='bbox 905 420 1004 458; x_wconf 88' lang='lat' dir='ltr'>mihi</span> <span class='ocrx_word' id='word_1_17' title='bbox 1025 422 1184 465; x_wconf 90' lang='lat' dir='ltr'>videtur,</span> <span class='ocrx_word' id='word_1_18' title='bbox 1215 422 1437 473; x_wconf 82' lang='lat' dir='ltr'>expediunt.</span> <span class='ocrx_word' id='word_1_19' title='bbox 1480 422 1537 458; x_wconf 89' lang='lat' dir='ltr'>Ut</span> <span class='ocrx_word' id='word_1_20' title='bbox 1553 421 1658 458; x_wconf 88' lang='lat' dir='ltr'>enim</span> 
     </span>
     <span class='ocr_line' id='line_1_4' title="bbox 263 485 1658 538; baseline -0.001 -14"><span class='ocrx_word' id='word_1_21' title='bbox 263 487 438 530; x_wconf 86' lang='lat' dir='ltr'>virtutes,</span> <span class='ocrx_word' id='word_1_22' title='bbox 459 485 506 522; x_wconf 91' lang='lat' dir='ltr'>de</span> <span class='ocrx_word' id='word_1_23' title='bbox 526 485 667 537; x_wconf 88' lang='lat' dir='ltr'>quibus</span> <span class='ocrx_word' id='word_1_24' title='bbox 688 494 775 524; x_wconf 88' lang='lat' dir='ltr'>ante</span> <span class='ocrx_word' id='word_1_25' title='bbox 794 486 942 523; x_wconf 64' lang='lat' dir='ltr'>distum</span> <span class='ocrx_word' id='word_1_26' title='bbox 961 486 1027 530; x_wconf 92' lang='lat' dir='ltr'>est,</span> <span class='ocrx_word' id='word_1_27' title='bbox 1058 486 1106 523; x_wconf 90' lang='lat' dir='ltr'>s1c</span> <span class='ocrx_word' id='word_1_28' title='bbox 1127 486 1340 523; x_wconf 86' lang='lat' dir='ltr'>amicitiam</span> <span class='ocrx_word' id='word_1_29' title='bbox 1357 494 1497 537; x_wconf 78' lang='lat' dir='ltr'>negant</span> <span class='ocrx_word' id='word_1_30' title='bbox 1516 485 1618 538; x_wconf 83' lang='lat' dir='ltr'>poffe</span> <span class='ocrx_word' id='word_1_31' title='bbox 1638 499 1658 523; x_wconf 94' lang='lat' dir='ltr'>a</span> 
     </span>
     <span class='ocr_line' id='line_1_5' title="bbox 263 550 1657 604; baseline -0.001 -15"><span class='ocrx_word' id='word_1_32' title='bbox 263 551 458 604; x_wconf 91' lang='lat' dir='ltr'>voluptate</span> <span class='ocrx_word' id='word_1_33' title='bbox 476 550 678 590; x_wconf 83' lang='lat' dir='ltr'><strong>discedere.</strong></span> <span class='ocrx_word' id='word_1_34' title='bbox 725 551 831 589; x_wconf 89' lang='lat' dir='ltr'>Nam</span> <span class='ocrx_word' id='word_1_35' title='bbox 850 564 943 589; x_wconf 91' lang='lat' dir='ltr'>cum</span> <span class='ocrx_word' id='word_1_36' title='bbox 962 551 1128 589; x_wconf 88' lang='lat' dir='ltr'>solitudo</span> <span class='ocrx_word' id='word_1_37' title='bbox 1157 560 1195 588; x_wconf 91' lang='lat' dir='ltr'>et</span> <span class='ocrx_word' id='word_1_38' title='bbox 1213 551 1291 588; x_wconf 88' lang='lat' dir='ltr'>vita</span> <span class='ocrx_word' id='word_1_39' title='bbox 1310 550 1385 588; x_wconf 89' lang='lat' dir='ltr'>fine</span> <span class='ocrx_word' id='word_1_40' title='bbox 1412 551 1546 588; x_wconf 85' lang='lat' dir='ltr'>amicis</span> <span class='ocrx_word' id='word_1_41' title='bbox 1566 551 1657 589; x_wconf 85' lang='lat' dir='ltr'>infi-</span> 
     </span>
     <span class='ocr_line' id='line_1_6' title="bbox 262 616 1656 670; baseline -0.001 -16"><span class='ocrx_word' id='word_1_42' title='bbox 262 617 412 655; x_wconf 88' lang='lat' dir='ltr'>diarum</span> <span class='ocrx_word' id='word_1_43' title='bbox 441 625 480 655; x_wconf 90' lang='lat' dir='ltr'>et</span> <span class='ocrx_word' id='word_1_44' title='bbox 499 626 624 656; x_wconf 89' lang='lat' dir='ltr'>metus</span> <span class='ocrx_word' id='word_1_45' title='bbox 642 617 757 670; x_wconf 89' lang='lat' dir='ltr'>plena</span> <span class='ocrx_word' id='word_1_46' title='bbox 785 617 843 662; x_wconf 87' lang='lat' dir='ltr'>fit,</span> <span class='ocrx_word' id='word_1_47' title='bbox 875 617 971 655; x_wconf 84' lang='lat' dir='ltr'>ratio</span> <span class='ocrx_word' id='word_1_48' title='bbox 999 617 1076 670; x_wconf 87' lang='lat' dir='ltr'>ipsa</span> <span class='ocrx_word' id='word_1_49' title='bbox 1101 626 1234 656; x_wconf 90' lang='lat' dir='ltr'>monet</span> <span class='ocrx_word' id='word_1_50' title='bbox 1252 616 1439 655; x_wconf 83' lang='lat' dir='ltr'>amicitias</span> <span class='ocrx_word' id='word_1_51' title='bbox 1459 629 1656 668; x_wconf 88' lang='lat' dir='ltr'>compara-</span> 
     </span>
     <span class='ocr_line' id='line_1_7' title="bbox 262 681 1656 736; baseline 0 -17"><span class='ocrx_word' id='word_1_52' title='bbox 262 695 301 720; x_wconf 90' lang='lat' dir='ltr'>re</span> <span class='ocrx_word' id='word_1_53' title='bbox 315 701 328 727; x_wconf 72' lang='lat'>5</span> <span class='ocrx_word' id='word_1_54' title='bbox 359 682 500 734; x_wconf 91' lang='lat' dir='ltr'>quibus</span> <span class='ocrx_word' id='word_1_55' title='bbox 519 683 635 736; x_wconf 90' lang='lat' dir='ltr'>partis</span> <span class='ocrx_word' id='word_1_56' title='bbox 652 682 903 721; x_wconf 85' lang='lat' dir='ltr'>confirmatur</span> <span class='ocrx_word' id='word_1_57' title='bbox 928 682 1095 727; x_wconf 65' lang='lat' dir='ltr'>animm,</span> <span class='ocrx_word' id='word_1_58' title='bbox 1125 691 1165 720; x_wconf 93' lang='lat' dir='ltr'>et</span> <span class='ocrx_word' id='word_1_59' title='bbox 1183 695 1203 719; x_wconf 92' lang='lat' dir='ltr'>a</span> <span class='ocrx_word' id='word_1_60' title='bbox 1219 681 1281 734; x_wconf 91' lang='lat' dir='ltr'>spe</span> <span class='ocrx_word' id='word_1_61' title='bbox 1301 681 1568 735; x_wconf 83' lang='lat' dir='ltr'>pariendarum</span> <span class='ocrx_word' id='word_1_62' title='bbox 1587 695 1656 719; x_wconf 88' lang='lat' dir='ltr'>vo-</span> 
     </span>
     <span class='ocr_line' id='line_1_8' title="bbox 262 746 1656 801; baseline -0.001 -16"><span class='ocrx_word' id='word_1_63' title='bbox 262 747 458 800; x_wconf 89' lang='lat' dir='ltr'>luptatum</span> <span class='ocrx_word' id='word_1_64' title='bbox 478 748 625 801; x_wconf 88' lang='lat' dir='ltr'>sejungi</span> <span class='ocrx_word' id='word_1_65' title='bbox 655 761 733 786; x_wconf 90' lang='lat' dir='ltr'>non</span> <span class='ocrx_word' id='word_1_66' title='bbox 759 748 895 801; x_wconf 91' lang='lat' dir='ltr'>potest.</span> <span class='ocrx_word' id='word_1_67' title='bbox 946 750 1077 801; x_wconf 85' lang='lat' dir='ltr'>Atque</span> <span class='ocrx_word' id='word_1_68' title='bbox 1097 756 1140 786; x_wconf 93' lang='lat' dir='ltr'>ut</span> <span class='ocrx_word' id='word_1_69' title='bbox 1159 748 1259 793; x_wconf 90' lang='lat' dir='ltr'>odia,</span> <span class='ocrx_word' id='word_1_70' title='bbox 1290 747 1456 792; x_wconf 84' lang='lat' dir='ltr'>invidiae,</span> <span class='ocrx_word' id='word_1_71' title='bbox 1486 746 1656 799; x_wconf 90' lang='lat' dir='ltr'>despica-</span> 
     </span>
     <span class='ocr_line' id='line_1_9' title="bbox 262 811 1657 867; baseline -0.001 -15"><span class='ocrx_word' id='word_1_72' title='bbox 262 814 400 859; x_wconf 88' lang='lat' dir='ltr'>ti0nes,</span> <span class='ocrx_word' id='word_1_73' title='bbox 418 814 658 853; x_wconf 85' lang='lat' dir='ltr'>adversantur</span> <span class='ocrx_word' id='word_1_74' title='bbox 670 814 930 867; x_wconf 89' lang='lat' dir='ltr'>voluptatibus</span> <span class='ocrx_word' id='word_1_75' title='bbox 948 833 959 859; x_wconf 81' lang='lat'>3</span> <span class='ocrx_word' id='word_1_76' title='bbox 981 815 1030 853; x_wconf 90' lang='lat' dir='ltr'>fic</span> <span class='ocrx_word' id='word_1_77' title='bbox 1049 814 1229 853; x_wconf 87' lang='lat' dir='ltr'>amicitiae</span> <span class='ocrx_word' id='word_1_78' title='bbox 1248 827 1326 852; x_wconf 90' lang='lat' dir='ltr'>non</span> <span class='ocrx_word' id='word_1_79' title='bbox 1347 812 1463 852; x_wconf 88' lang='lat' dir='ltr'>modo</span> <span class='ocrx_word' id='word_1_80' title='bbox 1477 811 1657 851; x_wconf 87' lang='lat' dir='ltr'>fautrices</span> 
     </span>
     <span class='ocr_line' id='line_1_10' title="bbox 261 879 1655 933; baseline -0.001 -16"><span class='ocrx_word' id='word_1_81' title='bbox 261 879 497 925; x_wconf 83' lang='lat' dir='ltr'>fideliffimae,</span> <span class='ocrx_word' id='word_1_82' title='bbox 527 880 590 918; x_wconf 91' lang='lat' dir='ltr'>sed</span> <span class='ocrx_word' id='word_1_83' title='bbox 608 881 724 919; x_wconf 89' lang='lat' dir='ltr'>etiam</span> <span class='ocrx_word' id='word_1_84' title='bbox 747 880 954 919; x_wconf 70' lang='lat' dir='ltr'>effectrices</span> <span class='ocrx_word' id='word_1_85' title='bbox 983 881 1070 919; x_wconf 89' lang='lat' dir='ltr'>sunt</span> <span class='ocrx_word' id='word_1_86' title='bbox 1099 880 1359 933; x_wconf 84' lang='lat' dir='ltr'>voluptatum,</span> <span class='ocrx_word' id='word_1_87' title='bbox 1393 887 1474 917; x_wconf 87' lang='lat' dir='ltr'>tam</span> <span class='ocrx_word' id='word_1_88' title='bbox 1505 879 1655 924; x_wconf 87' lang='lat' dir='ltr'>amicis,</span> 
     </span>
     <span class='ocr_line' id='line_1_11' title="bbox 261 945 1656 1000; baseline -0.001 -16"><span class='ocrx_word' id='word_1_89' title='bbox 261 960 381 998; x_wconf 89' lang='lat' dir='ltr'>quam</span> <span class='ocrx_word' id='word_1_90' title='bbox 400 947 496 986; x_wconf 81' lang='lat' dir='ltr'>fibi:</span> <span class='ocrx_word' id='word_1_91' title='bbox 528 947 670 999; x_wconf 89' lang='lat' dir='ltr'>quibus</span> <span class='ocrx_word' id='word_1_92' title='bbox 701 960 778 985; x_wconf 89' lang='lat' dir='ltr'>non</span> <span class='ocrx_word' id='word_1_93' title='bbox 809 947 934 985; x_wconf 89' lang='lat' dir='ltr'>solum</span> <span class='ocrx_word' id='word_1_94' title='bbox 953 947 1199 1000; x_wconf 87' lang='lat' dir='ltr'>praesentibus</span> <span class='ocrx_word' id='word_1_95' title='bbox 1219 945 1415 991; x_wconf 86' lang='lat' dir='ltr'>fruuntur,</span> <span class='ocrx_word' id='word_1_96' title='bbox 1445 945 1509 984; x_wconf 88' lang='lat' dir='ltr'>sed</span> <span class='ocrx_word' id='word_1_97' title='bbox 1540 945 1656 984; x_wconf 87' lang='lat' dir='ltr'>etiam</span> 
     </span>
     <span class='ocr_line' id='line_1_12' title="bbox 260 1011 1260 1065; baseline 0.001 -17"><span class='ocrx_word' id='word_1_98' title='bbox 260 1011 324 1064; x_wconf 88' lang='lat' dir='ltr'>spe</span> <span class='ocrx_word' id='word_1_99' title='bbox 341 1012 540 1064; x_wconf 85' lang='lat' dir='ltr'>eriguntur</span> <span class='ocrx_word' id='word_1_100' title='bbox 558 1011 825 1063; x_wconf 89' lang='lat' dir='ltr'>consequentis</span> <span class='ocrx_word' id='word_1_101' title='bbox 845 1025 887 1050; x_wconf 93' lang='lat' dir='ltr'>ac</span> <span class='ocrx_word' id='word_1_102' title='bbox 907 1011 1043 1065; x_wconf 88' lang='lat' dir='ltr'>posteri</span> <span class='ocrx_word' id='word_1_103' title='bbox 1063 1011 1260 1064; x_wconf 88' lang='lat' dir='ltr'>temporis.</span> 
     </span>
    </p>

    <p class='ocr_par' dir='ltr' id='par_1_3' title="bbox 252 1076 1658 1983">
     <span class='ocr_line' id='line_1_13' title="bbox 315 1076 1658 1129; baseline 0 -15"><span class='ocrx_word' id='word_1_104' title='bbox 315 1076 434 1127; x_wconf 84' lang='lat' dir='ltr'>Qod</span> <span class='ocrx_word' id='word_1_105' title='bbox 464 1077 555 1129; x_wconf 88' lang='lat' dir='ltr'>quia</span> <span class='ocrx_word' id='word_1_106' title='bbox 587 1077 696 1115; x_wconf 91' lang='lat' dir='ltr'>nullo</span> <span class='ocrx_word' id='word_1_107' title='bbox 721 1077 839 1115; x_wconf 92' lang='lat' dir='ltr'>modo</span> <span class='ocrx_word' id='word_1_108' title='bbox 872 1078 949 1115; x_wconf 87' lang='lat' dir='ltr'>fine</span> <span class='ocrx_word' id='word_1_109' title='bbox 976 1077 1146 1115; x_wconf 89' lang='lat' dir='ltr'>amicitia</span> <span class='ocrx_word' id='word_1_110' title='bbox 1178 1076 1332 1115; x_wconf 86' lang='lat' dir='ltr'>firmam</span> <span class='ocrx_word' id='word_1_111' title='bbox 1363 1084 1401 1114; x_wconf 92' lang='lat' dir='ltr'>et</span> <span class='ocrx_word' id='word_1_112' title='bbox 1434 1085 1658 1129; x_wconf 85' lang='lat' dir='ltr'>perpetuam</span> 
     </span>
     <span class='ocr_line' id='line_1_14' title="bbox 253 1142 1657 1196; baseline -0.001 -15"><span class='ocrx_word' id='word_1_113' title='bbox 253 1143 540 1195; x_wconf 84' lang='lat' dir='ltr'>jucunditatem</span> <span class='ocrx_word' id='word_1_114' title='bbox 560 1144 647 1182; x_wconf 86' lang='lat' dir='ltr'>vitae</span> <span class='ocrx_word' id='word_1_115' title='bbox 667 1152 794 1182; x_wconf 88' lang='lat' dir='ltr'>tenere</span> <span class='ocrx_word' id='word_1_116' title='bbox 814 1143 1035 1196; x_wconf 79' lang='lat' dir='ltr'>poffumus3</span> <span class='ocrx_word' id='word_1_117' title='bbox 1057 1156 1182 1196; x_wconf 83' lang='lat' dir='ltr'>neque</span> <span class='ocrx_word' id='word_1_118' title='bbox 1200 1156 1287 1182; x_wconf 90' lang='lat' dir='ltr'>vero</span> <span class='ocrx_word' id='word_1_119' title='bbox 1305 1142 1427 1196; x_wconf 90' lang='lat' dir='ltr'>ipsam</span> <span class='ocrx_word' id='word_1_120' title='bbox 1444 1142 1657 1181; x_wconf 86' lang='lat' dir='ltr'>amicitiam</span> 
     </span>
     <span class='ocr_line' id='line_1_15' title="bbox 258 1208 1657 1262; baseline 0 -15"><span class='ocrx_word' id='word_1_121' title='bbox 258 1209 373 1255; x_wconf 87' lang='lat' dir='ltr'>tueri,</span> <span class='ocrx_word' id='word_1_122' title='bbox 403 1209 472 1247; x_wconf 73' lang='lat' dir='ltr'>nisi</span> <span class='ocrx_word' id='word_1_123' title='bbox 503 1222 609 1262; x_wconf 83' lang='lat' dir='ltr'>aeque</span> <span class='ocrx_word' id='word_1_124' title='bbox 641 1209 787 1248; x_wconf 87' lang='lat' dir='ltr'>amicos</span> <span class='ocrx_word' id='word_1_125' title='bbox 819 1219 859 1248; x_wconf 89' lang='lat' dir='ltr'>et</span> <span class='ocrx_word' id='word_1_126' title='bbox 892 1209 1141 1262; x_wconf 85' lang='lat' dir='ltr'>nosmetipsos</span> <span class='ocrx_word' id='word_1_127' title='bbox 1171 1209 1376 1262; x_wconf 86' lang='lat' dir='ltr'>diligamus</span> <span class='ocrx_word' id='word_1_128' title='bbox 1393 1227 1405 1253; x_wconf 88' lang='lat'>;</span> <span class='ocrx_word' id='word_1_129' title='bbox 1449 1208 1593 1247; x_wconf 88' lang='lat' dir='ltr'>idcirco</span> <span class='ocrx_word' id='word_1_130' title='bbox 1619 1216 1657 1247; x_wconf 91' lang='lat' dir='ltr'>et</span> 
     </span>
     <span class='ocr_line' id='line_1_16' title="bbox 259 1274 1655 1328; baseline 0 -15"><span class='ocrx_word' id='word_1_131' title='bbox 259 1274 335 1314; x_wconf 90' lang='lat' dir='ltr'>hoc</span> <span class='ocrx_word' id='word_1_132' title='bbox 354 1275 481 1328; x_wconf 88' lang='lat' dir='ltr'>ipsum</span> <span class='ocrx_word' id='word_1_133' title='bbox 501 1276 667 1314; x_wconf 87' lang='lat' dir='ltr'>efficitur</span> <span class='ocrx_word' id='word_1_134' title='bbox 701 1276 739 1313; x_wconf 89' lang='lat' dir='ltr'>in</span> <span class='ocrx_word' id='word_1_135' title='bbox 759 1275 945 1321; x_wconf 90' lang='lat' dir='ltr'>amicitia,</span> <span class='ocrx_word' id='word_1_136' title='bbox 975 1285 1013 1314; x_wconf 87' lang='lat' dir='ltr'>et</span> <span class='ocrx_word' id='word_1_137' title='bbox 1031 1275 1200 1314; x_wconf 88' lang='lat' dir='ltr'>amicitia</span> <span class='ocrx_word' id='word_1_138' title='bbox 1219 1289 1312 1313; x_wconf 90' lang='lat' dir='ltr'>cum</span> <span class='ocrx_word' id='word_1_139' title='bbox 1337 1274 1534 1328; x_wconf 86' lang='lat' dir='ltr'>voluptate</span> <span class='ocrx_word' id='word_1_140' title='bbox 1559 1287 1655 1313; x_wconf 91' lang='lat' dir='ltr'>con-</span> 
     </span>
     <span class='ocr_line' id='line_1_17' title="bbox 259 1340 1654 1392; baseline -0.001 -14"><span class='ocrx_word' id='word_1_141' title='bbox 259 1341 437 1379; x_wconf 58' lang='lat' dir='ltr'>nectitur.</span> <span class='ocrx_word' id='word_1_142' title='bbox 480 1341 587 1379; x_wconf 90' lang='lat' dir='ltr'>Nam</span> <span class='ocrx_word' id='word_1_143' title='bbox 607 1350 645 1378; x_wconf 89' lang='lat' dir='ltr'>et</span> <span class='ocrx_word' id='word_1_144' title='bbox 662 1340 837 1379; x_wconf 85' lang='lat' dir='ltr'>laetamur</span> <span class='ocrx_word' id='word_1_145' title='bbox 855 1341 1069 1379; x_wconf 85' lang='lat' dir='ltr'>amicorum</span> <span class='ocrx_word' id='word_1_146' title='bbox 1089 1341 1220 1378; x_wconf 84' lang='lat' dir='ltr'>laetitia</span> <span class='ocrx_word' id='word_1_147' title='bbox 1249 1352 1355 1392; x_wconf 88' lang='lat' dir='ltr'>aeque</span> <span class='ocrx_word' id='word_1_148' title='bbox 1374 1347 1489 1392; x_wconf 88' lang='lat' dir='ltr'>atque</span> <span class='ocrx_word' id='word_1_149' title='bbox 1517 1340 1654 1384; x_wconf 83' lang='lat' dir='ltr'>nostra,</span> 
     </span>
     <span class='ocr_line' id='line_1_18' title="bbox 257 1405 1655 1459; baseline 0 -15"><span class='ocrx_word' id='word_1_150' title='bbox 257 1415 299 1444; x_wconf 87' lang='lat' dir='ltr'>et</span> <span class='ocrx_word' id='word_1_151' title='bbox 330 1407 469 1459; x_wconf 88' lang='lat' dir='ltr'>pariter</span> <span class='ocrx_word' id='word_1_152' title='bbox 501 1406 677 1444; x_wconf 89' lang='lat' dir='ltr'>dolemus</span> <span class='ocrx_word' id='word_1_153' title='bbox 707 1406 928 1458; x_wconf 85' lang='lat' dir='ltr'>angoribus.</span> <span class='ocrx_word' id='word_1_154' title='bbox 978 1406 1174 1458; x_wconf 87' lang='lat' dir='ltr'>roirca</span> <span class='ocrx_word' id='word_1_155' title='bbox 1199 1405 1334 1444; x_wconf 91' lang='lat' dir='ltr'>eodem</span> <span class='ocrx_word' id='word_1_156' title='bbox 1363 1405 1481 1444; x_wconf 92' lang='lat' dir='ltr'>modo</span> <span class='ocrx_word' id='word_1_157' title='bbox 1510 1405 1655 1458; x_wconf 86' lang='lat' dir='ltr'>sapiens</span> 
     </span>
     <span class='ocr_line' id='line_1_19' title="bbox 259 1470 1654 1524; baseline 0 -15"><span class='ocrx_word' id='word_1_158' title='bbox 259 1473 332 1510; x_wconf 90' lang='lat' dir='ltr'>erit</span> <span class='ocrx_word' id='word_1_159' title='bbox 351 1471 507 1510; x_wconf 58' lang='lat' dir='ltr'>affeetus</span> <span class='ocrx_word' id='word_1_160' title='bbox 523 1483 610 1523; x_wconf 89' lang='lat' dir='ltr'>erga</span> <span class='ocrx_word' id='word_1_161' title='bbox 621 1471 805 1516; x_wconf 87' lang='lat' dir='ltr'>amicum,</span> <span class='ocrx_word' id='word_1_162' title='bbox 822 1485 900 1524; x_wconf 92' lang='lat' dir='ltr'>quo</span> <span class='ocrx_word' id='word_1_163' title='bbox 919 1472 960 1509; x_wconf 86' lang='lat' dir='ltr'>in</span> <span class='ocrx_word' id='word_1_164' title='bbox 975 1471 1162 1524; x_wconf 89' lang='lat' dir='ltr'>seipsum:</span> <span class='ocrx_word' id='word_1_165' title='bbox 1185 1471 1357 1523; x_wconf 87' lang='lat' dir='ltr'>quosque</span> <span class='ocrx_word' id='word_1_166' title='bbox 1372 1470 1517 1509; x_wconf 91' lang='lat' dir='ltr'>labores</span> <span class='ocrx_word' id='word_1_167' title='bbox 1536 1483 1654 1524; x_wconf 87' lang='lat' dir='ltr'>prop-</span> 
     </span>
     <span class='ocr_line' id='line_1_20' title="bbox 258 1536 1655 1589; baseline -0.001 -14"><span class='ocrx_word' id='word_1_168' title='bbox 258 1547 317 1575; x_wconf 84' lang='lat' dir='ltr'>ter</span> <span class='ocrx_word' id='word_1_169' title='bbox 350 1537 455 1576; x_wconf 87' lang='lat' dir='ltr'>suam</span> <span class='ocrx_word' id='word_1_170' title='bbox 486 1537 724 1589; x_wconf 88' lang='lat' dir='ltr'>voluptatem</span> <span class='ocrx_word' id='word_1_171' title='bbox 744 1536 962 1589; x_wconf 88' lang='lat' dir='ltr'>susciperet,</span> <span class='ocrx_word' id='word_1_172' title='bbox 992 1536 1145 1575; x_wconf 91' lang='lat' dir='ltr'>eosdem</span> <span class='ocrx_word' id='word_1_173' title='bbox 1165 1536 1344 1588; x_wconf 86' lang='lat' dir='ltr'>suscipiet</span> <span class='ocrx_word' id='word_1_174' title='bbox 1363 1544 1520 1589; x_wconf 90' lang='lat' dir='ltr'>propter</span> <span class='ocrx_word' id='word_1_175' title='bbox 1539 1536 1655 1574; x_wconf 87' lang='lat' dir='ltr'>amici</span> 
     </span>
     <span class='ocr_line' id='line_1_21' title="bbox 258 1599 1656 1655; baseline -0.001 -15"><span class='ocrx_word' id='word_1_176' title='bbox 258 1602 495 1655; x_wconf 86' lang='lat' dir='ltr'>voluptatem</span> <span class='ocrx_word' id='word_1_177' title='bbox 514 1616 523 1639; x_wconf 92' lang='lat'><strong>:</strong></span> <span class='ocrx_word' id='word_1_178' title='bbox 546 1615 706 1654; x_wconf 83' lang='lat' dir='ltr'>quaeque</span> <span class='ocrx_word' id='word_1_179' title='bbox 725 1601 771 1639; x_wconf 90' lang='lat' dir='ltr'>de</span> <span class='ocrx_word' id='word_1_180' title='bbox 790 1602 998 1640; x_wconf 91' lang='lat' dir='ltr'>virtutibus</span> <span class='ocrx_word' id='word_1_181' title='bbox 1018 1602 1118 1640; x_wconf 64' lang='lat' dir='ltr'>dieta</span> <span class='ocrx_word' id='word_1_182' title='bbox 1136 1601 1236 1646; x_wconf 89' lang='lat' dir='ltr'>sunt,</span> <span class='ocrx_word' id='word_1_183' title='bbox 1250 1601 1580 1654; x_wconf 87' lang='lat' dir='ltr'>quemadmodum</span> <span class='ocrx_word' id='word_1_184' title='bbox 1595 1599 1656 1639; x_wconf 84' lang='lat' dir='ltr'>hae</span> 
     </span>
     <span class='ocr_line' id='line_1_22' title="bbox 257 1666 1651 1720; baseline 0.001 -15"><span class='ocrx_word' id='word_1_185' title='bbox 257 1667 404 1720; x_wconf 88' lang='lat' dir='ltr'>semper</span> <span class='ocrx_word' id='word_1_186' title='bbox 432 1667 694 1720; x_wconf 88' lang='lat' dir='ltr'>voluptatibus</span> <span class='ocrx_word' id='word_1_187' title='bbox 724 1666 924 1713; x_wconf 67' lang='lat' dir='ltr'>inhaerent,</span> <span class='ocrx_word' id='word_1_188' title='bbox 953 1667 1085 1706; x_wconf 88' lang='lat' dir='ltr'>eadem</span> <span class='ocrx_word' id='word_1_189' title='bbox 1106 1666 1152 1705; x_wconf 88' lang='lat' dir='ltr'>de</span> <span class='ocrx_word' id='word_1_190' title='bbox 1181 1667 1353 1705; x_wconf 88' lang='lat' dir='ltr'>amicitia</span> <span class='ocrx_word' id='word_1_191' title='bbox 1372 1667 1533 1706; x_wconf 88' lang='lat' dir='ltr'>dicenda</span> <span class='ocrx_word' id='word_1_192' title='bbox 1551 1666 1651 1706; x_wconf 89' lang='lat' dir='ltr'>sunt.</span> 
     </span>
     <span class='ocr_line' id='line_1_23' title="bbox 256 1733 1654 1788; baseline 0 -16"><span class='ocrx_word' id='word_1_193' title='bbox 256 1734 437 1772; x_wconf 84' lang='lat' dir='ltr'>Praeclare</span> <span class='ocrx_word' id='word_1_194' title='bbox 455 1734 562 1771; x_wconf 87' lang='lat' dir='ltr'>enim</span> <span class='ocrx_word' id='word_1_195' title='bbox 583 1734 774 1786; x_wconf 87' lang='lat' dir='ltr'>Epicurus</span> <span class='ocrx_word' id='word_1_196' title='bbox 795 1733 856 1772; x_wconf 88' lang='lat' dir='ltr'>his</span> <span class='ocrx_word' id='word_1_197' title='bbox 877 1747 972 1788; x_wconf 87' lang='lat' dir='ltr'>pene</span> <span class='ocrx_word' id='word_1_198' title='bbox 990 1734 1114 1772; x_wconf 86' lang='lat' dir='ltr'>verbis</span> <span class='ocrx_word' id='word_1_199' title='bbox 1131 1752 1143 1778; x_wconf 82' lang='lat'>3</span> <span class='ocrx_word' id='word_1_200' title='bbox 1174 1733 1324 1779; x_wconf 82' lang='lat' dir='ltr'>Eadem,</span> <span class='ocrx_word' id='word_1_201' title='bbox 1345 1734 1488 1786; x_wconf 88' lang='lat' dir='ltr'>inquit,</span> <span class='ocrx_word' id='word_1_202' title='bbox 1496 1733 1654 1786; x_wconf 77' lang='lat' dir='ltr'>scientia</span> 
     </span>
     <span class='ocr_line' id='line_1_24' title="bbox 253 1798 1652 1853; baseline 0 -16"><span class='ocrx_word' id='word_1_203' title='bbox 253 1800 484 1852; x_wconf 61' lang='lat' dir='ltr'>cotgfirmavit</span> <span class='ocrx_word' id='word_1_204' title='bbox 501 1799 670 1844; x_wconf 81' lang='lat' dir='ltr'>animum,</span> <span class='ocrx_word' id='word_1_205' title='bbox 700 1814 743 1838; x_wconf 81' lang='lat' dir='ltr'>ne</span> <span class='ocrx_word' id='word_1_206' title='bbox 775 1799 869 1853; x_wconf 86' lang='lat' dir='ltr'>quod</span> <span class='ocrx_word' id='word_1_207' title='bbox 895 1808 963 1839; x_wconf 84' lang='lat' dir='ltr'>aut</span> <span class='ocrx_word' id='word_1_208' title='bbox 977 1799 1250 1853; x_wconf 78' lang='lat' dir='ltr'>stmpiternum‚</span> <span class='ocrx_word' id='word_1_209' title='bbox 1280 1808 1347 1838; x_wconf 79' lang='lat' dir='ltr'>aut</span> <span class='ocrx_word' id='word_1_210' title='bbox 1364 1798 1576 1838; x_wconf 83' lang='lat' dir='ltr'>diuturnum</span> <span class='ocrx_word' id='word_1_211' title='bbox 1599 1799 1652 1838; x_wconf 84' lang='lat' dir='ltr'>ti-</span> 
     </span>
     <span class='ocr_line' id='line_1_25' title="bbox 253 1864 1652 1919; baseline 0.001 -17"><span class='ocrx_word' id='word_1_212' title='bbox 253 1876 365 1903; x_wconf 78' lang='lat' dir='ltr'>meret</span> <span class='ocrx_word' id='word_1_213' title='bbox 383 1865 512 1903; x_wconf 85' lang='lat' dir='ltr'>malum</span> <span class='ocrx_word' id='word_1_214' title='bbox 525 1883 535 1909; x_wconf 76' lang='lat'><em>3</em></span> <span class='ocrx_word' id='word_1_215' title='bbox 568 1879 646 1917; x_wconf 77' lang='lat' dir='ltr'>quae</span> <span class='ocrx_word' id='word_1_216' title='bbox 658 1865 852 1918; x_wconf 74' lang='lat' dir='ltr'>perspexit,</span> <span class='ocrx_word' id='word_1_217' title='bbox 881 1866 919 1904; x_wconf 84' lang='lat' dir='ltr'>in</span> <span class='ocrx_word' id='word_1_218' title='bbox 938 1865 1001 1904; x_wconf 86' lang='lat' dir='ltr'>hoc</span> <span class='ocrx_word' id='word_1_219' title='bbox 1019 1866 1088 1919; x_wconf 75' lang='lat' dir='ltr'>zpsb</span> <span class='ocrx_word' id='word_1_220' title='bbox 1107 1865 1198 1904; x_wconf 78' lang='lat' dir='ltr'>vitae</span> <span class='ocrx_word' id='word_1_221' title='bbox 1200 1865 1327 1919; x_wconf 83' lang='lat' dir='ltr'>spatio</span> <span class='ocrx_word' id='word_1_222' title='bbox 1344 1864 1513 1904; x_wconf 81' lang='lat' dir='ltr'>amicitiae</span> <span class='ocrx_word' id='word_1_223' title='bbox 1520 1865 1652 1917; x_wconf 71' lang='lat' dir='ltr'>prast-</span> 
     </span>
     <span class='ocr_line' id='line_1_26' title="bbox 252 1929 676 1983; baseline 0 -15"><span class='ocrx_word' id='word_1_224' title='bbox 252 1930 349 1968; x_wconf 81' lang='lat' dir='ltr'>dium</span> <span class='ocrx_word' id='word_1_225' title='bbox 367 1929 676 1983; x_wconf 58' lang='lat' dir='ltr'>qffbfirnzffmum.</span> 
     </span>
    </p>

    <p class='ocr_par' dir='ltr' id='par_1_4' title="bbox 250 1995 1655 2576">
     <span class='ocr_line' id='line_1_27' title="bbox 311 1995 1655 2049; baseline -0.001 -15"><span class='ocrx_word' id='word_1_226' title='bbox 311 1997 407 2034; x_wconf 86' lang='lat' dir='ltr'>Sunt</span> <span class='ocrx_word' id='word_1_227' title='bbox 439 2005 568 2033; x_wconf 90' lang='lat' dir='ltr'>autem</span> <span class='ocrx_word' id='word_1_228' title='bbox 587 1996 745 2048; x_wconf 88' lang='lat' dir='ltr'>quidam</span> <span class='ocrx_word' id='word_1_229' title='bbox 767 1996 950 2049; x_wconf 83' lang='lat' dir='ltr'>Epicurei</span> <span class='ocrx_word' id='word_1_230' title='bbox 983 1995 1196 2034; x_wconf 87' lang='lat' dir='ltr'>timidiores</span> <span class='ocrx_word' id='word_1_231' title='bbox 1226 1995 1342 2048; x_wconf 91' lang='lat' dir='ltr'>paulo</span> <span class='ocrx_word' id='word_1_232' title='bbox 1374 2003 1507 2033; x_wconf 89' lang='lat' dir='ltr'>contra</span> <span class='ocrx_word' id='word_1_233' title='bbox 1536 1995 1655 2034; x_wconf 85' lang='lat' dir='ltr'>vestra</span> 
     </span>
     <span class='ocr_line' id='line_1_28' title="bbox 250 2061 1653 2116; baseline 0.001 -17"><span class='ocrx_word' id='word_1_234' title='bbox 250 2062 439 2107; x_wconf 81' lang='lat' dir='ltr'>convicia,</span> <span class='ocrx_word' id='word_1_235' title='bbox 470 2061 532 2099; x_wconf 89' lang='lat' dir='ltr'>sed</span> <span class='ocrx_word' id='word_1_236' title='bbox 565 2070 693 2100; x_wconf 87' lang='lat' dir='ltr'>tamen</span> <span class='ocrx_word' id='word_1_237' title='bbox 715 2062 800 2101; x_wconf 84' lang='lat' dir='ltr'>satis</span> <span class='ocrx_word' id='word_1_238' title='bbox 831 2064 946 2108; x_wconf 87' lang='lat' dir='ltr'>acuti,</span> <span class='ocrx_word' id='word_1_239' title='bbox 979 2063 1047 2116; x_wconf 90' lang='lat' dir='ltr'>qui</span> <span class='ocrx_word' id='word_1_240' title='bbox 1077 2071 1264 2107; x_wconf 86' lang='lat' dir='ltr'>verentur,</span> <span class='ocrx_word' id='word_1_241' title='bbox 1296 2075 1358 2107; x_wconf 91' lang='lat' dir='ltr'>ne,</span> <span class='ocrx_word' id='word_1_242' title='bbox 1395 2061 1420 2100; x_wconf 88' lang='lat' dir='ltr'><strong>fi</strong></span> <span class='ocrx_word' id='word_1_243' title='bbox 1441 2062 1653 2100; x_wconf 88' lang='lat' dir='ltr'>amicitiam</span> 
     </span>
     <span class='ocr_line' id='line_1_29' title="bbox 255 2127 1652 2181; baseline 0 -16"><span class='ocrx_word' id='word_1_244' title='bbox 255 2137 410 2180; x_wconf 90' lang='lat' dir='ltr'>propter</span> <span class='ocrx_word' id='word_1_245' title='bbox 429 2127 595 2166; x_wconf 89' lang='lat' dir='ltr'>nostram</span> <span class='ocrx_word' id='word_1_246' title='bbox 627 2128 862 2181; x_wconf 83' lang='lat' dir='ltr'>voluptatem</span> <span class='ocrx_word' id='word_1_247' title='bbox 889 2129 1141 2181; x_wconf 84' lang='lat' dir='ltr'>expetendam</span> <span class='ocrx_word' id='word_1_248' title='bbox 1162 2137 1357 2181; x_wconf 83' lang='lat' dir='ltr'>putemus,</span> <span class='ocrx_word' id='word_1_249' title='bbox 1386 2136 1463 2165; x_wconf 87' lang='lat' dir='ltr'>tota</span> <span class='ocrx_word' id='word_1_250' title='bbox 1483 2128 1652 2165; x_wconf 90' lang='lat' dir='ltr'>amicitia</span> 
     </span>
     <span class='ocr_line' id='line_1_30' title="bbox 251 2193 1649 2248; baseline 0 -17"><span class='ocrx_word' id='word_1_251' title='bbox 251 2193 357 2245; x_wconf 75' lang='lat' dir='ltr'>quasi</span> <span class='ocrx_word' id='word_1_252' title='bbox 377 2193 589 2232; x_wconf 86' lang='lat' dir='ltr'>claudicare</span> <span class='ocrx_word' id='word_1_253' title='bbox 618 2195 802 2233; x_wconf 84' lang='lat' dir='ltr'>videatur.</span> <span class='ocrx_word' id='word_1_254' title='bbox 863 2196 996 2248; x_wconf 88' lang='lat' dir='ltr'>Itaque</span> <span class='ocrx_word' id='word_1_255' title='bbox 1018 2196 1163 2247; x_wconf 89' lang='lat' dir='ltr'>primos</span> <span class='ocrx_word' id='word_1_256' title='bbox 1195 2193 1409 2246; x_wconf 72' lang='lat' dir='ltr'>congressus</span> <span class='ocrx_word' id='word_1_257' title='bbox 1431 2194 1649 2246; x_wconf 89' lang='lat' dir='ltr'>copulatio-</span> 
     </span>
     <span class='ocr_line' id='line_1_31' title="bbox 254 2259 1650 2312; baseline -0.001 -16"><span class='ocrx_word' id='word_1_258' title='bbox 254 2259 395 2311; x_wconf 87' lang='lat' dir='ltr'>nesque</span> <span class='ocrx_word' id='word_1_259' title='bbox 415 2269 452 2297; x_wconf 90' lang='lat' dir='ltr'>et</span> <span class='ocrx_word' id='word_1_260' title='bbox 471 2259 794 2298; x_wconf 90' lang='lat' dir='ltr'>consuetudinum</span> <span class='ocrx_word' id='word_1_261' title='bbox 814 2260 1129 2299; x_wconf 80' lang='lat' dir='ltr'>instituendarum</span> <span class='ocrx_word' id='word_1_262' title='bbox 1150 2260 1363 2298; x_wconf 83' lang='lat' dir='ltr'>voluntates</span> <span class='ocrx_word' id='word_1_263' title='bbox 1386 2259 1466 2297; x_wconf 87' lang='lat' dir='ltr'>fieri</span> <span class='ocrx_word' id='word_1_264' title='bbox 1496 2268 1650 2312; x_wconf 86' lang='lat' dir='ltr'>propter</span> 
     </span>
     <span class='ocr_line' id='line_1_32' title="bbox 253 2323 1649 2380; baseline 0 -19"><span class='ocrx_word' id='word_1_265' title='bbox 253 2324 492 2376; x_wconf 82' lang='lat' dir='ltr'>voluptatem</span> <span class='ocrx_word' id='word_1_266' title='bbox 510 2340 518 2363; x_wconf 90' lang='lat'>:</span> <span class='ocrx_word' id='word_1_267' title='bbox 542 2339 633 2363; x_wconf 91' lang='lat' dir='ltr'>cum</span> <span class='ocrx_word' id='word_1_268' title='bbox 648 2335 777 2364; x_wconf 88' lang='lat' dir='ltr'>autem</span> <span class='ocrx_word' id='word_1_269' title='bbox 793 2325 879 2365; x_wconf 86' lang='lat' dir='ltr'>usus</span> <span class='ocrx_word' id='word_1_270' title='bbox 896 2327 1138 2380; x_wconf 85' lang='lat' dir='ltr'>progrediens</span> <span class='ocrx_word' id='word_1_271' title='bbox 1152 2325 1450 2363; x_wconf 87' lang='lat' dir='ltr'>familiaritatem</span> <span class='ocrx_word' id='word_1_272' title='bbox 1466 2323 1649 2368; x_wconf 85' lang='lat' dir='ltr'>effecerit,</span> 
     </span>
     <span class='ocr_line' id='line_1_33' title="bbox 254 2389 1649 2437; baseline 0 -11"><span class='ocrx_word' id='word_1_273' title='bbox 254 2399 340 2427; x_wconf 90' lang='lat' dir='ltr'>tum</span> <span class='ocrx_word' id='word_1_274' title='bbox 361 2403 530 2428; x_wconf 85' lang='lat' dir='ltr'>amorem</span> <span class='ocrx_word' id='word_1_275' title='bbox 549 2390 778 2430; x_wconf 86' lang='lat' dir='ltr'>efflorescere</span> <span class='ocrx_word' id='word_1_276' title='bbox 798 2391 962 2437; x_wconf 74' lang='lat' dir='ltr'>tantum,</span> <span class='ocrx_word' id='word_1_277' title='bbox 980 2402 1036 2437; x_wconf 88' lang='lat' dir='ltr'>ut,</span> <span class='ocrx_word' id='word_1_278' title='bbox 1064 2393 1181 2430; x_wconf 88' lang='lat' dir='ltr'>etiam</span> <span class='ocrx_word' id='word_1_279' title='bbox 1202 2391 1227 2429; x_wconf 87' lang='lat' dir='ltr'>fi</span> <span class='ocrx_word' id='word_1_280' title='bbox 1249 2391 1355 2429; x_wconf 89' lang='lat' dir='ltr'>nulla</span> <span class='ocrx_word' id='word_1_281' title='bbox 1374 2390 1418 2428; x_wconf 91' lang='lat' dir='ltr'>s1t</span> <span class='ocrx_word' id='word_1_282' title='bbox 1438 2389 1582 2427; x_wconf 88' lang='lat' dir='ltr'>utilitas</span> <span class='ocrx_word' id='word_1_283' title='bbox 1602 2402 1649 2427; x_wconf 84' lang='lat' dir='ltr'>ex</span> 
     </span>
     <span class='ocr_line' id='line_1_34' title="bbox 252 2455 1647 2511; baseline -0.001 -19"><span class='ocrx_word' id='word_1_284' title='bbox 252 2455 438 2499; x_wconf 86' lang='lat' dir='ltr'>amicitia,</span> <span class='ocrx_word' id='word_1_285' title='bbox 461 2465 588 2494; x_wconf 90' lang='lat' dir='ltr'>tamen</span> <span class='ocrx_word' id='word_1_286' title='bbox 610 2457 677 2510; x_wconf 88' lang='lat' dir='ltr'>ipfi</span> <span class='ocrx_word' id='word_1_287' title='bbox 697 2459 812 2496; x_wconf 88' lang='lat' dir='ltr'>amici</span> <span class='ocrx_word' id='word_1_288' title='bbox 831 2468 986 2511; x_wconf 89' lang='lat' dir='ltr'>propter</span> <span class='ocrx_word' id='word_1_289' title='bbox 1004 2459 1038 2496; x_wconf 90' lang='lat' dir='ltr'>se</span> <span class='ocrx_word' id='word_1_290' title='bbox 1068 2458 1166 2511; x_wconf 91' lang='lat' dir='ltr'>ipsos</span> <span class='ocrx_word' id='word_1_291' title='bbox 1187 2466 1376 2495; x_wconf 88' lang='lat' dir='ltr'>amentur.</span> <span class='ocrx_word' id='word_1_292' title='bbox 1441 2456 1601 2492; x_wconf 86' lang='lat' dir='ltr'>Etenim</span> <span class='ocrx_word' id='word_1_293' title='bbox 1621 2455 1647 2493; x_wconf 83' lang='lat' dir='ltr'>fi</span> 
     </span>
     <span class='ocr_line' id='line_1_35' title="bbox 255 2519 1645 2576; baseline 0 -19"><span class='ocrx_word' id='word_1_294' title='bbox 255 2520 351 2565; x_wconf 91' lang='lat' dir='ltr'>loca,</span> <span class='ocrx_word' id='word_1_295' title='bbox 370 2520 395 2557; x_wconf 90' lang='lat' dir='ltr'>fi</span> <span class='ocrx_word' id='word_1_296' title='bbox 415 2519 514 2566; x_wconf 85' lang='lat' dir='ltr'>fana,</span> <span class='ocrx_word' id='word_1_297' title='bbox 545 2521 570 2559; x_wconf 88' lang='lat' dir='ltr'>fi</span> <span class='ocrx_word' id='word_1_298' title='bbox 592 2523 717 2568; x_wconf 87' lang='lat' dir='ltr'>urbes,</span> <span class='ocrx_word' id='word_1_299' title='bbox 739 2523 764 2561; x_wconf 85' lang='lat' dir='ltr'>fi</span> <span class='ocrx_word' id='word_1_300' title='bbox 783 2525 989 2576; x_wconf 81' lang='lat' dir='ltr'>gymnasia,</span> <span class='ocrx_word' id='word_1_301' title='bbox 1008 2523 1032 2561; x_wconf 83' lang='lat' dir='ltr'>fi</span> <span class='ocrx_word' id='word_1_302' title='bbox 1053 2535 1251 2575; x_wconf 89' lang='lat' dir='ltr'>campum,</span> <span class='ocrx_word' id='word_1_303' title='bbox 1274 2522 1299 2559; x_wconf 77' lang='lat' dir='ltr'>si</span> <span class='ocrx_word' id='word_1_304' title='bbox 1321 2532 1445 2565; x_wconf 88' lang='lat' dir='ltr'>canes,</span> <span class='ocrx_word' id='word_1_305' title='bbox 1468 2519 1494 2558; x_wconf 89' lang='lat' dir='ltr'><strong>fi</strong></span> <span class='ocrx_word' id='word_1_306' title='bbox 1513 2533 1645 2573; x_wconf 80' lang='lat' dir='ltr'>equos,</span> 
     </span>
    </p>
   </div>
   <div class='ocr_carea' id='block_1_3' title="bbox 254 2584 1644 2693">
    <p class='ocr_par' dir='ltr' id='par_1_5' title="bbox 254 2584 1644 2693">
     <span class='ocr_line' id='line_1_36' title="bbox 254 2584 1644 2632; baseline 0.001 -9"><span class='ocrx_word' id='word_1_307' title='bbox 254 2584 281 2623; x_wconf 88' lang='lat' dir='ltr'><strong>fi</strong></span> <span class='ocrx_word' id='word_1_308' title='bbox 300 2585 463 2625; x_wconf 87' lang='lat' dir='ltr'>ludicras</span> <span class='ocrx_word' id='word_1_309' title='bbox 481 2588 692 2632; x_wconf 87' lang='lat' dir='ltr'>exercendi,</span> <span class='ocrx_word' id='word_1_310' title='bbox 710 2598 775 2628; x_wconf 87' lang='lat' dir='ltr'>aut</span> <span class='ocrx_word' id='word_1_311' title='bbox 794 2589 954 2628; x_wconf 89' lang='lat' dir='ltr'>venandi</span> <span class='ocrx_word' id='word_1_312' title='bbox 975 2588 1264 2628; x_wconf 85' lang='lat' dir='ltr'>consuetudines</span> <span class='ocrx_word' id='word_1_313' title='bbox 1281 2587 1452 2625; x_wconf 84' lang='lat' dir='ltr'>adamare</span> <span class='ocrx_word' id='word_1_314' title='bbox 1467 2585 1644 2629; x_wconf 87' lang='lat' dir='ltr'>solemus.</span> 
     </span>
     <span class='ocr_line' id='line_1_37' title="bbox 1256 2653 1344 2693; baseline 0.011 -1"><span class='ocrx_word' id='word_1_315' title='bbox 1256 2653 1295 2692; x_wconf 91' lang='lat' dir='ltr'>N</span> <span class='ocrx_word' id='word_1_316' title='bbox 1323 2666 1344 2693; x_wconf 90' lang='lat'><strong>2</strong></span> 
     </span>
    </p>
   </div>
  </div>
 </body>
</html>
