2330 2983
600 231 651 270 70
926 214 1703 254 ACADEMICORUM

599 314 681 353 haec
703 327 805 353 nunc
835 314 1008 367 primum
1028 314 1182 350 trfflare
1201 312 1412 350 conamur?
1449 313 1517 350 Tu
1534 325 1637 357 vero,
1660 313 1835 364 inquam,
1856 313 1992 360 Varr05

601 381 698 420 bene
727 381 842 418 etiam
877 380 1081 418 meriturus
1104 377 1204 417 mihi
1233 379 1370 416 videris
1402 377 1448 416 de
1479 379 1556 416 tuis
1584 378 1748 423 civibus,
1778 379 1807 417 fi
1831 392 1894 418 eos
1914 393 1993 419 non

599 447 717 486 modo
749 447 858 500 copia
891 459 1019 484 rerum
1051 445 1215 490 auxeris,
1255 454 1299 483 ut
1327 443 1499 489 effecisti,
1530 444 1590 482 sed
1623 445 1741 483 etiam
1770 445 1991 485 verborum.

599 514 843 553 Audebimus
863 525 968 565 ergo,
997 512 1138 564 inquit,
1171 511 1278 549 novis
1297 510 1424 549 verbis
1438 510 1512 555 uti,
1545 519 1585 548 te
1608 512 1772 556 auctore,
1804 511 1834 550 fi
1852 512 1993 550 neceffi:

598 581 683 619 erit.

660 648 804 686 Earum
825 646 946 698 igitur
961 644 1191 697 qualitatum
1210 643 1298 681 sunt
1315 642 1397 680 aliae
1414 642 1622 695 principes,
1651 642 1735 681 aliae
1751 656 1799 681 ex
1818 643 1865 681 iis
1884 652 1988 682 ortam

599 714 796 766 Principes
817 713 904 750 sunt
923 710 1142 749 uniusmodi
1167 718 1205 747 et
1225 708 1437 762 simplices:
1470 721 1520 746 ex
1538 709 1584 747 iis
1605 718 1736 746 autem
1754 718 1859 754 ortae,
1884 710 1992 748 variae

599 780 685 818 sunt
704 789 741 817 et
761 778 862 831 quasa
885 775 1159 815 multiformes.
1191 775 1325 826 Itaque
1342 787 1404 812 aer
1422 787 1592 826 quoque,
1613 774 1779 826 (utimur
1797 775 1904 813 enim
1923 788 1993 828 pro

598 845 756 896 Latino)
778 853 816 882 et
836 843 949 896 ignis,
968 850 1006 880 et
1024 854 1135 894 aqua,
1155 849 1194 878 et
1214 849 1322 883 terra,
1339 839 1464 892 prima
1477 838 1565 877 sunt
1581 854 1590 877 ε
1622 852 1669 877 ex
1689 839 1736 877 iis
1756 848 1885 878 autem
1902 849 1992 879 ortae

596 911 852 951 animantium
870 907 1018 953 formae,
1039 919 1247 958 earumque
1261 918 1403 950 rerum,
1418 919 1503 958 quae
1514 905 1730 958 gignuntur
1746 919 1768 944 e
1783 914 1892 945 terra.
1915 907 1990 945 Er-

596 993 647 1033 go
665 979 732 1017 illa
751 970 874 1021 initia,
893 984 945 1019 et,
963 983 1006 1012 ut
1025 987 1045 1012 e
1061 975 1199 1012 Graeco
1213 981 1374 1017 vertam,
1386 971 1575 1009 elementa
1586 971 1768 1010 dicuntur
1783 986 1792 1009 :
1813 985 1834 1010 e
1848 973 1990 1025 quibus

596 1059 657 1084 aer
676 1054 715 1083 et
744 1043 844 1097 ignis
875 1040 1055 1080 movendi
1085 1040 1167 1078 vim
1197 1037 1340 1076 habent
1369 1047 1407 1075 et
1426 1037 1644 1076 efficiendi:
1676 1038 1831 1090 reliquae
1851 1048 1988 1091 partes,

595 1109 821 1165 accipiendi,
850 1116 888 1146 et
907 1106 1007 1160 quasi
1028 1105 1196 1159 patiendi
1210 1122 1221 1149 ;
1252 1117 1390 1156 aquam
1411 1103 1500 1142 dico
1517 1112 1555 1141 et
1581 1112 1733 1142 terram.
1792 1104 1990 1155 Qinmm

595 1191 730 1231 genus,
748 1191 768 1214 e
787 1188 865 1228 quo
884 1173 1000 1211 ess‘ent
1019 1171 1109 1210 astra
1125 1170 1278 1227 mentes
1301 1184 1359 1215 ue,
1378 1170 1574 1222 singulare,
1588 1183 1799 1223 eorumque
1811 1181 1988 1223 quatuor,

595 1256 681 1298 quae
699 1244 807 1296 supra
825 1240 920 1286 dixi,
941 1238 1119 1279 diffimile
1138 1185 1358 1277 Aristo‘gzles
1378 1236 1564 1288 quiddam
1583 1235 1653 1275 esse
1673 1235 1839 1276 rebatur.

650 1310 721 1349 Sed
740 1309 945 1360 subjestam
965 1313 1103 1359 putant
1131 1303 1315 1342 omnibus
1347 1302 1422 1340 fine
1452 1301 1532 1340 ulla
1550 1302 1685 1355 specie,
1716 1311 1830 1354 atque
1857 1316 1988 1342 caren-

593 1386 673 1414 tem
703 1374 811 1413 omni
842 1372 908 1410 illa
926 1371 1110 1424 qualitate
1141 1368 1343 1421 (faciamus
1373 1367 1478 1405 enim
1509 1366 1703 1405 traeundo
1722 1367 1895 1406 usitatius
1914 1367 1989 1407 hoc

594 1442 755 1481 verbum
789 1449 827 1478 et
860 1439 1004 1490 tritius)
1037 1435 1236 1475 materiam
1262 1433 1469 1487 quandam,
1499 1446 1546 1471 ex
1577 1447 1653 1486 qua
1676 1434 1808 1472 omnia
1826 1434 1990 1487 expreffa

594 1518 709 1561 atque
737 1506 861 1545 effiCta
890 1504 987 1543 fint:
1020 1516 1105 1556 quae
1138 1510 1217 1540 tota
1233 1500 1365 1539 omnia
1384 1499 1553 1552 accipere
1577 1499 1703 1552 possit,
1733 1500 1990 1553 omnibusque

593 1574 719 1613 modis
750 1581 911 1616 mutare,
943 1578 1058 1623 atque
1076 1582 1123 1614 ex
1142 1567 1252 1606 omni
1269 1576 1399 1621 parte:
1432 1578 1553 1618 eoque
1573 1566 1690 1603 etiam
1711 1566 1877 1611 interire,
1909 1580 1986 1605 non

594 1642 631 1679 in
654 1638 837 1682 nihilum,
868 1637 928 1675 sed
951 1637 988 1674 in
1011 1635 1088 1674 suas
1110 1643 1245 1688 partes,
1276 1647 1360 1686 quae
1386 1631 1537 1670 infinite
1563 1631 1676 1670 secari
1695 1645 1738 1670 ac
1759 1631 1878 1669 dividi
1899 1633 1986 1685 pos-

594 1708 679 1751 sint,
711 1719 802 1744 cum
824 1704 867 1742 s1t
885 1702 983 1742 nihil
1003 1702 1166 1741 omnino
1185 1701 1225 1739 in
1246 1713 1373 1738 rerum
1395 1708 1527 1737 natura
1546 1699 1774 1743 minimum,
1799 1698 1904 1750 quod
1924 1699 1985 1737 di-

591 1774 670 1811 vidi
693 1781 868 1824 nequeat.
901 1771 998 1821 Qae
1018 1777 1146 1806 autem
1168 1775 1405 1811 moveantur,
1437 1765 1568 1803 omnia
1586 1764 1794 1803 intervallis
1814 1765 1958 1803 moveri
1972 1783 1985 1810 ς

593 1853 677 1891 quae
696 1836 892 1876 intervalla
911 1836 1004 1873 item
1026 1833 1176 1872 infinite
1195 1832 1314 1871 dividi
1335 1831 1488 1885 poffint.

647 1905 699 1942 Et
718 1916 809 1942 cum
843 1902 897 1939 ita
916 1909 1113 1939 moveatur
1132 1898 1197 1936 illa
1224 1898 1294 1944 vis,
1325 1911 1442 1950 quam
1463 1895 1687 1949 qualitatem
1708 1895 1778 1934 ess‘e
1799 1895 1984 1942 diximus,

589 1980 627 2009 et
644 1983 735 2008 cum
756 1969 806 2006 fic
826 1967 928 2006 ultro
947 1966 1121 2018 citroque
1141 1963 1303 2002 versetur
1319 1981 1330 2007 ς
1358 1973 1395 2000 et
1416 1962 1614 2000 materiam
1635 1961 1753 2014 ipsam
1774 1970 1894 2000 totam
1917 1976 1985 2015 pe-

592 2036 694 2074 nitus
714 2033 944 2073 commutari
964 2041 1112 2085 putant,
1134 2039 1172 2068 et
1192 2030 1243 2067 ita
1261 2029 1361 2067 effici
1378 2042 1463 2081 quae
1475 2027 1667 2080 appellant
1683 2027 1837 2079 Qalia,
1859 2040 1880 2064 e
1895 2029 1985 2080 qui-

591 2102 662 2139 bus
691 2101 728 2138 in
760 2099 869 2137 omni
902 2107 1030 2135 natura
1049 2095 1262 2134 cohaerente
1281 2104 1318 2132 et
1339 2094 1559 2132 continuata
1589 2106 1680 2131 cum
1701 2093 1883 2131 omnibus
1910 2093 1984 2131 suis

591 2167 760 2220 partibus
780 2164 959 2203 effectum
980 2162 1049 2201 effe
1069 2161 1260 2200 mundum
1277 2179 1288 2206 ς
1320 2170 1425 2199 extr-1
1443 2173 1561 2211 quem
1583 2159 1688 2197 nulla
1707 2172 1791 2212 pars
1817 2159 1983 2198 materia:

590 2233 646 2277 fit,
666 2231 895 2283 nullumque
916 2243 1076 2282 corpus:
1107 2237 1226 2281 partes
1245 2235 1372 2265 autem
1389 2226 1459 2264 ess'e
1480 2225 1614 2263 mundi
1641 2226 1785 2270 omnia,
1806 2238 1892 2278 quae
1920 2225 1982 2263 in-

589 2298 659 2337 sint
680 2298 718 2336 in
745 2311 803 2342 eo,
835 2310 919 2349 quae
940 2306 1072 2333 natura
1092 2294 1273 2332 sentiente
1295 2302 1518 2335 teneantur;
1552 2292 1589 2329 in
1611 2304 1686 2344 qua
1706 2291 1800 2329 ratio
1819 2289 1983 2344 perfefta

589 2364 689 2409 insit,
720 2377 804 2415 qua:
835 2362 878 2401 sit
909 2355 1039 2400 eadeffi
1073 2361 1324 2413 sempiterna;
1359 2358 1475 2410 (nihil
1506 2359 1609 2396 enim
1641 2357 1826 2396 valentius
1846 2356 1932 2402 esse,
1963 2370 1984 2395 a

588 2444 666 2482 quo
689 2430 862 2479 intereat)
885 2441 1001 2481 quam
1022 2428 1100 2465 vim
1123 2427 1296 2464 animum
1317 2424 1386 2463 eise
1407 2424 1541 2462 dicunt
1563 2424 1714 2469 mundi,
1745 2423 1982 2475 eandemque

587 2495 658 2534 effe
680 2506 862 2540 mentem,
895 2494 1191 2548 sapientiamque
1211 2490 1413 2545 perfec‘lam
1433 2510 1442 2535 ;
1475 2504 1592 2544 quem
1614 2491 1745 2530 Deum
1772 2489 1978 2543 appellant,

586 2562 842 2615 omniumque
879 2574 1019 2605 rerum,
1056 2573 1140 2613 qua:
1177 2558 1263 2598 sunt
1299 2559 1332 2596 ei
1372 2558 1560 2611 subjeClae,
1596 2557 1697 2610 quast
1738 2555 1979 2610 prudentiam
