2330 2983
650 274 922 313 LIBER
980 272 1472 314 SECUNDUS.
1678 291 1751 330 451

377 381 505 412 motus
525 371 749 416 constantes,
770 381 807 410 et
827 381 938 410 ratos.
981 371 1098 422 Qod
1116 371 1160 410 eb
1180 373 1232 411 cst
1248 373 1508 411 admirabilius
1527 373 1567 412 in
1588 372 1647 411 his
1667 373 1755 412 stel-

378 438 438 482 lis,
460 450 551 489 quas
571 437 749 481 dicimus,
770 437 860 488 quia
879 446 962 474 tum
983 437 1238 482 occultantur,
1274 447 1358 476 tum
1380 438 1502 476 rursus
1523 439 1754 491 aperiuntur,

378 510 462 539 tum
482 501 636 545 abeunt,
667 509 751 537 tum
771 500 966 545 recedunt.
986 509 1072 538 tum
1090 501 1330 545 antecedunt,
1358 511 1443 539 tum
1463 503 1755 554 subsequuntur,

377 574 462 604 tum
482 565 641 603 celerius
661 574 875 610 moventur,
908 574 992 602 tum
1012 565 1167 609 tardius,
1201 574 1287 603 tum
1308 567 1467 604 omnino
1487 580 1533 604 nc
1556 577 1757 605 moventur

376 630 548 682 quidem,
565 629 626 667 sed
646 630 691 667 ad
711 630 904 682 quoddam
924 639 1075 683 tempus
1088 630 1272 669 insistunt.
1295 632 1472 683 Qarum
1488 644 1534 669 ex
1549 631 1756 683 disparibus

376 695 612 734 motionibus
632 708 817 747 magnum
832 708 978 733 annum
993 694 1256 733 mathematici
1269 695 1574 740 nominaverunt,
1591 697 1658 748 qui
1675 705 1758 735 tum

377 760 554 806 efficitur,
584 774 676 798 cum
695 759 795 804 solis,
826 770 863 798 et
882 760 995 805 lunae,
1025 769 1062 798 et
1092 760 1264 812 quinque
1293 761 1499 799 errantium
1531 761 1576 799 ad
1599 761 1758 801 eandem

378 825 475 863 inter
495 826 529 863 se
547 825 870 877 comparationem
899 824 1082 863 confectis
1109 826 1287 863 omnium
1307 826 1432 878 spatiis
1463 826 1517 864 est
1540 825 1636 864 facta
1663 840 1757 865 con-

379 891 507 928 verfio.
531 891 627 941 Qae
647 903 763 942 quam
783 890 897 942 longa
914 891 972 935 fit,
994 904 1132 943 magna
1150 891 1304 943 quaestio
1323 891 1397 929 est:
1420 891 1492 929 effe
1511 904 1598 929 vero
1617 901 1758 929 certam

379 964 419 993 et
437 955 633 993 definitam
653 954 793 993 neceffe
816 955 881 993 est.
940 956 1046 994 Nam
1065 969 1162 1001 eam,
1193 970 1277 1008 quae
1297 957 1447 994 Saturni
1472 956 1576 994 stella
1603 957 1757 1000 dicitur,

378 1017 599 1072 <palum-que
629 1033 649 1057 a
679 1021 823 1058 Graecis
857 1021 1089 1066 nominatur,
1120 1035 1204 1074 quae
1231 1035 1251 1059 a
1276 1031 1372 1060 terra
1400 1021 1501 1060 abest
1528 1022 1757 1074 plurimum,

381 1098 469 1123 xxx
490 1084 568 1123 fere
587 1085 694 1123 annis
713 1086 865 1125 cursum
884 1085 995 1124 suum
1015 1086 1186 1125 conficit.
1216 1087 1261 1124 In
1276 1100 1356 1138 quo
1374 1086 1485 1124 cursu
1504 1087 1628 1124 multa
1643 1087 1759 1124 mira-

380 1151 509 1189 biliter
527 1151 708 1195 efficiens,
739 1159 824 1188 tum
843 1151 1111 1196 antecedendo,
1131 1161 1217 1189 turn
1236 1151 1472 1196 retardando,
1506 1161 1594 1190 tum
1613 1151 1759 1204 vesper-

379 1216 470 1254 tinis
491 1215 728 1269 temporibus
749 1215 1014 1261 delitescendo,
1049 1225 1134 1254 tum
1154 1217 1352 1255 matutinis
1370 1215 1519 1254 rursum
1534 1216 1569 1254 se
1588 1217 1759 1269 aperien-

379 1281 445 1326 do,
475 1280 575 1319 nihil
594 1281 777 1319 immutat
793 1280 1030 1333 sempiternis
1062 1280 1273 1319 seculorum
1304 1281 1490 1324 aetatibus,
1515 1281 1609 1332 quin
1628 1281 1760 1319 eadem

382 1346 517 1384 iisdem
549 1346 785 1398 temporibus
818 1345 970 1384 efficiat.
1022 1344 1123 1384 Infra
1155 1355 1283 1383 autem
1315 1344 1415 1383 hanc
1444 1345 1599 1397 propius
1627 1359 1647 1383 a
1667 1354 1762 1383 terra

383 1412 489 1462 Jovis
519 1411 622 1449 stella
653 1410 786 1456 fertur,
816 1425 900 1463 quae
921 1408 1062 1458 φαέθων
1081 1411 1244 1455 dicitur;
1275 1423 1392 1463 eaque
1411 1411 1576 1449 eundem
1598 1425 1662 1449 ΧΠ
1686 1411 1760 1463 fig-

383 1491 522 1516 norum
541 1477 674 1516 orbem
693 1478 801 1515 annis
823 1491 887 1516 xu
911 1476 1080 1522 conficit,
1101 1477 1337 1529 easdemque,
1360 1489 1452 1529 quas
1473 1478 1623 1515 Saturni
1642 1477 1759 1522 stella,

381 1543 502 1581 efficit
522 1543 561 1580 in
581 1543 690 1581 cursu
709 1543 917 1582 varietates.

437 1608 547 1645 Huic
575 1616 702 1644 autem
722 1607 944 1658 proximum
965 1606 1184 1646 inferiorem
1213 1608 1346 1646 orbem
1375 1617 1477 1646 tenet
1505 1606 1647 1662 πυρόε-ις,
1679 1622 1762 1660 quae

384 1673 488 1711 stella
517 1672 655 1710 Martis
686 1672 896 1725 appellatur
910 1691 922 1718 ;
954 1686 1070 1725 eaque
1102 1687 1176 1712 1111
1212 1683 1251 1712 et
1281 1688 1338 1712 xx
1370 1675 1577 1718 menfibus,
1612 1674 1689 1718 sex,
1720 1683 1764 1712 ut

381 1738 531 1791 opinor,
562 1737 696 1775 diebus
726 1737 869 1783 minus,
900 1738 1066 1775 eundem
1085 1737 1215 1775 lustrat
1235 1739 1381 1782 orbem,
1413 1751 1531 1789 quem
1550 1738 1633 1776 duae
1653 1738 1763 1791 supe-

384 1804 510 1842 riores.
542 1801 646 1841 Infra
663 1801 762 1841 hanc
779 1812 906 1841 autem
926 1802 1029 1840 stella
1047 1802 1236 1841 Mercurii
1255 1802 1320 1840 est.
1365 1803 1423 1840 Ea
1442 1800 1565 1841 ςίλςων
1595 1803 1763 1856 appella-

384 1878 447 1907 tur
466 1881 487 1905 a
506 1868 650 1906 Graecis
669 1885 682 1912 ς
713 1881 797 1919 quae
826 1881 924 1906 anno
944 1867 1020 1905 fere
1038 1876 1205 1906 vertente
1225 1866 1447 1920 signiferum
1467 1868 1595 1907 lustrat
1615 1869 1763 1915 orbem,

384 1945 509 1985 neque
538 1946 559 1970 a
591 1931 665 1970 sole
695 1932 846 1985 longius
879 1946 1049 1986 unquam
1080 1933 1192 1970 unius
1225 1932 1321 1985 figni
1353 1932 1552 1971 intervallo
1592 1933 1764 1979 discedit,

384 2009 471 2037 tum
488 2006 736 2042 antevertens,
757 2007 841 2036 tum
861 1998 1101 2050 subsequens.
1125 1997 1263 2036 Infima
1277 1998 1329 2036 est
1349 1998 1520 2050 quinque
1540 1999 1763 2044 errantium,

383 2074 565 2116 terraeque
593 2063 781 2116 proxima,
816 2063 919 2101 stella
940 2063 1112 2108 Veneris,
1142 2077 1225 2116 quae
1245 2061 1411 2113 φώσφορος
1430 2064 1577 2109 Graece,
1608 2063 1766 2102 Lucifer

386 2130 523 2169 Latine
541 2129 696 2174 dicitur,
717 2143 808 2167 cum
828 2129 1083 2182 antegreditur
1101 2128 1218 2167 solem
1231 2147 1242 2174 ς
1263 2142 1356 2167 cum
1370 2129 1610 2182 subsequitur
1623 2140 1765 2174 autem,

387 2194 592 2246 Hesperos.
637 2194 693 2231 Ea
710 2193 864 2232 cursum
883 2208 982 2233 anno
1001 2193 1171 2239 conficit,
1193 2203 1231 2232 et
1250 2194 1494 2233 latitudinem
1514 2194 1670 2232 lustrans
1691 2196 1765 2247 sig-

388 2258 500 2296 niferi
520 2258 635 2302 orbiS,
656 2267 694 2296 et
715 2258 1010 2311 longitudinem,
1034 2259 1156 2311 (quod
1175 2259 1277 2298 idem
1298 2258 1445 2298 faciunt
1464 2259 1577 2297 stellae
1597 2259 1765 2311 superio-

388 2325 463 2375 res)
486 2337 608 2375 neque
628 2337 798 2375 unquam
818 2324 864 2362 ab
884 2324 958 2363 sole
983 2325 1147 2363 duorum
1175 2325 1368 2378 signorum
1389 2324 1586 2363 intervallo
1616 2325 1766 2376 longius

387 2388 560 2433 discedit,
582 2397 666 2426 turn
685 2390 920 2435 antecedens,
943 2399 1027 2429 tum
1047 2390 1287 2443 subsequens.

434 2453 548 2491 XXI.
571 2454 684 2491 Hanc
704 2453 822 2506 igitur
842 2456 881 2493 in
902 2455 1016 2494 stellis
1035 2455 1298 2499 constantiam,
1321 2453 1419 2492 hanc
1441 2463 1582 2491 tantam
1604 2463 1683 2492 tam
1703 2468 1767 2491 va-

391 2517 456 2556 riis
475 2518 644 2556 cursibus
669 2519 709 2556 in
729 2521 836 2558 omni
867 2520 1070 2559 aeternitate
1100 2520 1404 2559 convenientiam
1426 2528 1656 2571 temporum,
1693 2533 1768 2557 non

391 2582 539 2637 poffum
569 2583 781 2638 intelligere
812 2584 888 2625 fine
917 2595 1059 2632 mente,
1089 2586 1245 2631 ratione,
1277 2583 1444 2623 confilio.
1495 2586 1591 2636 Qae
1620 2598 1710 2623 cum
1733 2585 1769 2622 in

1319 2650 1353 2689 L
1375 2649 1386 2687 l
1408 2649 1420 2687 l
1452 2662 1472 2688 2
