2330 2983
512 256 589 305 426
769 255 861 292 DE
920 252 1244 290 NATURA
1300 251 1637 292 DEORUM

515 352 590 390 hoc
611 351 694 395 effe,
717 352 821 389 Deus
839 360 881 388 ut
900 351 1046 395 beatus,
1070 349 1374 402 immortalisque
1393 350 1451 388 fit.
1483 350 1592 402 Qid
1611 359 1739 389 autem
1757 350 1892 396 obstat,

512 431 591 472 quo
621 417 749 455 minus
771 416 815 454 fit
833 416 978 461 beatus,
1000 416 1026 454 fi
1047 429 1124 454 non
1145 416 1188 454 fit
1207 416 1313 468 bipes
1331 417 1344 453 ?
1375 425 1439 454 aut
1459 415 1526 454 ista
1545 416 1617 454 five
1635 416 1801 461 beatitas,
1822 415 1895 454 five

512 481 690 521 beatitudo
709 482 868 520 dicenda
896 481 962 527 est,
997 482 1011 533 (
1029 490 1238 534 utrumque
1257 481 1418 521 omnino
1437 481 1590 527 durum,
1616 481 1677 520 sed
1704 481 1771 519 usu
1792 481 1894 519 mol-

511 547 639 586 lienda
669 546 780 586 nobis
809 546 922 585 verba
951 547 1068 599 sunt)
1100 560 1232 585 verum
1266 561 1321 591 ea,
1351 561 1588 600 quaecunque
1625 547 1691 592 est,
1734 560 1803 585 cur
1830 555 1896 584 aut

511 613 552 650 in
583 612 701 651 solem
731 612 858 657 illum,
894 621 958 650 aut
985 613 1026 650 in
1054 610 1160 650 hunc
1191 613 1396 658 mundum,
1424 622 1488 651 aut
1518 613 1558 650 in
1589 613 1757 665 aliquam
1783 624 1894 649 men-

512 687 592 716 tem
612 687 803 722 aeternam,
836 676 958 730 figura
978 677 1235 729 membrisque
1258 679 1425 731 corporis
1455 691 1627 723 vacuam,
1657 677 1789 716 cadere
1819 688 1898 714 non

512 743 661 795 potest?

568 807 685 847 Nihil
716 808 820 846 aliud
839 807 947 852 dicis,
982 808 1065 852 nifi,
1101 808 1318 859 Nunquam
1346 808 1425 846 vidi
1456 809 1588 853 solem,
1622 818 1687 846 aut
1706 807 1898 845 mundum

514 872 684 912 beatum.
734 872 869 924 Qid?
914 873 1122 917 mundum,
1159 882 1294 924 praeter
1329 871 1448 917 hunc,
1488 885 1709 924 unquamne
1737 870 1863 909 vidisti
1884 869 1898 906 ?

512 937 699 990 Negabis.
731 938 813 975 Cur
831 937 950 990 igitur
968 951 1045 976 non
1065 937 1240 975 sexcenta
1258 937 1380 975 millia
1399 937 1469 975 effe
1484 937 1735 980 mundorum,
1756 935 1818 974 sed
1837 935 1899 972 in-

515 1002 780 1047 numerabilia,
802 1002 911 1040 ausus
936 1015 974 1040 es
995 1002 1149 1040 dicere?
1180 1003 1296 1041 Ratio
1324 1003 1470 1041 docuit.
1512 1003 1616 1055 Ergo
1635 1000 1711 1040 hoc
1741 1009 1778 1038 te
1805 999 1900 1038 ratio

514 1081 593 1106 non
613 1067 781 1112 docebit,
816 1081 908 1105 cum
927 1067 1223 1120 praestantiffima
1252 1077 1384 1106 natura
1413 1077 1614 1120 quaeratur‚
1644 1079 1762 1119 eaque
1794 1066 1902 1104 beata

515 1141 553 1170 et
572 1141 720 1177 aeterna,
735 1146 820 1184 quae
834 1132 910 1170 sola
928 1132 1057 1171 divina
1074 1134 1208 1171 natura
1221 1133 1320 1178 sunt,
1338 1143 1381 1172 ut
1400 1134 1689 1172 immortalitate
1707 1131 1901 1170 vincimur

515 1197 562 1236 ab
593 1211 636 1235 ea
657 1206 802 1242 natura,
834 1197 884 1236 fic
914 1197 1033 1236 animi
1051 1198 1262 1251 praestantia
1285 1199 1390 1237 vinci
1405 1217 1418 1244 ς
1448 1208 1561 1252 atque
1581 1207 1625 1237 ut
1643 1197 1777 1242 animi,
1805 1197 1902 1235 item

516 1263 712 1315 corporis?
744 1264 826 1300 Cur
844 1263 976 1314 igitur,
1005 1277 1098 1301 cum
1127 1264 1271 1320 caeteris
1300 1265 1412 1302 rebus
1443 1263 1638 1303 inferiores
1658 1264 1789 1307 fimus,
1818 1262 1900 1301 for-

515 1327 582 1366 ma
600 1340 704 1380 pares
724 1327 854 1366 sumus
873 1327 887 1363 ?
931 1327 996 1365 Ad
1014 1328 1308 1367 fimilitudinem
1326 1329 1432 1367 enim
1451 1330 1539 1367 Deo
1568 1329 1726 1382 propius
1744 1328 1903 1366 accede-

514 1393 581 1430 bat
599 1391 768 1431 humana
786 1392 919 1438 virtus,
939 1406 1058 1445 quam
1075 1393 1209 1446 figura.

558 1457 729 1496 XXXV.
752 1458 816 1496 An
833 1457 1048 1511 quidquam
1070 1467 1148 1498 tam
1166 1460 1311 1512 puerile
1326 1460 1403 1499 dici
1422 1460 1556 1513 potest,
1577 1460 1637 1512 (ut
1657 1459 1823 1497 eundem
1840 1457 1903 1496 10-

516 1535 610 1560 cum
629 1522 772 1560 diutius
792 1523 966 1575 urgeam)
988 1537 1106 1576 quam
1126 1524 1152 1562 fi
1171 1538 1214 1562 ea
1232 1538 1367 1577 genera
1386 1525 1616 1571 belluarum,
1633 1539 1716 1577 quae
1734 1524 1774 1562 in
1790 1523 1905 1561 rubro

517 1587 613 1625 mari
633 1586 786 1624 Indiave
805 1586 1024 1637 gignantur,
1056 1587 1162 1623 nulla
1180 1587 1250 1623 effe
1269 1586 1441 1624 dicamus
1460 1588 1472 1623 ?
1515 1589 1642 1639 Atqui
1662 1600 1710 1625 ne
1730 1587 1903 1625 curiofis-

518 1651 604 1689 fimi
634 1651 793 1703 quidem
826 1648 1003 1689 homines
1039 1650 1275 1702 exquirendo
1308 1651 1436 1689 audire
1469 1660 1548 1689 tam
1582 1652 1707 1690 multa
1736 1651 1902 1704 possunt,

519 1728 637 1766 quam
658 1714 743 1753 sunt
771 1714 908 1758 multa,
939 1728 1024 1766 quae
1043 1714 1154 1759 terra,
1175 1715 1283 1760 mari,
1309 1715 1526 1768 paludibus,
1558 1716 1785 1755 fluminibus
1804 1716 1903 1754 exis-

514 1788 626 1825 tunt,
649 1793 734 1832 quae
748 1792 931 1832 negemus
950 1779 1034 1825 effe,
1056 1780 1146 1832 quia
1160 1793 1358 1833 nunquam
1374 1782 1554 1821 vidimus.
1586 1783 1670 1836 Ipsa
1684 1796 1772 1821 vero
1786 1781 1905 1834 quam

519 1844 619 1883 nihil
653 1845 699 1882 ad
732 1858 813 1882 rem
846 1845 1026 1897 pertinet,
1065 1858 1150 1896 quae
1180 1859 1246 1884 vos
1273 1846 1432 1884 delectat
1451 1849 1634 1893 maxime,
1665 1846 1902 1886 fimilitudo?

520 1909 628 1960 Qid
647 1909 660 1946 ?
681 1909 784 1948 canis
804 1923 931 1948 nonne
950 1910 1083 1948 similis
1103 1911 1196 1964 lupo
1215 1912 1228 1948 ?
1259 1920 1386 1964 atque,
1408 1922 1452 1950 ut
1472 1913 1635 1958 Ennius,

658 1976 768 2014 Simia
787 1989 891 2028 quam
895 1975 1038 2025 stmila's,
1058 1977 1254 2028 turpgffi'ma
1272 1977 1388 2029 bestia,
1410 1979 1504 2017 nobis
1521 1981 1537 2017 ,Ι

521 2041 577 2077 At
598 2051 721 2076 mores
748 2040 787 2076 in
819 2048 980 2090 utroque
1000 2039 1174 2091 dispares.
1217 2034 1435 2092 Elephanto
1455 2042 1668 2080 belluarum
1689 2041 1793 2079 nulla
1812 2055 1905 2094 pru·

522 2104 684 2143 dentior.
716 2106 770 2142 At
790 2103 910 2156 figura
928 2118 1012 2157 quae
1031 2105 1164 2144 vastior
1182 2106 1194 2142 ?
1227 2107 1288 2144 De
1308 2107 1433 2145 bestiis
1455 2107 1605 2160 loquor.
1641 2108 1775 2159 Qid?
1808 2108 1907 2146 inter

525 2168 622 2222 ipsos
642 2167 818 2207 homines
839 2183 964 2207 nonne
983 2179 1021 2208 ct
1042 2170 1247 2209 simillimis
1267 2170 1402 2210 formis
1423 2172 1582 2225 dispares
1603 2186 1740 2217 mores,
1760 2182 1797 2210 et
1818 2186 1905 2211 mo-

524 2233 630 2271 ribus
650 2232 771 2285 figura
791 2232 978 2272 diffimilis
997 2235 1010 2271 ?
1042 2235 1200 2273 Etenim
1221 2235 1246 2273 fi
1269 2235 1397 2281 semel,
1419 2236 1556 2281 Vellei,
1589 2236 1813 2289 suscipimus
1839 2250 1906 2289 ge-

525 2312 597 2338 nus
616 2297 691 2336 hoc
711 2300 939 2351 argumenti,
970 2301 1119 2338 attende
1140 2315 1218 2352 quo
1238 2301 1368 2354 serpat.
1411 2303 1478 2340 Tu
1507 2303 1613 2341 enim
1633 2303 1818 2347 sumebas,
1839 2303 1907 2341 nisi

527 2364 566 2401 in
585 2362 756 2401 hominis
776 2362 910 2415 figura,
946 2365 1130 2403 rationem
1151 2365 1261 2403 inesse
1282 2380 1356 2405 non
1376 2366 1489 2419 poffe.
1539 2369 1671 2406 Sumet
1701 2368 1810 2413 alius,
1838 2368 1909 2409 nist

529 2429 566 2466 in
588 2427 746 2466 terrestri
764 2446 775 2472 ς
808 2428 877 2466 nisi
898 2428 936 2466 in
957 2443 1015 2474 eo,
1047 2431 1113 2482 qui
1137 2440 1243 2469 natus
1263 2431 1330 2476 sit,
1363 2433 1430 2470 nisi
1452 2433 1490 2470 in
1510 2446 1568 2477 eo,
1589 2434 1656 2485 qui
1677 2433 1879 2473 adoleverit
1893 2452 1906 2479 3

527 2493 595 2531 nisi
617 2493 654 2530 in
685 2507 743 2538 co,
770 2493 837 2545 qui
857 2493 1059 2540 didicerit,
1090 2496 1158 2533 nisi
1194 2496 1231 2533 in
1267 2511 1326 2541 co,
1357 2498 1490 2549 quiex
1520 2499 1651 2536 animo
1683 2499 1842 2543 constet,
1871 2508 1908 2537 et

525 2571 683 2610 corpore
716 2558 873 2604 caduco,
903 2568 941 2598 et
972 2559 1155 2607 infirmo,
1196 2561 1399 2614 postremo,
1433 2563 1500 2601 nili
1532 2563 1572 2602 in
1606 2562 1764 2603 homine
1794 2572 1908 2616 atque
