2330 2983
493 184 568 238 308
790 165 1579 223 TUSCULANARUM.

546 285 643 323 Haec
672 283 722 322 fic
742 283 924 321 dicuntur
942 297 962 321 a
982 283 1133 328 Stoicis,
1161 283 1524 336 concludunturque
1550 283 1763 322 contortius
1778 302 1791 329 ς
1822 285 1884 324 sed

490 349 603 388 latius
624 348 818 400 aliquanto
837 347 997 386 dicenda
1015 347 1103 386 sunt
1121 356 1160 386 et
1179 347 1375 393 diffufius3
1407 348 1601 387 sententiis
1618 358 1749 387 >tamt-:n
1769 358 1884 387 uten-

492 415 587 452 dum
607 426 740 452 eorum
760 412 1013 465 potiffimum,
1031 414 1100 466 qui
1120 414 1288 452 maxime
1307 413 1413 459 forti,
1426 423 1478 459 et,
1495 422 1539 452 ut
1557 414 1609 452 ita
1623 414 1764 459 dicam,
1782 414 1885 452 virili

492 488 653 519 utuntur
683 479 828 518 ratione
859 489 974 532 atque
1004 479 1198 518 sententia.
1248 480 1355 519 Nam
1390 480 1646 533 Peripatetici,
1680 479 1887 519 familiares

491 544 621 591 nostri,
652 545 794 598 quibus
829 544 929 585 nihil
958 545 1012 584 est
1041 546 1209 591 uberius,
1237 544 1336 584 nihil
1356 545 1556 591 eruditius,
1590 545 1688 584 nihil
1719 546 1885 598 gravius,

492 611 774 650 mediocritates
805 611 864 649 vel
898 611 1246 664 perturbationum,
1274 613 1334 650 vel
1368 612 1595 651 morborum
1620 611 1754 656 animi,
1785 610 1887 649 mihi

492 689 572 715 non
591 676 676 715 sane
694 676 870 729 probant.
894 678 1025 715 Omne
1044 677 1149 715 enim
1169 677 1331 721 malum,
1347 677 1465 715 etiam
1482 677 1687 721 mediocre,
1701 689 1888 730 magnum

492 741 559 780 est.
591 742 676 780 Nos
695 750 824 780 autem
842 741 883 779 id
902 742 1067 794 agimus,
1099 751 1143 780 ut
1162 742 1201 780 id
1221 743 1261 780 in
1281 741 1446 794 sapiente
1464 741 1620 780 nullum
1639 741 1686 779 fit
1710 741 1887 779 omnino.

494 806 601 844 Nam
620 815 663 844 ut
682 819 834 858 corpus,
855 807 970 844 etiam
989 807 1016 844 fi
1036 806 1281 845 mediocriter
1299 819 1446 858 aegrum
1465 806 1532 850 est,
1556 805 1689 844 sanum
1707 817 1786 844 non
1811 804 1887 849 est3

493 869 558 916 fic,
578 871 619 909 in
637 870 781 915 animo,
801 871 829 909 fi
848 871 901 908 est
919 871 987 909 ista
1005 871 1263 917 mediocritas,
1284 880 1386 910 caret
1405 870 1573 910 sanitate.

550 938 684 990 Itaque
714 937 891 990 praeclare
910 938 1042 984 nostri,
1069 947 1114 976 ut
1131 938 1204 976 alia
1229 938 1368 983 multa,
1399 938 1629 983 molestiam,
1660 935 1889 976 sollicitudi-

495 1016 600 1048 nem,
621 1016 816 1055 angorem,
845 1013 999 1056 propter
1017 1004 1311 1044 fimilitudinem
1330 1017 1537 1058 corporum
1556 1016 1759 1057 aegrorum,
1779 1002 1890 1055 aegri-

495 1067 672 1106 tudinem
693 1067 1001 1107 nominaverunt.
1037 1069 1129 1107 Hoc
1148 1069 1432 1123 propemodum
1450 1069 1566 1109 verbo
1586 1069 1715 1107 Graeci
1733 1080 1892 1106 omnem

496 1133 616 1170 animi
635 1132 962 1185 perturbationem
981 1133 1174 1185 appellant
1191 1149 1201 1171 ε
1232 1143 1370 1171 vocant
1388 1134 1495 1171 enirn
1514 1129 1622 1179 π’θκ,
1644 1133 1683 1172 id
1702 1132 1767 1177 est,
1785 1145 1893 1171 mor-

497 1198 608 1242 bum,
639 1198 864 1252 quicunque
886 1197 939 1235 est
969 1207 1099 1238 motus
1132 1198 1174 1235 in
1207 1198 1338 1236 animo
1371 1198 1560 1237 turbidus.
1610 1199 1696 1237 Nos
1722 1197 1890 1236 melius:

497 1263 604 1315 aegris
638 1263 743 1300 enim
777 1263 1000 1315 corporibus
1020 1263 1217 1306 simillima
1246 1263 1300 1301 est
1327 1264 1449 1301 animi
1482 1264 1682 1315 aegritudo.
1731 1265 1787 1301 At
1814 1277 1893 1302 non

497 1327 629 1366 fimilis
651 1327 906 1380 aegrotationis
937 1327 990 1366 est
1008 1327 1144 1373 libido,
1177 1341 1256 1366 non
1275 1327 1527 1366 immoderata
1552 1327 1695 1372 laetitia,
1727 1341 1812 1379 quae
1842 1328 1896 1366 est

496 1392 671 1446 voluptas
690 1392 811 1431 animi
831 1392 927 1431 elata
945 1402 984 1432 et
999 1392 1174 1446 gestienS.
1217 1393 1300 1446 Ipse
1316 1394 1432 1432 etiam
1453 1402 1579 1432 metus
1598 1406 1675 1432 non
1695 1392 1747 1431 est
1767 1392 1895 1431 morbi

496 1458 706 1497 admodum
728 1457 877 1504 fimilis,
895 1472 1117 1512 quanquam
1132 1459 1348 1512 aegritudini
1365 1459 1417 1498 est
1429 1458 1633 1505 finitimus,
1650 1459 1712 1497 sed
1727 1458 1894 1512 proprie,

497 1533 542 1563 ut
561 1523 755 1577 aegrotatio
775 1523 814 1562 in
835 1536 1006 1577 corpore,
1023 1525 1073 1563 fic
1093 1525 1278 1578 aegritudo
1295 1526 1335 1563 in
1355 1525 1499 1569 animo,
1521 1538 1664 1563 nomen
1680 1523 1797 1563 habet
1816 1537 1893 1563 non

496 1589 710 1642 sejunctum
729 1602 750 1627 a
768 1589 913 1628 dolore.
972 1590 1128 1629 Doloris
1150 1591 1268 1644 igitur
1287 1589 1401 1643 hujus
1432 1591 1542 1643 origo
1561 1590 1672 1630 nobis
1692 1590 1892 1643 explican-

498 1656 546 1695 da
577 1655 645 1701 est,
675 1656 715 1694 id
746 1655 813 1701 est,
845 1655 953 1694 causa
982 1645 1152 1695 efficiens
1173 1657 1441 1710 aegritudinem
1471 1657 1511 1694 in
1532 1657 1676 1702 animo,
1710 1666 1894 1708 tanquam

499 1720 788 1774 aegrotationem
808 1721 849 1759 in
868 1734 1040 1774 corpore.
1071 1721 1194 1767 Nam,
1212 1731 1256 1760 ut
1276 1722 1430 1767 medici,
1452 1721 1559 1760 causa
1578 1722 1705 1760 morbi
1725 1722 1894 1766 inventa,

499 1787 737 1826 curationem
757 1786 827 1825 effe
857 1787 1052 1826 inventam
1072 1796 1209 1840 putant
1221 1806 1233 1832 ς
1265 1787 1314 1826 fic
1335 1801 1418 1834 nos,
1453 1787 1560 1826 causa
1580 1788 1814 1840 aegritudinis
1835 1801 1895 1826 re-

501 1863 619 1906 perta,
642 1852 819 1891 medendi
840 1851 1061 1891 facultatem
1083 1853 1328 1907 reperiemus.

555 1920 629 1957 XI.
663 1918 728 1957 Est
758 1919 876 1971 igitur
895 1918 1003 1956 causa
1021 1920 1148 1957 omnis
1172 1920 1212 1957 in
1231 1920 1428 1972 opinione,
1465 1933 1534 1958 nec
1554 1933 1643 1958 vero
1662 1918 1897 1972 aegritudinis

503 1985 641 2029 solum,
664 1984 724 2022 sed
743 1984 860 2022 etiam
876 1984 1110 2035 reliquarum
1130 1985 1310 2023 omnium
1327 1985 1684 2037 perturbationum;
1706 1996 1791 2037 quae
1811 1984 1899 2023 sunt

502 2063 638 2103 genere
655 2058 832 2101 quatuor,
863 2049 1034 2101 partibus
1066 2049 1207 2102 plures.
1250 2049 1357 2088 Nam
1382 2062 1474 2087 cum
1505 2049 1633 2088 omnis
1663 2049 1899 2102 perturbatio

503 2115 548 2153 fit
568 2114 687 2152 animi
710 2123 838 2152 motus
859 2114 916 2151 vel
939 2114 1092 2152 rationis
1124 2127 1270 2168 expers,
1299 2114 1359 2152 vel
1392 2114 1575 2153 rationem
1605 2114 1816 2167 aspernans,
1838 2113 1896 2151 vel

505 2181 641 2220 rationi
663 2194 738 2219 non
771 2180 965 2224 obediens,
1007 2181 1110 2233 isque
1132 2190 1261 2220 motus
1292 2189 1357 2218 aut
1387 2181 1479 2219 boni
1504 2190 1569 2219 aut
1598 2181 1690 2219 mali
1717 2181 1900 2234 opinione

505 2247 645 2284 citetur
662 2264 674 2290 ;
720 2245 894 2284 bifariam
935 2255 1097 2298 quatuor
1132 2247 1432 2299 perturbationes
1466 2246 1659 2299 aequaliter
1692 2246 1900 2285 distributa:

507 2312 607 2350 sunt.
640 2312 744 2350 Nam
765 2312 848 2351 duce
869 2311 953 2350 sunt
974 2326 1019 2350 cx
1040 2313 1220 2364 opinione
1242 2312 1331 2350 boni
1349 2330 1360 2357 ς
1394 2325 1556 2364 quarum
1578 2313 1705 2358 altera,
1726 2312 1901 2366 voluptas

508 2378 682 2431 gestienS,
705 2378 742 2416 id
769 2378 834 2421 est,
869 2386 1000 2430 proeter
1021 2378 1180 2416 modum
1212 2378 1307 2415 elata
1338 2378 1467 2416 laetitia
1495 2379 1676 2431 opinione
1712 2378 1902 2431 praesentis

511 2444 638 2495 magni
660 2443 820 2495 alicujus
853 2443 969 2488 boni;
1000 2443 1128 2488 altera,
1162 2443 1219 2481 vel
1241 2443 1429 2495 cupiditas
1452 2445 1563 2489 reete,
1595 2444 1652 2482 vel
1674 2444 1796 2483 libido
1823 2444 1902 2482 dici

513 2509 644 2561 potest,
667 2523 750 2560 qua:
769 2509 822 2548 cst
842 2509 1093 2549 immoderata
1112 2510 1296 2563 appetitio
1314 2509 1459 2563 opinati
1481 2511 1611 2564 magni
1631 2511 1739 2555 boni,
1766 2510 1900 2549 rationi
