2330 2983
681 225 958 266 LIBER
1015 223 1447 277 QUARTUS.
1687 239 1763 280 333

428 327 644 366 MARCUS.
676 327 807 372 Dicat,
827 326 854 364 fi
873 326 961 378 quis
980 325 1079 370 vult,
1099 339 1175 378 qua
1193 325 1239 364 de
1260 338 1298 364 re
1316 323 1499 378 disputari
1518 324 1624 364 velit.
1674 327 1766 365 Au-

369 405 527 432 D1T0R.
558 392 653 430 Non
684 390 785 429 mihi
814 391 966 429 videtur
994 392 1103 430 omni
1130 391 1250 429 animi
1276 390 1561 444 perturbatIOne
1580 390 1681 444 posse
1709 391 1766 430 sa-

368 459 477 511 piens
496 470 639 495 vacare.
691 458 906 495 MARCUS.
928 456 1175 508 AEgritudine
1193 456 1367 508 quidem,
1400 456 1570 495 hesterna
1596 457 1767 511 disputa-

368 524 474 561 tione
493 522 693 560 videbatur
699 540 711 566 3
734 522 802 559 nisi
818 520 918 559 forte
933 521 1117 573 temporis
1137 520 1247 559 causa
1262 521 1515 560 affentiebare.
1538 525 1766 562 Aumron.

368 589 543 627 Minime
561 601 664 626 vero.
697 588 804 626 Nam
824 586 923 625 mihi
943 587 1093 639 egregie
1111 586 1270 640 probata
1288 587 1341 624 est
1363 588 1484 625 oratio
1504 597 1580 626 tua.
1628 589 1768 627 MAR-

371 666 466 692 cus.
500 654 595 691 Non
615 653 735 705 igitur
753 652 945 690 existimas
977 652 1108 690 cadere
1138 652 1179 690 in
1211 652 1434 705 sapientem,
1468 653 1767 705 aegritudinem?

369 720 606 758 Auum-on.
630 718 784 757 Prorsus
810 731 888 756 non
909 718 1082 757 arbitror.
1142 719 1357 757 MARCUS.
1381 719 1519 771 Atqui,
1550 719 1576 757 fi
1597 719 1663 757 ista
1682 733 1771 772 per-

370 785 524 823 turbare
542 786 720 823 animum
739 784 916 837 sapientis
936 798 1013 823 non
1034 783 1175 837 potest,
1199 784 1306 822 nulla
1325 785 1480 837 poterit.
1512 785 1620 837 Qid
1640 786 1769 823 enim?

371 850 547 889 metusne
565 850 798 889 conturbet?
829 852 885 888 At
903 863 1035 888 earum
1055 863 1184 888 rerum
1203 849 1255 888 est
1273 850 1489 891 absentium
1511 860 1652 896 metus,
1675 865 1772 904 qua-

373 930 461 955 rum
482 916 726 969 praescntium
744 916 798 954 est
817 916 1016 970 aegritudo.
1040 916 1197 954 Sublata
1216 916 1334 969 igitur
1349 916 1586 969 aegritudIne‚
1605 917 1772 955 sublatus

371 980 426 1018 est
446 990 586 1019 metus.
610 980 769 1018 Restant
785 980 870 1018 duae
889 981 1207 1034 perturbationes,
1223 981 1355 1019 laetitia
1374 980 1548 1033 gestiens,
1569 992 1608 1018 et
1627 981 1749 1020 libido
1757 999 1771 1026 3

373 1059 458 1098 quae
479 1046 504 1084 fi
525 1059 602 1084 non
622 1045 759 1083 cadent
779 1046 818 1083 in
840 1046 1062 1098 sapientem,
1094 1046 1241 1099 semper
1261 1059 1370 1084 mens
1390 1047 1463 1084 erit
1489 1047 1696 1098 tranquilla
1715 1047 1772 1084 sa-

373 1111 526 1164 pientis.
559 1114 788 1149 AUDITOR.
812 1111 873 1148 Sic
893 1110 1042 1162 prorsus
1064 1110 1254 1163 intelligo.
1291 1111 1505 1149 MARCUS.
1529 1112 1675 1149 Utrum
1696 1112 1774 1164 igi-

374 1186 439 1215 tur
457 1177 577 1215 mavis
594 1177 606 1214 ?
637 1176 814 1214 statimne
836 1189 903 1214 nos
923 1175 1006 1213 vela
1025 1174 1162 1221 facere,
1178 1189 1226 1214 an
1246 1176 1350 1228 quafi
1369 1190 1389 1214 e
1408 1186 1520 1229 portu
1540 1177 1774 1229 egredientes

375 1242 581 1295 paululum
601 1242 786 1295 remigare
805 1241 818 1278 ?
859 1243 1088 1280 AumToR.
1122 1241 1321 1292 Qidnam
1341 1241 1394 1279 est
1413 1242 1508 1280 istuc
1527 1243 1540 1279 ?
1571 1255 1648 1280 non
1668 1243 1776 1281 enim

375 1308 569 1361 intellng

431 1374 482 1411 V.
515 1374 729 1411 MARcus.
763 1373 866 1425 Qia
887 1372 1121 1425 Chrysippus
1144 1381 1183 1410 et
1201 1372 1333 1418 Stoici,
1365 1386 1456 1411 cum
1476 1372 1522 1410 de
1547 1373 1667 1412 animi
1686 1387 1782 1427 per-

374 1439 662 1479 turbationibus
695 1438 905 1491 disputant‚
947 1451 1129 1491 magnam
1159 1449 1307 1492 partem
1336 1439 1377 1477 in
1406 1438 1467 1477 his
1498 1439 1704 1492 partiendis
1737 1447 1785 1478 et·

376 1504 601 1543 definiendis
623 1503 801 1556 occupati
819 1503 934 1542 sunt:
966 1503 1032 1540 illa
1053 1516 1188 1541 eorum
1219 1503 1423 1556 perexigua
1452 1504 1573 1542 oratio
1602 1504 1668 1549 est,
1701 1517 1777 1557 qua.

375 1571 602 1609 medeantur
620 1570 773 1613 animis,
805 1581 875 1606 nec
901 1582 965 1606 eos
984 1569 1227 1607 turbulentos
1246 1568 1317 1606 effe
1332 1569 1536 1621 patiantur.
1580 1570 1775 1622 Peripate-

376 1636 448 1674 tici
467 1644 598 1674 autem
614 1634 662 1673 ad
682 1633 886 1687 placandos
904 1633 1054 1672 animos
1075 1634 1199 1672 multa
1217 1633 1399 1677 afferunt;
1430 1635 1553 1687 spinas
1572 1635 1786 1687 partiendi,.

375 1709 414 1739 et
432 1700 640 1739 definiendi
658 1699 970 1753 praetermittunt.
1013 1699 1244 1750 Quaerebam
1265 1699 1397 1752 igitur,
1419 1710 1551 1737 utrum
1568 1700 1776 1752 panderem

374 1767 460 1805 vela
486 1766 668 1806 orationis
699 1765 842 1810 statim,
871 1778 919 1803 an
949 1779 1034 1803 eam
1059 1773 1147 1802 ante
1164 1764 1368 1817 paululum
1395 1765 1684 1803 dialecticorum
1715 1778 1785 1803 re·

375 1833 453 1872 mis
473 1832 743 1885 propellerem.
801 1832 1030 1870 AumToR.
1065 1829 1141 1869 Isto
1170 1830 1288 1869 modo
1307 1831 1409 1869 vero.
1455 1831 1542 1869 Erit
1569 1831 1674 1869 enim
1699 1829 1779 1869 hoc

377 1906 508 1936 totum
524 1925 537 1941 ,
578 1897 682 1949 quod
715 1909 868 1948 quaero,
909 1908 958 1933 ex
986 1903 1150 1948 utroque
1186 1894 1404 1948 perfeffius.
1463 1896 1678 1934 MARcus.
1709 1895 1778 1934 Est

377 1962 418 2001 id
448 1962 609 2015 quidem
640 1962 807 2006 restium
839 1961 899 1999 sed
933 1961 1016 2014 post
1044 1961 1226 2013 requires,
1256 1960 1283 1998 fi
1303 1960 1399 2013 quid
1424 1960 1542 1998 fuerit
1562 1960 1775 1999 obscurius.

378 2030 609 2067 AumToR.
640 2028 799 2067 Faciam
819 2027 1015 2080 equidem.
1047 2028 1120 2066 Tu
1134 2036 1277 2072 tamen,
1299 2037 1343 2065 ut
1363 2027 1472 2072 soles,
1493 2027 1596 2065 dices
1615 2027 1682 2065 ista
1700 2027 1779 2080 ipsa

377 2093 539 2134 obscura
566 2093 733 2148 planius,
768 2107 888 2146 quam
917 2094 1100 2132 dicuntur
1129 2106 1150 2131 a
1174 2093 1337 2131 Graecis.
1395 2093 1611 2132 MARcus.
1644 2093 1790 2131 Enitar·

379 2160 587 2213 equidem:
620 2160 682 2198 sed
702 2161 851 2198 intento
881 2173 976 2213 opus
996 2160 1049 2198 est
1081 2160 1225 2205 animo,
1256 2173 1304 2198 ne
1327 2160 1461 2199 omnia
1489 2160 1721 2205 dilabantur,
1751 2159 1786 2197 si.

381 2239 504 2265 unum
524 2226 681 2279 aliquod
700 2226 893 2279 effugerit.

436 2291 650 2342 Qoniam,
684 2304 769 2343 quae
799 2291 929 2330 Graeci
957 2285 1040 2336 πάθη
1071 2300 1223 2336 vocant,
1253 2291 1365 2330 nobis
1387 2290 1680 2345 perturbationes
1708 2302 1786 2342 ap·

381 2355 514 2409 pellari
545 2358 667 2409 magis
700 2356 840 2409 placet,
875 2371 993 2410 quam
1021 2357 1184 2403 morbos3
1216 2357 1255 2396 in
1275 2357 1337 2396 his
1356 2357 1592 2410 explicandis
1612 2364 1787 2393 veterem.

382 2421 491 2461 illam
509 2422 691 2475 equidem
710 2422 935 2476 Pythagora:
955 2424 1140 2476 primum,
1176 2423 1314 2462 deinde
1332 2422 1519 2466 Platonis,
1552 2420 1785 2474 descriptio-⁷

380 2500 472 2525 nem
491 2486 645 2540 sequar5
666 2489 734 2541 qui
753 2484 929 2528 animum
949 2489 988 2527 in
1009 2489 1101 2527 duas
1122 2498 1243 2542 partes
1263 2488 1440 2526 dividunt
1453 2505 1466 2531 3
1487 2486 1644 2525 alteram
1659 2486 1784 2524 ratio-⁷

378 2553 441 2595 nis
460 2555 690 2609 participem
716 2554 884 2602 faciunt,
909 2555 1064 2595 alteram
1085 2565 1295 2609 expertem.
1340 2555 1386 2593 In
1415 2553 1601 2607 participe
1621 2552 1789 2592 rationis-
