2330 2983
778 287 1373 326 LUCULLUS.
1726 303 1777 346 23

432 382 544 421 XVI.
576 379 640 420 Ad
659 379 730 419 has
746 394 880 420 omnes
896 381 1054 420 vifiones
1070 381 1200 419 inanes
1216 379 1435 420 Antiochus
1452 381 1611 434 quidem
1631 392 1669 422 et
1688 397 1776 437 per-

377 449 501 487 multa
521 447 686 491 dicebat,
707 455 744 484 et
764 456 842 484 erat
862 448 908 485 de
928 446 999 485 hac
1020 460 1097 484 una
1115 460 1154 484 re
1174 447 1288 485 unius
1309 447 1387 485 diei
1406 447 1624 500 disputatio.
1666 450 1775 489 Mihi

375 523 506 552 autem
526 527 601 551 non
624 513 728 550 idem
749 511 970 551 faciendum
999 522 1093 566 puto
1107 531 1117 557 ς
1149 512 1211 550 sed
1232 512 1311 565 ipsa
1336 513 1461 565 capita
1489 514 1663 554 dicenda.
1723 518 1777 555 Et

374 581 549 634 primum
569 578 824 632 quidemhoc
844 578 1215 632 reprehendendum,
1231 578 1337 631 quod
1355 579 1622 632 captiofifiimo
1641 596 1777 634 genere

374 646 682 698 interrogationis
728 655 890 683 utuntur
906 675 917 690 ,
966 645 1072 698 quod
1104 658 1224 697 genus
1260 645 1424 684 minime
1456 646 1498 684 in
1532 645 1778 701 philosophia

374 711 527 764 probari
547 711 653 750 solet.
701 712 806 749 Cum
826 711 974 763 aliquid
999 711 1225 749 minutatim
1255 721 1293 750 et
1323 711 1512 764 gradatim
1542 712 1694 751 additur
1712 723 1777 752 aut

374 778 556 823 demitur,
575 778 716 832 Jbrr'tas
749 776 820 816 hos
854 787 1006 823 vocant,
1037 777 1128 830 quia
1146 791 1324 816 acervum
1344 777 1518 816 efficiunt
1538 792 1616 816 uno
1646 779 1777 819 addito

374 852 506 892 grano.
548 839 745 878 Vitiosum
765 838 849 877 sane
869 849 906 877 et
926 838 1141 892 captiosum
1161 853 1296 891 genus.
1330 839 1390 877 Sic
1416 840 1522 877 enim
1542 839 1742 880 ascenditis
1761 860 1773 887 3

376 906 414 943 Si
435 905 509 943 tale
527 905 653 943 visum
667 905 864 956 objastum
880 904 932 942 est
952 918 972 942 a
992 905 1077 943 Deo
1097 904 1317 949 dormienti,
1340 913 1383 942 ut
1403 904 1602 957 probabile
1621 906 1679 951 fit,
1707 921 1777 946 cur

373 985 452 1010 non
483 971 600 1008 etiam
629 980 673 1008 ut
692 970 800 1008 valde
818 969 1045 1010 verisimile?
1077 983 1146 1007 cur
1176 970 1312 1008 deinde
1332 984 1424 1015 non,
1460 980 1503 1008 ut
1522 971 1731 1011 difficiliter
1756 986 1777 1011 a

374 1051 464 1075 vero
484 1036 787 1075 internoscatur?
819 1036 971 1081 deinde,
990 1045 1033 1074 ut
1053 1049 1099 1074 ne
1121 1035 1396 1074 internoscatur
1417 1036 1575 1088 quidem
1595 1039 1607 1075 ?
1630 1039 1775 1091 postre-

374 1117 456 1148 mo,
489 1113 531 1141 ut
552 1100 650 1140 nihil
669 1102 770 1140 inter
788 1100 864 1140 hoc
890 1111 928 1141 et
958 1101 1056 1143 illud
1076 1101 1220 1144 interfit
1239 1103 1252 1139 ?
1284 1103 1378 1140 Huc
1400 1102 1426 1140 fi
1447 1105 1676 1155 perveneris,
1712 1118 1777 1144 me

374 1170 447 1208 tibi
467 1169 640 1222 primum
660 1168 833 1221 quidque
853 1168 1100 1213 concedente,
1134 1181 1267 1206 meum
1288 1168 1427 1206 vitium
1448 1168 1564 1207 fuerit
1579 1188 1591 1215 3
1624 1170 1677 1208 fin
1698 1171 1778 1224 ipse

374 1244 440 1274 tua
459 1235 590 1288 sponte
610 1233 838 1287 procefferis,
859 1243 985 1272 tuum.

430 1302 531 1354 Qis
551 1301 657 1338 enim
679 1300 752 1338 tibi
771 1300 933 1344 dederit,
955 1309 1020 1338 aut
1039 1300 1169 1338 omnia
1189 1301 1321 1338 Deum
1342 1300 1443 1353 poffe
1455 1319 1467 1345 5
1490 1310 1555 1339 aut
1575 1302 1628 1339 ita
1648 1301 1775 1341 faetu-

376 1381 464 1406 rum
483 1367 568 1411 esse,
587 1367 612 1404 fi
630 1365 769 1418 poffit?
805 1366 1018 1417 Qomodo
1038 1375 1167 1404 autem
1183 1366 1315 1410 sumis,
1337 1376 1393 1411 ut,
1412 1367 1437 1404 fi
1453 1368 1547 1419 quid
1568 1368 1631 1405 cui
1652 1368 1775 1406 fimile

375 1433 446 1472 effe
466 1432 591 1485 possit,
622 1431 810 1483 sequatur,
831 1440 875 1468 ut
893 1432 1010 1469 etiam
1030 1431 1235 1469 internosci
1255 1431 1464 1469 difficiliter
1483 1433 1595 1484 poffit
1615 1435 1628 1471 ?
1663 1434 1775 1472 dein-

375 1499 435 1544 de,
456 1508 500 1537 ut
519 1511 567 1536 ne
583 1496 788 1534 internosci
805 1497 988 1548 quidem?
1019 1496 1222 1549 postremO,
1255 1506 1297 1534 ut
1316 1497 1422 1535 idem
1442 1498 1486 1535 fit
1505 1499 1517 1535 ?
1550 1500 1621 1544 Ut,
1645 1499 1671 1537 fi
1691 1500 1775 1554 lupi

374 1565 534 1604 canibus
550 1563 704 1608 fimiles,
734 1562 886 1601 eosdem
916 1563 1018 1601 dices
1039 1563 1084 1601 ad
1099 1573 1331 1602 extremum.
1364 1565 1417 1602 Et
1433 1564 1591 1616 quidem
1607 1564 1774 1605 honestis

374 1630 512 1669 fimilia
539 1629 626 1667 sunt
645 1628 821 1681 quaedam
841 1642 919 1667 non
945 1627 1114 1674 honesta,
1147 1639 1185 1667 et
1205 1629 1316 1667 bonis
1337 1643 1414 1668 non
1444 1631 1556 1676 bona,
1584 1641 1622 1670 et
1652 1633 1774 1671 artifi-

372 1695 481 1734 ciofis
501 1695 666 1733 minime
687 1694 899 1734 artificiosa.
949 1695 1060 1746 Qid
1079 1695 1301 1733 dubitamus
1322 1696 1441 1748 igitur
1460 1697 1647 1736 affirmare
1675 1697 1774 1737 nihil

372 1762 472 1800 inter
490 1760 572 1800 haec
591 1760 791 1799 intereffe?
823 1761 888 1800 Ne
908 1762 1160 1814 repugnantia
1178 1761 1337 1813 quidem
1357 1763 1530 1801 videmus
1547 1765 1560 1801 ?
1583 1763 1699 1803 Nihil
1721 1765 1774 1804 est

372 1829 493 1873 enim,
514 1828 619 1881 quod
638 1827 684 1865 de
703 1826 770 1865 suo
789 1841 926 1880 genere
951 1828 992 1866 in
1013 1827 1117 1865 aliud
1136 1841 1255 1880 genus
1277 1828 1470 1867 transferri
1490 1830 1614 1882 poffit.
1674 1833 1729 1871 At
1746 1832 1773 1870 fi

369 1894 596 1938 efficeretur,
619 1903 662 1931 ut
676 1893 775 1931 inter
788 1892 863 1931 visa
877 1892 1139 1932 differentium
1155 1907 1339 1946 generum
1359 1893 1459 1932 nihil
1475 1895 1664 1935 intereffet
1676 1915 1688 1941 ;
1712 1911 1772 1935 re-

371 1960 586 2012 perirentur
604 1973 689 2011 quae
707 1968 745 1997 et
764 1959 805 1997 in
823 1959 892 1997 suo
909 1973 1046 2012 genere
1071 1958 1201 2005 effent,
1230 1969 1268 1998 et
1288 1960 1328 1998 in
1355 1961 1490 1999 alieno.
1552 1963 1669 2014 Qod
1689 1962 1771 2002 fieri

372 2027 442 2078 qui
460 2025 609 2079 potest?

428 2092 623 2129 Omnium
644 2090 782 2129 deinde
812 2091 987 2130 inanium
1008 2091 1176 2130 visorum
1203 2106 1278 2130 una
1311 2093 1482 2146 depulsio
1507 2093 1574 2139 est,
1605 2094 1678 2132 five
1708 2095 1774 2134 illa

366 2157 605 2209 cogitatione
639 2155 911 2202 informantur,
943 2157 1049 2210 quod
1069 2156 1152 2195 fieri
1183 2157 1301 2196 solere
1332 2160 1595 2205 concedimus,
1627 2160 1699 2198 five
1732 2161 1772 2198 in

371 2224 515 2275 quiete,
537 2223 610 2261 five
627 2236 693 2275 per
713 2223 863 2267 vinum,
885 2223 958 2261 five
978 2237 1045 2275 per
1063 2223 1262 2262 insaniam.
1281 2224 1388 2262 Nam
1409 2225 1455 2262 ab
1473 2225 1655 2264 omnibus
1671 2227 1771 2278 ejus-

372 2289 570 2328 demmodi
590 2289 674 2327 vifis
695 2289 1019 2342 perspicuitatem,
1041 2303 1160 2342 quam
1186 2291 1383 2329 mordicus
1415 2301 1540 2330 tenere
1571 2292 1770 2338 debemus,

365 2355 490 2393 -abesse
508 2355 696 2394 dicemus.
729 2357 829 2407 Qis
852 2356 972 2401 enirn,
995 2369 1087 2394 curn
1113 2356 1182 2394 fibi
1202 2356 1316 2409 fingit
1341 2357 1488 2410 aliquid
1508 2369 1545 2395 et
1565 2359 1769 2410 cogitatio-

374 2435 419 2459 ne
437 2421 624 2474 depingit,
657 2435 748 2467 non,
779 2422 893 2461 fimul
913 2436 955 2461 ac
974 2423 1010 2460 se
1030 2422 1107 2475 ipse
1127 2425 1343 2462 commovit
1363 2434 1477 2476 atque
1496 2425 1542 2461 ad
1561 2424 1597 2461 se
1617 2438 1769 2464 revoca-

363 2487 442 2531 ⁴vit,
470 2487 582 2525 sentit
611 2488 707 2540 quid
737 2488 883 2527 interfit
912 2489 1011 2527 inter
1040 2488 1236 2541 perspicua
1255 2499 1293 2527 et
1319 2491 1474 2528 inania?
1506 2489 1654 2529 Eadem
1674 2492 1770 2530 ratio

372 2553 425 2591 est
444 2553 695 2592 somniorum.
754 2554 867 2593 Num
886 2554 1011 2593 censes
1033 2555 1224 2600 Ennium,
1255 2569 1346 2593 cum
1373 2556 1411 2593 in
1434 2555 1556 2594 hortis
1576 2570 1667 2594 curn
1689 2558 1767 2596 Ser.

373 2619 512 2666 Galba,
544 2621 670 2660 vicino
699 2619 779 2667 su0,
810 2620 1085 2668 ambulavisset,
1115 2621 1261 2669 dixiffe‚
1293 2622 1406 2662 Visus
1436 2623 1521 2663 sum
1551 2622 1651 2663 mihi
1677 2636 1769 2665 cum
