2330 2983
967 245 1070 283 DE
1129 243 1512 284 FINIBUS

549 260 620 300 132

594 348 744 387 Deinde
765 360 906 399 quaero,
929 347 1015 399 quis
1036 356 1101 385 aut
1131 347 1177 385 de
1197 346 1331 385 misera
1348 347 1427 386 vita
1441 347 1552 400 poffit
1571 346 1740 401 gloriari,
1770 356 1835 386 aut
1860 361 1940 388 non

535 415 585 453 de
606 415 713 452 beata
731 415 743 450 ?
767 414 827 450 De
848 412 924 450 sola
943 413 1063 465 igitur
1083 413 1202 451 beata.
1234 414 1297 451 Ex
1314 426 1396 466 quo
1414 414 1594 459 efficitur,
1622 413 1862 466 gloriatione,
1894 424 1938 453 ut

538 482 590 517 ita
610 480 751 523 dicam,
782 479 938 530 dignam
968 479 1037 517 esse
1058 479 1208 517 beatam
1229 480 1348 517 vitam
1367 494 1376 517 :
1409 479 1514 532 quod
1541 493 1619 518 non
1645 479 1756 532 possit
1775 479 1938 532 quidem

538 546 605 583 nili
633 544 796 583 honestae
817 545 902 582 vitae
922 545 1159 597 contingere.
1219 545 1278 582 Ita
1294 544 1354 589 fit,
1383 554 1427 582 ut
1455 543 1610 583 honesta
1628 545 1705 583 vita
1725 545 1833 583 beata
1861 546 1938 583 vita

535 611 593 648 sit.
627 611 679 647 Et
698 609 884 662 quoniam
904 609 949 653 is,
979 609 1044 646 cui
1065 609 1271 661 contingit,
1304 618 1346 646 ut
1360 610 1447 661 jure
1466 609 1654 655 laudetur,
1674 609 1792 648 habet
1818 609 1937 662 infig-

536 689 582 714 ne
602 675 785 728 quiddam
816 674 862 712 ad
881 673 996 712 decus
1014 683 1055 712 et
1080 674 1126 712 ad
1145 674 1324 726 gloriam,
1355 682 1398 711 ut
1430 674 1481 712 ob
1514 687 1570 719 ea,
1600 688 1685 726 quae
1720 684 1823 714 tanta
1849 674 1935 718 sint,

536 743 667 780 beatus
688 741 765 779 dici
779 741 866 791 jure
886 739 997 793 poffit
1012 758 1024 784 ς
1056 739 1161 777 idem
1191 739 1237 777 de
1256 739 1334 777 vita
1354 739 1438 777 talis
1464 739 1537 776 viri
1557 739 1758 778 rectiffime
1777 740 1933 778 dicitur.

535 810 550 846 1
558 818 605 852 ta,
629 808 653 845 fi
675 808 782 844 beata
801 806 878 842 vita
908 804 1103 842 honestate
1123 805 1307 848 cernitur,
1342 804 1447 856 quod
1467 803 1672 842 honestum
1706 805 1772 849 est,
1803 805 1843 843 id
1862 804 1934 844 bo-

533 887 630 911 num
651 872 774 910 solum
791 870 1013 908 habendum
1033 870 1099 908 est.

588 938 708 990 Qod
742 949 830 974 vero
861 936 988 988 negari
1010 935 1118 974 nullo
1138 934 1254 974 modo
1287 934 1414 989 possit,
1438 949 1557 989 quem
1589 948 1761 988 unquam
1794 935 1934 981 stabili,

533 1014 572 1042 et
591 1003 719 1047 firmo,
750 1010 788 1039 et
819 1014 962 1053 magno
992 1001 1137 1045 animo,
1168 1014 1286 1053 quem
1316 999 1459 1039 fortem
1486 1001 1615 1040 virum
1643 1001 1810 1040 dicimus
1833 1001 1936 1039 effici

533 1069 648 1123 posse,
680 1067 746 1106 nisi
764 1066 1023 1105 constitutum
1050 1066 1107 1111 sit,
1137 1079 1216 1104 non
1245 1065 1316 1104 effe
1335 1066 1486 1105 malum
1514 1067 1720 1105 dolorem?
1752 1067 1810 1105 Ut
1828 1066 1936 1105 enim

531 1135 600 1188 qui
621 1143 788 1173 mortem
808 1133 849 1170 in
869 1132 979 1170 malis
1000 1132 1124 1184 ponit,
1156 1145 1233 1170 non
1250 1132 1372 1185 potest
1391 1145 1476 1170 eam
1496 1146 1574 1171 non
1599 1133 1733 1171 timere
1750 1151 1762 1177 ς
1795 1132 1843 1170 sic
1864 1145 1933 1170 ne-

530 1216 599 1239 mo
619 1201 699 1238 ulla
718 1200 757 1238 in
778 1212 816 1237 re
836 1198 957 1251 potest
977 1198 1030 1242 id,
1061 1197 1167 1250 quod
1183 1198 1335 1236 malum
1361 1197 1433 1237 efl‘e
1463 1198 1648 1244 decernit,
1680 1212 1758 1237 non
1787 1212 1931 1242 curare,

533 1267 650 1319 idque
668 1275 928 1304 contemnere.
962 1264 1054 1315 Qo
1073 1263 1208 1316 posito,
1224 1273 1263 1301 et
1281 1264 1463 1302 omnium
1483 1264 1622 1303 assensu
1643 1265 1868 1318 approbato,
1883 1265 1933 1303 il-

532 1334 599 1370 lud
634 1331 848 1375 assumitur,
878 1343 982 1374 eum,
1011 1330 1079 1381 qui
1099 1343 1241 1382 magno
1275 1330 1320 1368 fit
1339 1330 1470 1368 animo
1505 1340 1618 1382 atque
1650 1330 1756 1374 forti,
1788 1332 1934 1375 omnia,

530 1413 615 1452 quae
635 1398 766 1436 cadere
787 1397 826 1435 in
853 1395 1056 1434 hominem
1077 1395 1230 1448 poffint,
1263 1396 1464 1449 despicere,
1486 1405 1524 1434 et
1545 1410 1613 1449 pro
1633 1395 1757 1435 nihilo
1789 1406 1931 1449 putare.

530 1465 628 1515 Qa:
658 1477 749 1502 cum
782 1463 834 1500 ita
857 1462 942 1506 sint,
969 1460 1152 1500 effe-stum
1171 1462 1237 1506 est,
1273 1462 1373 1501 nihil
1402 1462 1473 1500 esse
1505 1463 1670 1507 malum,
1697 1463 1802 1515 quod
1823 1473 1934 1516 turpe

530 1545 607 1568 non
631 1529 687 1567 sit.
734 1531 864 1580 Atque
898 1527 964 1565 iste
994 1527 1051 1565 vir
1071 1527 1169 1565 altus
1197 1537 1235 1565 et
1268 1527 1472 1573 excellens,
1501 1542 1644 1581 magno
1674 1529 1820 1573 animo,
1847 1543 1935 1568 vere

531 1595 656 1640 fortis,
688 1594 786 1633 infra
806 1594 841 1631 se
861 1593 993 1631 omnia
1011 1591 1181 1631 humana
1206 1593 1363 1639 ducens,
1388 1594 1418 1632 is
1439 1594 1615 1646 inquam,
1646 1608 1765 1646 quem
1785 1594 1934 1634 efficere

530 1661 726 1706 volumus,
757 1673 874 1712 quem
906 1651 1114 1711 quaerimus
1135 1667 1250 1704 certe,
1281 1668 1319 1697 et
1339 1659 1529 1698 confidere
1555 1659 1625 1698 fibi
1645 1659 1773 1704 debet,
1803 1669 1840 1698 et
1860 1661 1932 1699 suae

529 1727 616 1765 vitae
632 1736 670 1764 et
689 1728 777 1764 2&ae
797 1735 834 1762 et
854 1723 1117 1776 consequenti,
1147 1733 1185 1762 et
1205 1724 1302 1762 bene
1321 1725 1368 1763 de
1387 1724 1422 1763 se
1442 1725 1629 1777 judicare,
1647 1725 1810 1764 statuens
1832 1725 1931 1764 nihil

530 1793 622 1831 mali
639 1791 739 1845 posse
760 1790 925 1829 incidere
945 1789 1117 1843 sapienti.
1137 1791 1198 1830 Ex
1219 1804 1298 1843 quo
1311 1791 1543 1844 intelligitur
1559 1791 1663 1830 idem
1678 1791 1790 1836 illud,
1807 1790 1933 1831 solum

530 1860 678 1897 bonum
696 1857 781 1903 esse,
813 1856 918 1910 quod
937 1855 1141 1895 honestum
1175 1856 1248 1902 fit;
1279 1857 1397 1910 idque
1427 1857 1498 1896 esse
1518 1857 1626 1896 beate
1654 1858 1779 1897 vivere
1799 1866 1837 1898 et
1857 1857 1932 1897 ho-

530 1924 645 1970 neste,
666 1924 707 1962 id
726 1923 792 1968 est,
813 1936 907 1961 cum
926 1923 1067 1961 virtute
1086 1922 1225 1961 vivere.

595 1991 664 2028 IX.
697 1990 783 2028 Nec
815 2001 904 2027 vero
936 1989 1073 2040 ignoro
1093 1988 1210 2026 varias
1232 1987 1553 2041 philosophorum
1582 1987 1692 2026 fuisse
1713 1988 1931 2034 sententias,

529 2069 665 2094 corum
684 2054 786 2099 dico,
814 2054 882 2107 qui
912 2053 1111 2092 summum
1133 2053 1296 2097 bonum,
1332 2054 1437 2105 quod
1470 2053 1657 2092 ultimum
1692 2054 1855 2106 appello,
1891 2055 1933 2093 in

530 2121 661 2159 animo
693 2128 891 2173 ponerent.
951 2120 1058 2170 Qas
1094 2132 1317 2171 quanquam
1349 2118 1480 2158 vitiose
1510 2118 1669 2172 quidam
1690 2119 1808 2157 secuti
1831 2119 1930 2165 sunt,

531 2197 659 2225 tamen
680 2200 755 2225 non
774 2185 890 2224 modo
910 2184 970 2224 his
991 2185 1125 2230 tribus,
1143 2185 1211 2237 qui
1231 2186 1414 2224 virtutem
1433 2199 1453 2223 a
1470 2185 1624 2224 summo
1641 2186 1743 2224 bono
1760 2185 1932 2239 segrega-

530 2263 681 2297 verunt,
714 2266 806 2290 cum
842 2261 905 2289 aut
927 2251 1177 2303 voluptatem,
1197 2261 1261 2289 aut
1281 2251 1509 2291 vacuitatem
1537 2251 1693 2296 doloris,
1725 2261 1788 2289 aut
1808 2252 1931 2304 prima

531 2328 672 2356 naturae
705 2318 742 2355 in
778 2317 938 2356 summis
960 2317 1069 2355 bonis
1092 2327 1289 2370 ponerent,
1313 2317 1509 2355 sedetiam
1540 2317 1665 2355 alteris
1694 2317 1830 2361 tribus,
1862 2319 1930 2370 qui

532 2397 706 2422 mancam
728 2382 808 2421 fore
839 2392 1082 2436 putaverunt,
1120 2382 1195 2421 sine
1227 2382 1355 2434 aliqua
1388 2382 1608 2426 accessione,
1643 2383 1840 2426 virtutem,
1878 2384 1930 2422 ob

530 2464 691 2502 canique
714 2463 792 2487 rem
815 2449 932 2487 trium
953 2462 1083 2486 earum
1106 2462 1247 2492 rerum,
1269 2463 1362 2501 quas
1383 2447 1491 2501 supra
1517 2449 1612 2493 dixi,
1636 2448 1772 2502 singuli
1800 2448 1928 2502 singu-

530 2516 583 2554 las
604 2515 852 2553 addiderunt:
872 2513 931 2552 his
948 2524 1072 2553 tamen
1090 2514 1271 2553 omnibus
1292 2529 1355 2553 eos
1371 2525 1575 2567 antepono,
1590 2514 1806 2566 cujusmodi
1828 2514 1927 2558 sunt,

529 2582 597 2636 qui
621 2581 816 2620 summum
835 2582 982 2621 bonum
1001 2581 1039 2621 in
1057 2581 1186 2620 animo
1202 2591 1315 2634 atque
1337 2582 1374 2620 in
1397 2582 1536 2622 virtute
1555 2580 1775 2635 posuerunt.
