2330 2983
442 264 522 304 3Q
753 246 1534 289 TUSCULANARUM

500 351 766 397 Democritus,
795 349 1014 389 luminibus
1033 348 1189 396 amiflis,
1209 348 1294 388 alba
1312 348 1459 388 scilicet
1476 358 1517 389 et
1535 357 1613 388 atra
1631 349 1844 392 discernere

441 433 519 458 non
537 426 683 471 poterat
698 435 711 462 3
731 425 770 455 at
789 429 878 455 vero
897 415 1013 462 bona,
1033 415 1135 455 mala
1147 433 1161 462 3
1182 427 1302 468 aequa‚
1323 415 1459 468 iniqua
1472 434 1486 462 3
1503 414 1674 462 honesta,
1688 417 1841 470 turpia3

440 484 564 538 utilia,
585 482 738 521 inutilia
751 501 766 528 3
796 495 950 535 magna,
978 495 1090 535 parva
1108 490 1256 535 poterat
1270 500 1287 528 3
1315 490 1354 521 et
1368 481 1447 520 fine
1466 481 1646 522 varietate
1662 482 1844 521 colorum

441 549 581 588 licebat
601 549 725 588 vivere
742 548 852 587 beate
866 567 879 594 3
909 548 988 587 fine
1006 548 1164 587 notione
1183 561 1311 588 rerum
1330 562 1409 587 non
1428 547 1583 588 licebat.
1627 550 1760 602 Atque
1776 546 1844 587 hie

441 616 500 654 vir
518 615 701 669 impediri
719 614 840 654 animi
859 615 976 654 etiam
1006 614 1130 654 aciem
1159 615 1311 669 aspectu
1340 614 1546 655 oculorum
1565 615 1817 655 arbitrabatur
1828 630 1843 659 3

441 691 494 727 et,
515 696 609 721 cum
625 681 690 720 alii
706 681 815 736 saepe,
833 681 938 734 quod
958 690 1044 720 ante
1064 681 1175 734 pedes
1196 681 1300 727 esset,
1321 695 1400 720 non
1416 681 1603 728 viderent,
1623 681 1690 720 ine
1709 679 1845 720 infini-

441 757 562 787 tatem
581 761 743 787 omnem
761 747 1087 800 peregrinabatur,
1109 757 1152 785 ut
1171 748 1279 786 nulla
1296 747 1337 786 in
1357 748 1600 787 extremitate
1614 747 1845 787 consisteret.

443 814 653 852 Traditum
671 812 725 850 est
743 812 876 857 etiam,
899 813 1122 851 Homerum
1141 824 1289 851 caecum
1308 811 1433 852 fuiffe.
1464 814 1520 852 At
1539 813 1620 864 ejus
1640 812 1847 864 picturam,

443 893 522 918 non
542 878 701 933 poesim,
722 877 912 917 videmus.
957 878 1058 930 Qae
1076 879 1196 932 regio,
1217 891 1303 932 quae
1333 892 1411 924 ora,
1441 879 1512 932 qui
1532 877 1640 917 locus
1670 876 1847 922 Graeciae‚

443 959 527 998 quae
547 943 688 998 species
707 941 857 990 formae,
888 957 975 996 quae
993 957 1136 997 pugna,
1167 958 1254 997 quae
1272 944 1385 990 acies,
1407 944 1513 997 quod
1531 943 1757 997 remigium,
1778 942 1850 995 qui

443 1020 574 1050 motus
593 1009 819 1056 hominurn,
840 1010 910 1063 qui
927 1009 1110 1057 ferarum,
1132 1024 1211 1050 non
1230 1011 1283 1050 ita
1301 1010 1476 1064 expictus
1496 1010 1563 1056 est,
1585 1018 1642 1055 ut,
1664 1022 1750 1062 quae
1767 1007 1850 1062 ipse

443 1091 523 1116 non
542 1076 695 1122 viderit,
715 1090 785 1115 nos
807 1085 851 1115 ut
868 1077 1102 1123 videremus,
1122 1076 1320 1117 effecerit?
1352 1077 1461 1131 Qid
1475 1090 1567 1130 ergo
1585 1085 1650 1115 aut
1670 1076 1850 1115 Homero

445 1143 492 1182 ad
511 1143 804 1182 delectationem
824 1143 946 1181 animi
978 1156 1021 1182 ac
1044 1145 1300 1198 voluptatem,
1331 1154 1397 1184 aut
1426 1145 1612 1197 cuiquam
1631 1142 1758 1188 docto,
1779 1141 1848 1181 de-

445 1208 555 1248 fuiffe
574 1223 749 1262 unquam
768 1209 999 1248 arbitramur
1017 1209 1031 1246 ?

499 1277 607 1321 Aut,
627 1276 669 1313 ni
687 1275 742 1313 ita
760 1274 797 1312 se
815 1287 873 1313 res
893 1273 1064 1321 haberet,
1084 1276 1344 1328 Anaxagoras,
1370 1285 1438 1315 aut
1455 1274 1522 1314 hic
1540 1276 1620 1328 ipse
1639 1274 1851 1314 Democri-

444 1349 521 1386 tus,
557 1353 666 1393 agros
686 1348 726 1378 et
757 1339 990 1393 patrimonia
1024 1340 1087 1379 sua
1117 1341 1379 1394 reliquissent?
1409 1340 1503 1380 huic
1536 1339 1709 1379 discendi
1741 1353 1851 1392 quae-

445 1406 631 1459 rendique
661 1405 800 1445 divinae
828 1405 1073 1445 delectationi
1104 1415 1189 1446 toto
1227 1407 1264 1446 se
1294 1407 1426 1446 animo
1455 1406 1670 1446 dedissent?
1715 1407 1853 1458 Itaque

446 1486 632 1526 augurem
667 1471 871 1518 Tirefiam,
899 1486 1018 1526 quem
1051 1473 1262 1527 sapientem
1296 1473 1451 1528 fingunt
1479 1483 1616 1527 poetae,
1648 1485 1853 1526 nunquam

445 1538 638 1576 inducunt
671 1538 936 1591 deplorantem
969 1539 1183 1578 caecitatem
1214 1539 1320 1579 suam
1338 1555 1347 1578 ε
1379 1550 1418 1578 at
1447 1554 1535 1579 vero
1561 1538 1854 1592 Polyphemum

448 1605 662 1650 Homerus,
697 1617 790 1642 cum
810 1604 1024 1643 immanem
1043 1603 1249 1658 ferumque
1269 1605 1450 1650 finxiss'et,
1477 1619 1571 1644 cum
1589 1606 1704 1643 ariete
1734 1605 1854 1643 etiam

448 1670 737 1722 colloquentem
757 1668 865 1715 facit,
899 1670 1056 1723 ejusque
1085 1670 1236 1709 laudare
1255 1670 1443 1716 fortunas,
1479 1671 1600 1724 quod,
1626 1684 1704 1724 qua
1720 1671 1853 1716 vellet,

448 1735 598 1787 ingredi
618 1734 751 1787 pollet,
785 1743 838 1779 et,
875 1747 959 1787 quae
985 1735 1116 1780 vellet,
1148 1737 1348 1788 attingere.
1413 1737 1533 1775 Recte
1562 1735 1629 1774 hic
1659 1736 1820 1789 quidem
1836 1754 1851 1782 3

448 1799 575 1839 nihilo
594 1800 701 1838 enim
720 1809 799 1838 erat
819 1799 898 1852 ipse
917 1800 1102 1853 Cyclops,
1124 1813 1244 1854 quam
1263 1801 1356 1840 aries
1377 1801 1457 1847 ille,
1474 1802 1712 1855 prudentior.

504 1867 595 1905 XL.
627 1867 674 1905 In
706 1865 886 1904 surditate
903 1880 993 1906 vero
1023 1867 1213 1919 quidnam
1232 1867 1285 1906 est
1315 1867 1436 1906 mali?
1467 1869 1561 1906 Erat
1586 1866 1767 1906 surdaster
1786 1867 1853 1907 M.

451 1931 600 1971 Crassus
617 1950 629 1977 3
662 1931 723 1969 scd
743 1931 848 1969 aliud
868 1931 1079 1977 molestius,
1101 1933 1207 1985 quod
1237 1933 1338 1972 male
1357 1933 1535 1972 audiebat
1551 1952 1563 1979 3
1599 1933 1718 1972 etiam
1736 1933 1780 1978 fi,
1812 1942 1857 1972 ut

451 1997 552 2036 mihi
572 1997 785 2042 videbatur,
808 1997 961 2049 injuria.
985 1998 1168 2051 Epicurei
1189 2000 1307 2038 nostri
1324 2001 1460 2039 Graece
1478 1999 1558 2038 fere
1577 1999 1765 2045 nesciunt,
1785 2012 1857 2038 nec

451 2063 581 2103 Graeci
602 2063 752 2101 Latine.
776 2063 881 2115 Ergo
897 2062 941 2101 hi
961 2063 1001 2101 in
1022 2064 1196 2110 illorum,
1209 2074 1248 2103 et
1268 2065 1328 2103 illi
1346 2065 1388 2104 in
1408 2064 1567 2109 horum,
1583 2065 1755 2103 sermone
1771 2064 1853 2103 sur·

451 2130 491 2168 di
510 2145 519 2168 ε
552 2129 761 2182 omnesque
791 2128 830 2166 id
851 2143 919 2167 nos
940 2130 980 2168 in
999 2130 1045 2168 iis
1066 2131 1225 2183 linguis,
1246 2145 1338 2184 quas
1369 2145 1447 2170 non
1467 2132 1740 2185 intelligimuS,
1770 2145 1857 2184 quae

454 2196 541 2234 sunt
561 2195 876 2241 innumerabiles,
898 2196 998 2234 surdi
1020 2196 1193 2250 profecto
1216 2197 1363 2237 sumus.
1404 2200 1460 2237 At
1485 2212 1621 2237 vocem
1651 2197 1857 2237 citharaedi

456 2275 530 2300 non
551 2262 737 2300 audiunt:
770 2275 817 2300 nc
837 2262 1035 2301 stridorem
1055 2264 1214 2316 quidem
1235 2265 1340 2304 serra:
1361 2274 1461 2310 tum,
1483 2279 1577 2304 cum
1595 2265 1771 2310 acuitur3
1791 2273 1859 2303 aut

455 2327 700 2380 grunnitum,
715 2341 806 2367 cum
821 2328 1037 2381 jugulatur,
1060 2329 1154 2375 suis3
1177 2345 1260 2376 nec,
1282 2345 1375 2370 cum
1395 2331 1587 2384 quiescere
1607 2331 1757 2376 volunt,
1778 2330 1856 2369 fre-

456 2394 600 2431 mitum
623 2394 899 2433 murmurantis
920 2396 1048 2433 maris.
1072 2396 1138 2440 Et,
1159 2396 1183 2434 si
1201 2408 1334 2436 cantus
1353 2411 1416 2435 cos
1436 2396 1535 2436 forte
1551 2397 1754 2442 delectant,
1776 2398 1857 2451 pri-

458 2473 566 2497 mum
587 2460 754 2512 cogitare
786 2459 940 2506 debent,
970 2471 1176 2514 antequam
1208 2462 1250 2501 hi
1282 2463 1352 2501 sint
1379 2464 1540 2508 inventi,
1576 2464 1720 2502 multos
1751 2464 1860 2502 beate

458 2525 585 2562 vixisse
608 2525 804 2578 sapientes.
850 2527 1000 2564 Deinde
1031 2528 1158 2567 multo
1178 2530 1364 2582 majorem
1393 2530 1541 2584 percipi
1560 2529 1663 2584 poffe
1688 2528 1860 2583 legendis

459 2589 533 2635 his,
555 2604 671 2643 quam
693 2591 904 2639 audiendis,
924 2593 1175 2647 voluptatem.

2327 802 2330 843 .-
2326 733 2330 771 --
2321 621 2330 702 Λ-η
