2330 2983
634 255 911 295 LIBER
968 253 1467 293 SECUNDUS..
1682 270 1753 310 127

411 352 546 406 Qid?
577 352 689 398 illud,
717 353 931 404 Torquate,
953 352 1064 404 quale
1096 352 1249 390 tandem
1270 353 1446 391 videtur?
1481 362 1516 391 te
1538 353 1607 392 isto
1624 356 1755 392 nomi-

356 432 417 463 ne,
458 419 628 472 ingenio,
659 418 794 470 gloria,
839 432 923 470 quae
955 417 1062 462 facis,
1105 432 1189 470 quae
1227 419 1385 471 cogitas,
1421 433 1506 471 quae
1540 420 1754 465 contendis,

354 498 432 536 quo
463 483 613 528 referas,
649 484 759 536 cujus
789 484 842 521 rei
862 483 969 521 causa
987 483 1180 535 perficere,
1211 497 1296 535 quae
1318 486 1479 528 conaris,
1511 486 1618 531 velis,
1651 487 1757 538 quod

353 549 551 602 optimum
571 549 738 601 denique
771 549 811 586 in
842 549 919 586 vita
943 548 1108 600 judices,
1141 562 1219 587 non
1239 549 1375 586 audere
1402 550 1441 587 in
1469 561 1661 588 conventu
1694 552 1755 589 di-

354 615 464 653 cere?
497 615 606 666 Qid
626 616 732 652 enim
753 616 890 652 mereri
911 614 1004 652 velis
1019 615 1116 666 jam,
1147 628 1240 652 cum
1260 615 1523 667 magistratum
1544 616 1686 661 inieris,
1720 628 1757 654 et

354 681 395 718 in
415 681 644 719 concionem
664 680 888 725 ascenderis,
923 680 991 732 (est
1011 681 1116 718 enim
1142 680 1214 718 tibi
1233 680 1479 726 edicendum,
1503 695 1587 733 quae
1618 682 1662 719 fis
1684 683 1755 720 ob-

355 747 563 785 servaturus
583 748 624 785 in
649 748 736 799 jure
756 747 946 785 dicendo:
978 756 1016 784 et
1047 745 1196 784 fortaffe
1215 747 1346 792 etiam,
1379 747 1404 785 si
1427 748 1499 786 tibi
1520 749 1591 785 erit
1617 748 1754 793 visum,

355 813 501 866 aliquid
532 814 578 851 de
599 813 807 865 majoribus
829 814 919 858 tuis,
949 823 988 851 et
1020 813 1066 851 de
1096 823 1132 852 te
1153 813 1234 866 ipso
1258 814 1374 858 dices,
1407 828 1513 852 more
1543 817 1754 867 majorum)

356 879 450 930 quid
471 880 646 917 merearis
667 879 799 931 igitur,
831 889 874 917 ut
895 889 930 917 te
951 879 1052 917 dicas
1081 879 1121 917 in
1148 892 1193 917 eo
1214 879 1435 931 magistratu
1467 880 1596 917 omnia
1617 881 1756 934 volup-

356 945 443 982 tatis
460 944 569 982 causa
583 943 777 982 facturum
793 944 889 982 effe?
923 953 1035 996 teque
1056 943 1154 982 nihil
1174 944 1299 982 fecisse
1321 945 1361 982 in
1381 946 1471 989 vita,
1495 945 1562 982 nisi
1580 945 1759 998 volupta-

356 1011 404 1049 tis
421 1010 556 1048 causa?
578 1012 642 1048 An
663 1024 740 1055 me,
763 1010 906 1061 inquis,
926 1019 1003 1048 tam
1024 1019 1217 1048 amentem
1237 1021 1361 1062 putas,
1380 1021 1422 1048 ut
1442 1012 1541 1063 apud
1558 1012 1758 1063 imperitos

356 1076 425 1115 isto
445 1077 563 1116 modo
584 1077 719 1129 loquar
737 1078 749 1114 ?
781 1078 835 1114 At
856 1087 898 1114 tu
918 1077 1051 1114 eadem
1072 1077 1139 1114 ista
1158 1076 1220 1114 dic
1239 1077 1277 1114 in
1293 1077 1457 1128 judicio,
1489 1088 1566 1122 aut,
1600 1078 1624 1114 fi
1646 1092 1758 1116 coro-

356 1156 446 1180 nam
467 1143 593 1187 times,
629 1142 692 1180 dic
723 1143 763 1179 in
784 1142 927 1180 senatu.
988 1142 1206 1193 Nunquam
1236 1141 1365 1180 facies.
1427 1144 1522 1187 Cur,
1556 1144 1622 1180 nisi
1653 1145 1759 1196 quod

357 1209 478 1260 turpis
498 1208 551 1246 est
570 1208 717 1245 oratio?
749 1208 870 1245 Mene
890 1221 979 1260 ergo
1000 1216 1038 1245 et
1054 1207 1252 1245 Triarium
1273 1207 1410 1260 dignos
1431 1209 1636 1253 existimas,
1659 1210 1762 1262 apud

356 1287 452 1326 quos
474 1274 634 1326 turpiter
653 1274 808 1325 loquare
827 1275 839 1311 ?

412 1340 567 1377 XXIII.
589 1336 750 1383 Verum,
765 1339 841 1376 esto
857 1353 865 1376 :
888 1338 1050 1376 verbum
1070 1338 1198 1390 ipsum
1213 1339 1423 1391 voluptatis
1440 1353 1517 1377 non
1534 1339 1651 1378 habet
1671 1340 1758 1393 dig-

358 1404 517 1442 nitatem
531 1422 544 1448 ;
576 1417 646 1441 nec
665 1417 734 1441 nos
754 1402 902 1441 fortaffe
921 1403 1191 1456 intelligimus.
1223 1405 1314 1442 Hoc
1335 1405 1440 1442 enim
1462 1402 1675 1443 identidem
1696 1406 1758 1444 di-

358 1470 459 1514 citis,
495 1483 573 1507 non
593 1469 806 1521 intelligere
826 1482 895 1507 nos
915 1469 1155 1521 voluptatem
1182 1483 1300 1520 quam
1321 1470 1469 1508 dicatis.
1530 1472 1634 1509 Rem
1653 1472 1758 1510 vides

358 1536 557 1574 difficilem
588 1545 626 1573 et
645 1535 860 1573 obscuram.
903 1535 1106 1573 Individua
1126 1548 1218 1573 cum
1249 1535 1392 1581 dicitis,
1423 1546 1461 1574 et
1481 1537 1757 1583 intermundia,

358 1616 442 1654 quae
461 1615 531 1639 nec
550 1601 637 1639 sunt
655 1600 745 1645 ulla,
767 1614 836 1638 nec
854 1600 1006 1653 poffunt
1025 1600 1109 1646 effe,
1135 1601 1391 1654 intelligimus
1411 1618 1418 1640 :
1452 1603 1641 1656 voluptas,
1673 1618 1758 1656 quae

355 1666 559 1720 passeribus
587 1676 678 1704 nota
695 1666 748 1704 est
767 1667 965 1711 omnibus,
987 1679 1007 1704 a
1026 1666 1138 1705 nobis
1168 1667 1336 1720 intelligi
1353 1682 1430 1706 non
1450 1669 1570 1721 potest
1589 1670 1601 1706 ?
1635 1670 1757 1722 Qid,

354 1732 380 1770 fi
401 1731 541 1777 efficio,
574 1740 618 1769 ut
638 1730 789 1776 fateare,
818 1745 881 1769 me
900 1745 977 1770 non
1000 1732 1131 1776 modo,
1154 1732 1248 1784 quid
1269 1732 1314 1770 fit
1336 1733 1524 1786 voluptas,
1547 1734 1654 1779 scire,
1688 1735 1759 1787 (est

354 1799 461 1836 enim
489 1798 686 1851 jucundus
719 1808 849 1837 motus
883 1798 923 1835 in
952 1798 1076 1850 sensu)
1110 1798 1172 1836 sed
1203 1799 1334 1844 etiam,
1357 1800 1452 1851 quid
1477 1813 1561 1838 eam
1593 1810 1635 1838 tu
1665 1801 1757 1840 velis

356 1864 455 1902 effe?
491 1867 602 1903 Tum
621 1865 727 1902 enim
748 1878 831 1902 eam
849 1863 966 1916 ipsam
995 1864 1067 1909 vis,
1096 1861 1214 1916 quam
1242 1865 1360 1903 modo
1389 1879 1460 1918 ego
1487 1865 1594 1911 dixi;
1626 1876 1663 1905 et
1683 1881 1755 1905 no-

355 1944 446 1969 men
466 1931 652 1983 imponis,
674 1931 714 1968 in
735 1940 845 1968 motu
867 1939 909 1968 ut
926 1930 983 1975 fit,
1013 1940 1051 1968 et
1071 1929 1185 1968 faciat
1210 1931 1379 1983 aliquam
1401 1932 1619 1970 varietatem
1639 1948 1648 1971 ε
1672 1942 1757 1971 tum

354 1996 466 2034 aliam
489 1996 683 2048 quandam
703 1995 896 2033 summam
917 1995 1169 2048 voluptatem,
1199 1996 1261 2034 cui
1283 1997 1370 2034 addi
1392 1996 1490 2034 nihil
1512 1998 1622 2050 poffit
1639 2017 1649 2042 ;
1673 2012 1757 2036 eam

355 2072 440 2100 tum
460 2061 591 2108 adesse,
613 2075 705 2100 cum
726 2061 836 2100 dolor
856 2062 983 2100 omnis
1003 2061 1110 2107 absit,
1132 2075 1294 2114 eamque
1314 2063 1487 2101 stabilem
1508 2065 1688 2117 appellas.

409 2129 466 2167 Sit
496 2128 580 2166 sane
599 2128 666 2166 ista
684 2127 872 2180 voluptas.
921 2128 997 2165 Dic
1021 2128 1060 2165 in
1081 2129 1216 2180 quovis
1238 2139 1446 2174 conventu,
1478 2139 1514 2167 te
1541 2131 1671 2167 omnia
1697 2129 1756 2167 fa-

355 2213 452 2245 cere,
487 2213 534 2237 ne
567 2199 707 2238 doleas.
769 2199 805 2237 Si
838 2194 885 2237 ne'
910 2198 987 2237 hoc
1007 2199 1168 2251 quidem
1189 2199 1273 2238 satis
1307 2200 1449 2253 ample,
1486 2200 1570 2239 satis
1602 2200 1756 2238 honeste

355 2266 432 2303 dici
452 2275 586 2318 putas;
618 2266 680 2303 dic
703 2275 738 2303 te
769 2265 898 2303 omnia
917 2274 956 2302 et
975 2265 1013 2302 in
1036 2265 1105 2303 isto
1136 2266 1372 2318 magistratu,
1400 2276 1436 2304 et
1462 2267 1500 2304 in
1528 2267 1635 2304 omni
1665 2268 1754 2311 vita,

356 2331 533 2369 utilitatis
554 2341 627 2369 tuae
647 2331 754 2369 causa
775 2330 983 2376 facturum,
1013 2330 1111 2369 nihil
1133 2332 1201 2370 nis1
1231 2333 1336 2384 quod
1354 2333 1543 2385 expediat,
1568 2332 1664 2370 nihil
1686 2331 1754 2370 de-

356 2397 474 2449 nique
496 2397 563 2435 nis1
586 2407 648 2435 tua
665 2397 797 2435 causa:
831 2411 948 2449 quem
968 2397 1178 2436 clamorem
1200 2399 1410 2443 concionis,
1427 2408 1491 2436 aut
1511 2412 1628 2450 quam
1650 2398 1756 2451 spem

354 2463 571 2502 consulatus
591 2465 685 2515 ejus,
719 2464 785 2516 qui
807 2464 877 2502 tibi
899 2464 1150 2516 paratiffimus
1170 2463 1236 2509 est,
1268 2464 1437 2502 futuram
1458 2463 1599 2516 putes?
1632 2465 1754 2502 Eam-

355 2543 404 2568 ne
438 2530 623 2568 rationem
656 2530 820 2582 sequare,
849 2544 924 2581 qua
944 2540 1074 2568 tecum
1107 2530 1185 2582 ipse
1215 2540 1362 2568 etcum
1384 2531 1458 2568 tuis
1481 2540 1597 2576 utare,
1635 2531 1753 2583 profi-

356 2596 426 2634 teri
456 2605 584 2634 autem
618 2606 656 2634 et
686 2596 725 2634 in
756 2595 929 2634 medium
964 2595 1131 2648 proferre
1167 2609 1242 2634 non
1270 2595 1433 2634 audeas?
1471 2598 1526 2635 At
1557 2610 1643 2634 vero
1674 2596 1752 2642 illa,
