2330 2983
576 218 628 257 54
901 202 972 242 M..
1023 195 1652 239 T.cicERoN1s

627 299 758 338 XLII.
782 297 866 342 Sed,
889 297 994 350 quod
1013 309 1229 350 coeperam3
1263 295 1372 347 Qid
1391 294 1580 333 habemus
1600 294 1640 332 in
1667 292 1780 332 rebus
1800 291 1911 332 bonis
1931 302 1969 331 et

574 366 685 404 malis
703 365 890 417 explorati
906 364 918 400 ?
940 363 1096 415 Nempe
1112 361 1206 400 fines
1227 360 1482 399 constituendi
1502 360 1603 404 sunt,
1617 359 1663 397 ad
1675 372 1772 412 quos
1792 367 1831 397 et
1842 358 1968 397 bono-

573 445 661 470 rum
680 439 717 469 et
738 429 929 468 malorum
942 428 1092 467 summa
1111 426 1304 465 referatur.
1328 428 1417 478 Qa
1435 426 1482 464 de
1496 439 1535 464 re
1550 426 1603 463 est
1618 426 1736 478 igitur
1746 425 1847 462 inter
1861 424 1969 462 sum·

575 510 659 535 mos
675 497 774 534 viros
795 495 916 546 major
934 493 1104 532 diffensio
1120 493 1132 530 ?
1155 492 1313 530 Omitto
1332 492 1412 536 illa,
1433 505 1518 543 quae
1533 490 1662 529 relic'ta
1672 491 1754 542 jam
1774 489 1968 533 videntur,

573 572 611 601 et
624 562 837 605 Hermum,
858 561 926 612 qui
942 561 982 598 in
998 560 1220 612 cognitione
1237 567 1276 596 et
1297 557 1452 596 scientia
1464 557 1661 595 summum
1675 556 1825 594 bonum
1842 555 1967 608 ponit.

576 629 659 680 Qi
678 641 770 666 cum
792 627 961 665 Zenonis
981 625 1130 664 auditor
1159 624 1260 668 effet,
1291 624 1394 662 vides
1421 631 1611 675 quantum
1642 622 1689 660 ab
1719 635 1765 659 eo
1795 620 1970 659 diffense-

577 688 639 738 rit,
670 703 708 731 et
746 706 863 744 quam
895 705 971 729 non
1011 690 1184 728 multum
1218 702 1238 726 a
1268 689 1426 726 Platone
1458 687 1662 740 Megarici,
1693 699 1860 739 quorum
1896 684 1972 723 fuit

576 759 718 797 nobilis
738 757 937 809 disciplina
954 774 966 800 :-
997 756 1122 807 cujus‚
1139 763 1183 792 ut
1207 753 1393 805 scriptum
1411 752 1537 797 video,
1559 753 1737 805 princeps
1758 749 1970 803 Xenopha-

576 838 656 869 nes,
688 837 806 876 quem
838 822 955 859 modo
975 820 1198 859 nominavi:
1230 819 1368 856 deinde
1393 831 1485 856 eum
1505 817 1638 862 secuti,
1670 816 1916 855 Parmenides
1937 824 1975 853 et

578 891 701 928 Zeno.
761 889 894 940 Itaque
914 887 960 924 ab
994 885 1056 924 his
1077 884 1241 924 Eleatici
1266 882 1489 937 philosophi
1519 882 1832 922 nominabantur.
1884 879 1973 920 Post

579 955 776 999 Euclides,
808 953 968 991 Socratis
992 951 1214 1004 discipulus,
1247 950 1479 1002 Megareus;
1509 963 1532 986 a
1550 962 1628 1001 quo
1648 948 1767 986 iidem
1794 947 1854 985 illi
1881 947 1974 985 Me-

577 1021 696 1074 garici
715 1019 808 1058 dieti
824 1037 835 1063 ;
857 1017 925 1070 qui
944 1017 984 1055 id
999 1017 1149 1055 bonum
1170 1015 1295 1053 solum
1314 1013 1385 1052 effe
1405 1014 1598 1058 dicebant,
1620 1013 1726 1066 quod
1745 1011 1834 1050 effet
1850 1025 1973 1050 unum

577 1097 616 1126 et
637 1085 772 1131 fimile,
793 1095 831 1123 et
852 1085 954 1122 idem
970 1083 1128 1136 semper.
1161 1081 1219 1120 Hi
1235 1094 1388 1133 quoque
1407 1080 1531 1119 multa
1549 1093 1570 1118 a
1582 1079 1753 1118 Platone.
1777 1080 1814 1117 A
1830 1079 1972 1116 Mene-

579 1153 694 1191 demo
713 1160 856 1195 autem,
878 1149 982 1202 quod
1002 1149 1033 1186 is
1054 1147 1219 1186 Eretrias
1239 1145 1330 1191 fuit,
1357 1145 1542 1184 Eretriaci
1572 1144 1776 1198 appellati;
1808 1157 1976 1196 quorum

580 1231 698 1257 omne
717 1204 864 1256 bonum
885 1215 925 1253 in
946 1222 1076 1252 mente
1095 1213 1260 1265 positum
1274 1221 1312 1250 et
1332 1211 1474 1249 mentis
1489 1211 1582 1255 acie,
1599 1224 1676 1263 qua
1693 1223 1827 1248 verum
1843 1222 1977 1247 cerne-

583 1293 699 1322 retur.
731 1283 814 1321 Illis
836 1280 985 1325 fimilia,
1003 1279 1078 1324 sed,
1099 1279 1251 1331 opinor,
1273 1278 1461 1330 explicata
1479 1277 1634 1315 uberius
1654 1286 1692 1314 et
1705 1276 1889 1314 ornatius.

628 1350 714 1387 Hos
733 1348 759 1386 sl
779 1346 1082 1389 contemnimus,
1103 1353 1141 1381 et
1155 1345 1238 1395 jam
1258 1343 1422 1394 abjectos
1443 1351 1648 1394 putamus;
1672 1342 1760 1379 illos
1779 1350 1880 1378 certe
1900 1341 1978 1378 mi-

583 1429 656 1454 nus
687 1413 873 1467 despicere
905 1411 1090 1449 debemus
1107 1427 1119 1454 3
1160 1408 1394 1452 Aristonem,
1430 1408 1512 1460 qui,
1548 1420 1640 1445 cum
1663 1407 1830 1444 Zenonis
1853 1404 1980 1444 fuiffet

583 1481 748 1524 auditor,
779 1492 817 1517 re
847 1477 1021 1530 probavit
1039 1489 1096 1521 ea,
1126 1489 1211 1526 quae
1231 1473 1297 1511 ille
1317 1473 1456 1518 verbis,
1478 1471 1594 1511 Nihil
1621 1472 1691 1510 effe
1719 1472 1881 1516 bonum,
1913 1471 1982 1509 nisi

583 1547 767 1585 virtutem
784 1562 796 1589 ς
828 1556 950 1595 neque
970 1541 1133 1586 malum,
1165 1539 1232 1578 nisi
1253 1539 1358 1591 quod
1377 1538 1510 1576 virtuti
1537 1537 1625 1576 efi‘et
1645 1537 1880 1576 contrarium
1900 1551 1909 1575 :
1942 1538 1982 1575 in

585 1612 723 1652 mediis
743 1625 785 1649 ea
803 1617 1013 1652 momenta,
1044 1615 1129 1660 quae
1159 1607 1268 1644 Zeno
1287 1605 1423 1650 voluit,
1454 1604 1560 1643 nulla
1579 1603 1649 1642 effe
1669 1603 1829 1642 censuit.
1874 1603 1982 1641 Huic

586 1679 785 1717 summum
805 1675 953 1713 bonum
973 1673 1040 1718 est,
1073 1673 1112 1710 in
1132 1671 1192 1710 his
1225 1671 1335 1709 rebus
1356 1679 1530 1708 neutram
1565 1669 1605 1708 in
1633 1679 1780 1722 partem
1810 1668 1980 1713 moveri,

587 1758 672 1797 quae
690 1737 869 1795 ἀδιαφορία,
889 1740 935 1778 ab
956 1739 1036 1792 ipso
1055 1738 1211 1776 dicitur.
1234 1735 1382 1788 Pyrrho
1396 1746 1540 1780 autem,
1556 1749 1598 1773 ea
1613 1749 1659 1773 ne
1675 1734 1810 1773 sentire
1825 1733 1983 1786 quidem

587 1810 796 1862 sapientem
810 1825 821 1852 3
854 1820 938 1858 quae
958 1803 1068 1850 ἀπαθῆ
1088 1804 1352 1842 nominantur.
1389 1802 1472 1841 Has
1494 1802 1611 1854 igitur
1638 1811 1696 1839 tot
1716 1800 1914 1838 sententias
1942 1809 1985 1837 ut

587 1875 829 1917 omittamus,
859 1871 941 1910 haec
973 1884 1075 1909 nunc
1106 1869 1315 1914 videamus,
1346 1881 1431 1921 quae
1457 1868 1523 1906 diu
1554 1867 1805 1919 multumque
1835 1863 1987 1903 defensa

587 1941 690 1980 sunt.

645 2005 726 2045 Alii
746 2004 985 2056 voluptatem
1006 2001 1123 2040 finem
1153 2000 1224 2039 effe
1242 1999 1446 2038 voluerunt
1459 2017 1471 2043 ;
1502 2012 1669 2051 quorum
1697 1997 1873 2051 princeps
1894 1996 1986 2034 Ari-

590 2073 751 2125 stippus,
773 2070 841 2123 qui
862 2072 1054 2108 Socratem
1074 2067 1264 2111 audierat;
1296 2066 1396 2104 unde
1419 2065 1632 2117 Cyrenaici.
1674 2064 1761 2102 1³22st
1782 2064 1987 2116 Epicurus,

590 2140 701 2191 cujus
717 2137 769 2175 cst
782 2135 982 2189 disciplina
999 2148 1100 2172 nunc
1118 2134 1243 2172 notior
1260 2152 1270 2177 ;
1304 2146 1426 2184 neque
1447 2141 1573 2170 tamen
1594 2144 1686 2169 cum
1706 2129 1927 2182 Cyrenaicis
1944 2129 1990 2166 de

592 2204 671 2258 ipsa
700 2203 896 2255 voluptate
930 2200 1181 2239 consentiens.
1243 2198 1495 2251 Voluptatem
1529 2206 1657 2235 autem
1684 2205 1722 2234 et
1754 2194 1990 2234 honestatem

592 2270 711 2309 finem
731 2267 801 2307 effe
822 2265 1004 2320 Callipho
1023 2265 1169 2303 censuit
1188 2279 1196 2302 ε
1229 2277 1357 2302 vacare
1377 2264 1486 2301 omni
1508 2262 1679 2302 molestia
1699 2262 1988 2313 Hieronymus:

594 2335 668 2374 hoc
689 2335 790 2373 idem
812 2348 904 2372 cum
926 2332 1119 2371 honestate
1138 2331 1345 2369 Diodorus.
1387 2330 1520 2368 Ambo
1540 2328 1581 2367 hi
1602 2328 1857 2381 Peripatetici.
1902 2328 1991 2366 Ho-

594 2402 696 2440 neste
715 2411 844 2439 autem
866 2401 1005 2443 vivere,
1035 2397 1228 2436 fruentem
1250 2397 1363 2434 rebus
1385 2396 1444 2441 iis,
1466 2409 1558 2448 quas
1590 2395 1730 2448 primas
1751 2393 1903 2432 homini
1924 2406 1991 2431 na-

596 2477 678 2506 tura
708 2466 903 2510 conciliet,
933 2475 971 2504 ct
1004 2475 1112 2502 vetus
1134 2463 1341 2502 Academia
1372 2461 1533 2506 censuit,
1566 2462 1628 2513 (ut
1657 2460 1828 2499 indicant
1859 2458 1994 2511 scripu

598 2533 832 2578 Polemonis,
870 2545 988 2585 quem
1020 2529 1239 2570 Antiochus
1274 2529 1409 2583 probat
1434 2528 1622 2580 maxime)
1666 2536 1705 2567 et
1739 2524 1960 2566 Aristoteles
1977 2542 1989 2570 5
