2330 2983
589 249 664 303 136
997 247 1100 286 DE
1185 245 1570 285 FINIBUS

583 348 834 403 congruebat)
868 347 917 386 fic
947 348 1114 400 ejusdem
1150 347 1420 387 testamentum
1452 361 1528 386 non
1558 346 1684 386 solum
1712 359 1733 385 a
1761 344 1982 401 philosophi

581 417 778 468 gravitate,
800 414 862 452 sed
881 414 998 452 etiam
1019 414 1066 452 ab
1086 414 1201 467 ipfius
1223 413 1420 459 sententia,
1437 413 1573 467 judico
1592 413 1812 466 discrepare.
1851 414 1980 466 Scrip-

582 482 627 520 sit
645 482 764 526 enim,
798 490 836 519 et
856 481 991 519 multis
1012 480 1105 534 saepe
1123 481 1261 526 verbis,
1284 490 1322 519 et
1342 481 1506 519 breviter
1525 490 1700 533 apteque,
1729 481 1769 518 in
1790 493 1835 518 eo
1864 479 1979 524 libre,

579 562 698 601 quem
725 548 843 586 modo
876 548 1087 592 nominavi,
1117 559 1263 586 mortem
1282 548 1376 586 nihil
1388 547 1439 586 ad
1453 562 1513 586 nos
1525 548 1722 600 pertinere.
1766 546 1872 599 Qcod
1891 547 1982 584 enim

579 615 848 668 dffilutumstt,
865 613 905 652 id
918 613 1176 668 qffi’stneſs’tfic
1189 633 1200 658 ς
1223 613 1316 667 quod
1329 624 1448 653 autem
1451 615 1534 666 stne
1538 615 1647 667 sttgsit
1651 614 1721 666 sit,
1743 613 1783 651 id
1798 613 1892 651 nihil
1906 627 1980 650 om·-

579 683 661 720 nino
679 681 730 719 ad
743 695 803 719 nos
817 681 1012 733 pertinere.
1061 682 1151 719 Hoc
1172 680 1298 733 ipsum
1317 680 1529 732 elegantius
1551 680 1640 732 poni
1663 679 1877 731 meliusque
1907 691 1979 731 po-

580 749 668 786 tuit.
701 748 807 786 Nam
827 747 932 799 quod
949 747 1001 784 ita
1020 746 1188 799 pofitum
1207 746 1274 791 est,
1292 746 1410 798 Qod
1431 745 1653 783 dissolutum
1678 746 1733 790 fit,
1757 746 1794 783 id
1814 745 1884 783 esse
1904 745 1980 782 fine

579 813 699 857 sensu,
730 813 769 850 id
789 812 976 864 ejusmodi
995 811 1062 856 est,
1091 821 1134 849 ut
1154 825 1231 849 non
1252 811 1338 849 satis
1367 811 1613 866 planevdicat,
1645 811 1739 862 quid
1755 810 1799 848 fit
1819 809 1977 847 diffolu-

578 889 677 916 tum.
729 878 800 915 Sed
822 887 948 915 tamen
974 876 1164 929 intelligo,
1187 877 1283 929 quid
1314 877 1420 914 velit.
1472 875 1614 927 Qaero
1632 884 1775 919 autem,
1804 874 1899 927 quid
1919 874 1976 919 fit,

578 944 698 996 quod,
722 944 832 995 (cum
853 941 1108 987 diffolutione,
1125 942 1162 980 id
1183 941 1248 987 est,
1272 951 1394 980 morte
1415 940 1538 979 sensus
1558 941 1685 979 onmis
1706 941 1951 993 extinguatur
1963 957 1975 984 ;

575 1020 614 1047 et
632 1023 724 1046 cum
749 1008 886 1060 reliqui
905 1006 1004 1046 nihil
1026 1008 1069 1045 fit
1089 1008 1264 1052 omnino,
1282 1007 1387 1060 quod
1406 1008 1593 1060 pertineat
1613 1007 1659 1045 ad
1680 1019 1747 1045 nos
1764 1008 1795 1058 3)
1812 1016 1891 1043 tam
1911 1017 1976 1043 ac-

575 1084 704 1114 curate
738 1084 894 1126 tamque
924 1074 1126 1127 diligenter
1157 1083 1287 1112 caveat
1317 1083 1356 1111 et
1383 1072 1536 1118 sanciat,
1567 1084 1605 1111 u!
1629 1071 1912 1125 Amynomachus
1941 1079 1977 1108 et

577 1139 808 1185 ‘D‘mocratess
843 1139 982 1179 heredes
985 1141 1065 1194 fia',
1097 1139 1137 1178 de
1156 1140 1549 1193 Hermachistntentia
1569 1140 1666 1183 dext,
1698 1138 1791 1192 quod
1804 1138 1902 1192 slztis
1919 1137 1977 1188 stt

575 1207 626 1246 ad
641 1207 727 1246 diem
746 1205 918 1259 agendum
937 1207 1092 1244 natalem
1098 1207 1209 1259 sttum
1228 1206 1428 1259 quotannis,
1446 1207 1554 1259 metfi’
1574 1205 1773 1244 Gamelione
1787 1220 1800 1243 .·
1828 1204 1977 1256 itemque

573 1273 730 1312 omnibus
748 1273 928 1324 metfibus,
961 1268 1116 1325 vicesimo
1145 1272 1199 1311 die
1216 1273 1323 1316 ltmae,
1343 1271 1426 1310 dent
1455 1270 1507 1310 ad
1529 1286 1646 1310 eorum
1665 1272 1797 1325 epulas,
1819 1270 1882 1323 qui
1903 1283 1976 1307 una

560 1341 684 1392 ficum
696 1339 1043 1393 philosophatifimt,
1066 1349 1107 1377 ut
1127 1349 1161 1376 et
1195 1339 1234 1376 ui
1249 1347 1284 1376 et
1298 1337 1507 1377 Μείνοτίονὶ
1521 1338 1685 1376 memoria
1703 1337 1856 1376 colatur.

632 1407 726 1444 Ila-c
757 1420 828 1458 ego
849 1419 925 1443 non
946 1404 1094 1458 possum
1116 1404 1241 1443 dicere
1262 1418 1339 1443 non
1359 1403 1430 1442 effe
1450 1403 1622 1442 hominis
1643 1413 1681 1442 et
1714 1402 1807 1441 belli
1837 1411 1875 1440 et
1895 1400 1972 1440 hu-

574 1474 702 1517 mani5
735 1472 910 1524 sapientis
940 1484 1028 1509 vero
1056 1471 1164 1509 nullo
1196 1471 1327 1515 modo,
1359 1470 1504 1524 physici
1533 1470 1756 1523 praesertim,
1787 1482 1904 1522 quem
1937 1469 1974 1507 se

574 1540 638 1577 ille
658 1539 728 1577 effe
748 1539 844 1582 vult,
864 1547 994 1590 putare
1015 1538 1140 1576 ullum
1161 1537 1231 1575 esse
1250 1537 1476 1590 cujusquam
1497 1537 1599 1575 diem
1622 1536 1800 1575 natalem.
1834 1535 1972 1587 Qid?

572 1619 705 1643 verene
726 1603 846 1657 potest
865 1603 936 1642 esse
956 1604 1034 1641 dies
1049 1603 1203 1656 saepius,
1239 1604 1308 1655 qui
1328 1603 1443 1641 semel
1477 1602 1553 1641 fuit
1571 1604 1583 1640 ?
1615 1613 1715 1641 certe
1736 1616 1812 1640 non
1834 1601 1970 1654 potest.

573 1674 636 1710 An
657 1670 935 1723 ejusdemmodi
954 1670 966 1706 ?
999 1683 1045 1707 ne
1078 1670 1117 1707 id
1147 1669 1322 1722 quidem,
1345 1670 1412 1708 nifi
1432 1683 1525 1707 cum
1546 1669 1669 1707 multa
1688 1682 1877 1706 annorum
1909 1668 1970 1705 in-

571 1736 801 1776 tercess‘erint
836 1735 972 1780 millia,
1004 1745 1046 1773 ut
1075 1736 1255 1773 omnium
1288 1735 1452 1773 fiderum
1478 1735 1630 1779 eodem,
1670 1734 1770 1772 unde
1804 1732 1972 1786 profee‘ta

571 1805 655 1849 sint,
688 1803 752 1841 fiat
772 1802 816 1840 ad
839 1815 961 1840 unum
984 1811 1135 1855 tempus
1163 1801 1344 1840 reverlio:
1378 1802 1506 1840 nullus
1524 1801 1576 1839 est
1595 1801 1713 1854 igitur
1742 1801 1970 1853 cujusquam

571 1871 650 1908 dies
685 1869 832 1907 natalis.
879 1869 933 1906 At
954 1867 1129 1906 habetur.
1162 1868 1215 1906 Et
1233 1881 1306 1921 ego
1327 1868 1365 1906 id
1388 1867 1530 1906 scilicet
1552 1867 1780 1905 nesciebam.
1813 1866 1898 1910 Sed,
1928 1875 1970 1904 ut

570 1936 628 1980 sit,
659 1935 825 1973 etiamne
846 1933 928 1988 post
959 1943 1124 1972 mortem
1145 1934 1320 1978 coletur;
1352 1934 1469 1986 idque
1496 1933 1719 1971 testamento
1738 1933 1886 1971 cavebit
1922 1932 1968 1976 is,

569 2002 637 2054 qui
658 2001 766 2040 vobis
786 1999 888 2052 quasi
909 1999 1109 2038 oraculum
1129 2000 1302 2044 ediderit,
1321 1998 1418 2037 nihil
1439 1999 1521 2052 post
1542 2009 1707 2037 mortem
1729 1998 1773 2036 ad
1795 2012 1861 2036 nos
1882 2012 1968 2051 per-

569 2067 719 2106 tinere?
752 2067 848 2105 Haec
870 2079 946 2104 non
967 2075 1073 2103 erant
1101 2067 1197 2117 ejus,
1229 2066 1296 2117 qui
1326 2065 1623 2103 innumerabiles
1648 2064 1813 2102 mundos
1836 2063 1967 2102 inlini-

568 2133 696 2185 tasque
717 2132 904 2184 regioneS,
926 2145 1089 2183 quarum
1111 2130 1215 2169 nulla
1234 2130 1322 2169 ess‘et
1348 2143 1425 2174 ora,
1449 2130 1554 2168 nulla
1572 2129 1807 2174 extremitas,
1840 2140 1967 2168 mente

569 2197 840 2252 pcragraviil‘ct.
866 2197 1073 2250 Numquid
1095 2197 1168 2235 tale
1182 2196 1452 2236 Democritus?
1476 2206 1517 2234 ut
1538 2195 1629 2234 alios
1646 2196 1842 2241 omittam,
1861 2195 1964 2235 hunc

566 2266 731 2319 appello,
753 2278 871 2317 quem
893 2264 957 2302 ille
979 2278 1101 2302 unum
1124 2263 1272 2302 secutus
1289 2264 1354 2302 est.

623 2332 741 2385 Qod
764 2331 786 2369 fi
807 2331 885 2369 dics
905 2331 1090 2369 notandus
1113 2330 1200 2375 fuit,
1218 2344 1359 2368 eumne
1375 2331 1517 2384 potius,
1537 2344 1615 2383 quo
1646 2340 1769 2375 natm,
1791 2343 1837 2368 an
1858 2344 1964 2375 cum,

564 2413 644 2452 quo
676 2399 819 2452 sapiens
842 2396 961 2435 faetus
982 2397 1065 2435 est?
1108 2397 1200 2435 Non
1224 2397 1364 2449 potuit,
1398 2397 1562 2449 inquies,
1594 2397 1674 2435 ficri
1707 2396 1864 2450 sapiens,
1898 2396 1963 2435 nifi

564 2475 675 2504 natus
695 2464 796 2502 essct.
844 2465 896 2502 Et
917 2463 986 2502 isto
1007 2464 1124 2502 modo
1145 2477 1190 2501 nc
1213 2463 1235 2500 sn
1258 2463 1338 2500 avia
1361 2462 1518 2515 quidem
1546 2464 1626 2516 ejus
1658 2472 1743 2501 nata
1764 2477 1839 2501 non
1859 2462 1960 2501 esset.

563 2532 642 2571 Res
680 2541 770 2575 tota,
798 2531 1011 2583 Torquate,
1046 2544 1120 2569 non
1143 2530 1343 2567 doctorum
1375 2528 1596 2574 hominum,
1622 2529 1718 2568 velle
1746 2528 1826 2583 post
1857 2542 1961 2567 mor-

565 2606 643 2639 tem
665 2596 787 2650 epulis
809 2595 989 2634 celebrari
1012 2596 1240 2634 memoriam
1267 2593 1320 2633 sui
1344 2595 1526 2634 nominis.
1575 2595 1685 2649 Qos
1703 2594 1862 2648 quidem
1884 2593 1962 2632 dics
