2330 2983
501 261 575 302 352
801 227 1576 283 TUSCULANARUM

497 351 570 388 tria
588 359 724 401 genera
742 346 934 384 bonorum
951 361 963 388 ;
984 351 1128 386 tamen,
1144 341 1260 379 etiam
1276 340 1302 378 fi
1322 340 1474 378 virtutis
1492 339 1607 392 ipfius
1622 337 1884 378 vehementior

497 413 688 467 appetitus
707 411 766 455 fit,
778 409 910 448 eadem
930 408 975 446 fit
992 406 1174 446 omnibus
1193 405 1240 444 ad
1259 405 1526 447 deterrendum
1551 403 1722 442 adhibita
1749 403 1882 442 oratio.

499 479 684 518 Continet
701 485 830 514 autem
858 486 1018 512 omnem
1038 472 1270 511 sedationem
1289 471 1409 509 animi
1427 469 1597 508 humana
1620 470 1662 508 in
1681 468 1884 521 conspeetu

496 543 617 598 posita
635 550 767 580 natura
781 558 793 585 3
824 553 909 592 quae
928 552 1006 591 quo
1024 537 1174 576 facilius
1194 535 1359 589 expreffa
1382 544 1569 580 cernatur,
1590 533 1814 588 explicanda
1831 533 1885 572 est

498 609 669 647 oratione
689 605 910 645 communis
929 603 1100 642 conditio
1119 603 1258 654 lexque
1276 601 1378 640 vitae.
1419 603 1553 653 Itaque
1571 614 1648 639 non
1668 600 1744 638 fine
1763 598 1884 643 causa,

496 688 592 713 cum
612 672 788 711 Orestem
807 669 978 708 fabulam
996 669 1149 707 doceret
1168 667 1386 720 Euripides,
1416 667 1562 719 primos
1581 675 1656 704 tres
1681 664 1804 703 versus
1824 676 1884 702 re-

501 739 642 779 vocaffe
658 738 803 776 dicitur
820 738 988 774 Socrates
1002 753 1014 779 ς

636 805 762 855 Neque
780 798 862 840 iam'
874 799 1046 839 terribilis
1064 799 1136 836 ulla
1139 796 1260 850 fhndo
1277 797 1392 835 oratio
1409 796 1468 848 ςβ,

638 869 718 907 Nec
721 868 820 920 firs,
849 878 911 903 nec
929 864 989 902 ira
1005 863 1159 902 caelitum
1177 862 1355 900 inveci‘um
1373 861 1516 905 malum,

637 931 740 985 Quod
753 945 820 970 non
839 939 977 969 natura
994 928 1150 967 humana
1161 926 1329 980 patiendo
1346 927 1487 980 qffbrat.

502 999 571 1038 Est
589 1007 718 1037 autem
746 996 853 1034 utilis
872 994 919 1032 ad
937 992 1252 1047 persuadendum,
1286 1005 1343 1036 ea,
1372 1005 1457 1044 quae
1471 989 1706 1034 acciderunt,
1735 987 1826 1027 ferri
1850 999 1888 1027 et

503 1063 603 1118 poffe
616 1072 655 1102 et
668 1071 856 1115 oportere,
871 1058 1108 1098 enumeratio
1122 1071 1272 1102 eorum,
1290 1057 1358 1109 qui
1378 1056 1562 1094 tulerunt.
1595 1054 1675 1092 Etfi
1692 1054 1886 1107 aegritudi-

503 1131 565 1169 nis
584 1129 722 1167 sedatio
741 1135 780 1165 et
798 1125 967 1164 hesterna
981 1123 1234 1176 disputatione
1247 1122 1436 1174 explicata
1453 1121 1520 1165 est,
1533 1129 1571 1158 et
1589 1120 1630 1158 in
1647 1119 1888 1158 Consolatio-

503 1195 564 1234 nis
583 1194 697 1238 libro,
715 1204 835 1244 quem
855 1191 895 1228 in
922 1188 1052 1227 medio
1084 1188 1185 1239 (non
1203 1187 1308 1224 enim
1327 1186 1510 1238 sapientes
1529 1185 1701 1236 eramus)
1723 1197 1887 1223 moerore

503 1269 544 1298 et
561 1259 692 1298 dolore
709 1254 999 1308 conscripsimus
1011 1271 1024 1297 ς
1055 1252 1234 1305 quodque
1253 1260 1355 1289 vetat
1374 1251 1624 1303 Chryssppm,
1654 1250 1700 1288 ad
1719 1259 1888 1289 recentes

503 1325 608 1378 quafi
627 1333 797 1362 tumores
814 1320 936 1359 animi
951 1318 1166 1357 remedium
1177 1316 1371 1361 adhibere,
1387 1316 1427 1354 id
1439 1329 1507 1354 nos
1525 1314 1706 1359 fecimus,
1726 1323 1889 1354 natura>-

504 1403 581 1443 que
598 1390 680 1428 vim
700 1387 915 1431 attulimus,
936 1394 980 1423 ut
999 1383 1260 1436 magnitudini
1278 1381 1479 1421 medicinae
1498 1380 1638 1419 doloris
1663 1380 1892 1433 magnitudo

503 1454 743 1494 concederet.

561 1520 692 1558 XXX.
724 1517 795 1556 Sed
813 1515 1042 1568 aegritudini‚
1075 1514 1121 1552 de
1150 1527 1226 1565 qua
1244 1512 1331 1552 {atis
1350 1512 1402 1551 est
1420 1511 1670 1565 disputatum,
1700 1509 1891 1549 finitimus

500 1585 560 1623 est
579 1593 718 1622 metus.
740 1583 802 1621 De
821 1594 899 1633 quo
915 1593 1032 1632 pauca
1046 1578 1208 1617 dicenda
1226 1578 1326 1617 sunt.
1353 1577 1420 1615 Est
1439 1578 1543 1614 enim
1562 1585 1701 1620 metm,
1723 1585 1766 1614 ut
1780 1576 1891 1628 aegri-

504 1649 603 1687 tudo
621 1646 825 1701 praesentis,
850 1645 902 1683 fic
921 1644 986 1682 ille
1004 1643 1141 1686 futuri,
1167 1643 1277 1680 mali.
1310 1643 1443 1693 Itaque
1462 1639 1638 1679 nonnulli
1658 1640 1892 1692 aegritudinis

510 1723 656 1767 partem
676 1711 866 1764 quandam
883 1719 1033 1747 metum
1049 1708 1124 1746 >esse
1150 1707 1341 1745 dicebant.
1372 1706 1453 1744 Alii
1474 1715 1602 1743 autem
1621 1714 1773 1742 metum
1793 1718 1890 1757 pne·-

509 1778 722 1817 molestiam
738 1774 992 1828 appellabant,
1008 1772 1112 1825 quod
1132 1772 1183 1809 est
1197 1771 1300 1823 quali
1321 1771 1400 1808 dxxx
1418 1770 1682 1822 consequentis
1696 1769 1891 1807 molestie.

510 1843 666 1895 Qibus
686 1842 804 1894 igitur
818 1838 1028 1878 rationibus
1048 1836 1221 1875 instantia
1233 1835 1423 1880 feruntur,
1437 1835 1576 1872 eisdem
1592 1843 1894 1872 contemnuntur

509 1908 714 1961 sequentia.
738 1907 842 1945 Nam
863 1903 1071 1941 videndum
1089 1902 1141 1939 est
1160 1902 1199 1939 in
1221 1901 1402 1953 utrisque,
1424 1913 1471 1938 m
1489 1899 1584 1952 qnid
1601 1898 1763 1943 humile,
1788 1898 1894 1937 sum-

511 1973 680 2017 missum,
711 1971 842 2014 mone.
874 1967 1171 2010 effecminatum,
1201 1966 1380 2010 frachmm,
1398 1965 1667 2017 abjestamque
1694 1963 1892 2003 faciamus.

513 2039 584 2077 Sed
603 2049 824 2090 quanquam
839 2034 890 2072 de
921 2033 1033 2086 ipsius
1053 2031 1178 2070 metus
1205 2030 1467 2074 inconstantia,
1489 2029 1767 2072 imbecillitate,
1799 2029 1894 2067 levi-

512 2112 588 2141 tate
607 2101 813 2140 dicendum
840 2099 905 2143 est,
936 2107 1062 2136 tamen
1085 2096 1254 2135 multum
1285 2094 1445 2148 prodest,
1470 2107 1527 2139 ea,
1549 2107 1634 2146 quae
1651 2103 1893 2139 metuuntur,

511 2167 589 2221 ipsa
607 2176 863 2206 contemnere.
896 2165 1041 2216 Itaque,
1061 2162 1134 2201 five
1153 2161 1238 2200 casu
1255 2160 1410 2205 accidit,
1431 2159 1504 2198 five
1522 2159 1695 2203 oenfilio,
1717 2172 1895 2212 percom-

513 2233 627 2271 mode
646 2231 789 2270 fastum
810 2230 874 2275 est,
896 2229 999 2282 quod
1018 2228 1071 2266 eis
1091 2228 1137 2266 de
1158 2227 1282 2271 rebus,
1298 2239 1382 2279 quae
1402 2225 1569 2264 maxime
1589 2233 1826 2269 metuuntur,
1848 2225 1895 2263 de

514 2308 637 2338 morte
656 2306 694 2336 et
713 2297 758 2335 de
776 2296 918 2340 dolore,
949 2295 1074 2348 primo
1093 2302 1131 2332 et
1151 2293 1330 2346 proximo
1348 2292 1408 2330 die
1429 2291 1663 2344 disputatum
1689 2290 1755 2328 est.
1797 2292 1895 2343 Qiae

512 2365 539 2403 fi
562 2364 716 2417 probata
735 2361 834 2406 sunt,
854 2370 959 2399 metu
977 2372 1116 2412 magna
1133 2371 1180 2397 ex
1202 2367 1303 2411 parte
1323 2356 1470 2395 liberati
1491 2356 1636 2394 sumus.
1667 2358 1726 2395 Ac
1745 2355 1792 2394 de
1811 2368 1895 2394 ma-

514 2429 640 2468 lorum
661 2427 842 2480 opinione
862 2425 1059 2464 hactenus.

570 2492 720 2532 XXXI.
753 2491 958 2530 Videamus
980 2503 1080 2528 nunc
1111 2489 1156 2527 de
1176 2489 1380 2531 bonorum,
1412 2487 1449 2525 id
1469 2487 1535 2531 est,
1556 2487 1602 2525 de
1636 2486 1766 2525 laetitia
1786 2494 1823 2524 et
1849 2485 1896 2523 de

514 2557 735 2611 cupiditate.
767 2555 874 2595 Mihi
891 2555 1047 2608 quidem
1068 2554 1107 2592 in
1129 2563 1207 2592 tota
1220 2553 1363 2592 ratione
1378 2565 1432 2597 ea,
1445 2564 1529 2604 quae
1545 2551 1708 2605 pertinet
1719 2550 1765 2589 ad
1776 2548 1895 2588 animi
