2330 2983
769 311 1040 350 LIBER
1104 312 1459 351 PRIMUS.
1727 327 1801 363 401

426 419 583 462 tamque
607 409 775 448 difficilis
798 409 1019 448 facultatem
1038 411 1282 450 consecutum
1311 412 1380 450 effe
1410 426 1472 451 me
1496 426 1571 452 non
1599 413 1777 466 profiteor
1791 433 1802 459 ;

427 476 599 514 secutum
627 475 697 513 esse
726 489 802 528 prae
832 489 895 514 me
919 475 1013 513 fero.
1054 477 1139 514 Nec
1159 486 1286 515 tamen
1306 478 1386 516 fieri
1407 479 1539 530 potest,
1570 489 1626 525 ut,
1648 481 1715 532 qui
1734 480 1805 518 hac

426 541 569 578 ratione
588 539 917 592 philosophentur,
935 541 963 578 ii
980 539 1076 578 nihil
1092 539 1269 587 habeant,
1287 543 1391 594 quod
1407 543 1620 595 sequantur.
1645 547 1806 583 Dictum

426 606 479 643 est
514 605 673 643 omnino
709 603 780 642 hac
809 605 854 642 de
878 619 916 642 re
948 605 1023 643 alio
1057 605 1143 644 loco
1176 606 1397 659 diligentius
1414 625 1426 652 ;
1467 608 1527 646 sed
1566 610 1655 660 quia
1689 611 1804 648 nimis

424 670 609 708 indociles
641 670 812 722 quidam,
847 670 1020 723 tardique
1058 670 1158 715 sunt,
1190 672 1419 710 admonendi
1449 673 1626 712 videntur
1659 675 1805 727 saepius.

426 736 519 774 Non
538 736 643 775 enim
674 736 802 774 sumus
836 737 877 781 ii,
907 737 1047 788 quibus
1067 735 1166 775 nihil
1196 751 1330 776 verum
1355 738 1425 777 effe
1453 739 1625 777 videatur
1638 759 1650 785 ς
1682 741 1743 778 sed
1763 742 1805 786 ii,

425 801 495 852 qui
531 801 713 839 omnibus
746 801 842 839 veris
874 799 965 839 falsa
989 801 1162 854 quaedam
1192 802 1366 853 adjuncsta
1393 803 1463 842 effe
1488 805 1674 850 dicamus,
1705 815 1809 844 tanta

426 865 688 911 fimilitudine,
720 875 763 904 ut
782 867 822 904 in
849 866 894 904 iis
916 867 1020 904 nulla
1045 867 1132 905 infit
1153 876 1253 905 certa
1272 868 1486 920 judicandi,
1522 878 1560 907 et
1589 869 1808 909 assentiendi

427 941 529 970 nota.
561 933 623 970 Ex
642 945 720 984 quo
739 931 864 970 existit
883 942 921 970 et
940 932 1050 977 illud,
1082 933 1204 971 multa
1223 933 1292 972 effe
1310 935 1544 987 probabilia3
1580 949 1664 988 quae
1683 951 1807 989 quan-

426 1009 543 1049 quam
563 1010 642 1034 non
677 997 974 1049 perciperentur,
1014 1006 1140 1035 tamen
1170 999 1260 1050 quia
1296 999 1418 1037 visum
1455 998 1637 1039 haberent
1683 1015 1807 1054 quen-

425 1062 513 1099 dam
531 1061 717 1113 infignem
737 1071 775 1099 et
793 1062 992 1107 illustrem,
1021 1061 1082 1101 his
1103 1062 1278 1115 sapientis
1297 1064 1375 1102 vita
1395 1074 1596 1117 regeretur.

480 1126 551 1164 VI.
583 1126 653 1164 Sed
668 1127 764 1178 jam,
799 1135 842 1164 ut
871 1127 980 1164 omni
1010 1140 1073 1164 me
1092 1127 1235 1165 invidia
1253 1128 1428 1173 liberem,
1449 1142 1590 1181 ponam
1613 1131 1652 1168 in
1679 1131 1809 1170 medio

424 1192 623 1231 sententias
642 1190 961 1244 philosophorum
980 1193 1027 1229 de
1047 1201 1179 1230 natura
1198 1193 1388 1233 Deorum.
1436 1195 1526 1246 Qo
1545 1196 1702 1248 quidem
1722 1197 1809 1236 loco

425 1257 662 1296 convocandi
693 1270 827 1295 omnes
847 1257 1037 1302 videntur,
1068 1258 1150 1310 qui,
1181 1271 1265 1309 quae
1285 1258 1328 1297 fit
1348 1272 1477 1297 earum
1497 1274 1594 1306 vera,
1618 1262 1806 1313 judicent.

422 1324 533 1362 Tum
553 1323 713 1360 demum
732 1321 832 1360 mihi
851 1335 990 1375 procax
1010 1323 1218 1361 Academia
1236 1324 1442 1369 videbitur,
1476 1325 1504 1363 fi
1529 1335 1594 1364 aut
1613 1327 1807 1365 consense-

425 1388 503 1426 rint
533 1400 681 1432 omneS,
715 1397 779 1425 aut
797 1388 868 1425 erit
894 1388 1070 1426 inventus
1095 1388 1247 1441 aliquis,
1277 1390 1359 1441 qui,
1389 1390 1483 1442 quid
1503 1403 1636 1429 verum
1656 1392 1714 1436 fit,
1744 1392 1807 1430 in-

425 1454 583 1491 venerit.
634 1453 766 1505 Itaque
787 1452 886 1491 mihi
906 1453 1000 1491 libet
1019 1453 1242 1499 exclamare,
1273 1464 1317 1493 ut
1336 1457 1475 1494 Statius
1497 1457 1536 1494 in
1558 1457 1807 1510 Synephebis,

560 1519 637 1557 Pro
656 1519 790 1563 Deam,
813 1519 1038 1572 popularium
1057 1521 1219 1564 omnium,
1249 1520 1398 1558 omnium
1415 1521 1677 1574 adolfientz'um

562 1585 696 1628 Clamo,
711 1585 856 1636 postulo,
888 1585 1034 1637 effera,
1065 1600 1137 1629 oro,
1152 1587 1266 1637 ploro,
1287 1597 1396 1639 atque
1413 1587 1557 1639 imploro
1560 1587 1671 1639 fidem
1690 1606 1702 1633 ς

425 1663 501 1688 non
521 1648 702 1687 leviffima
720 1649 767 1686 de
786 1662 839 1694 re,
870 1658 913 1686 ut
933 1650 1104 1700 queritur
1123 1650 1201 1695 ille,

896 1715 1002 1753 Fieri
1025 1715 1062 1753 in
1091 1716 1242 1754 civitate
1256 1716 1432 1769 fizct'nora
1460 1719 1631 1770 capitalia
1644 1735 1658 1757 .·
1731 1768 1735 1773 Ι

560 1779 623 1818 Ab
641 1779 750 1818 amico
769 1789 912 1817 amante
929 1789 1118 1831 argentum
1145 1781 1302 1832 accipere
1320 1782 1491 1819 meretrix
1509 1796 1576 1820 non
1595 1784 1678 1822 vult
1692 1799 1707 1822 .·

423 1845 482 1883 sed
521 1854 564 1882 ut
600 1845 734 1889 adsint,
769 1845 1012 1897 cognoscant,
1041 1845 1354 1890 animadvertant,
1393 1847 1487 1898 quid
1523 1848 1569 1885 de
1608 1849 1804 1902 religione,

424 1910 575 1961 pietate,
607 1908 812 1953 sanetitate,
843 1909 1090 1954 caeremoniis,
1121 1909 1482 1962 fide‚jurejurando‚
1514 1913 1609 1963 quid
1638 1913 1682 1950 de
1703 1923 1804 1952 tem-

424 1974 511 2027 plis,
542 1973 724 2018 delubris,
754 1973 1018 2026 sacrificiisque
1048 1974 1280 2019 solennibus,
1309 1976 1404 2027 quid
1434 1976 1480 2014 de
1508 1977 1595 2030 ipfis
1617 1978 1804 2031 auspiciis,

423 2038 564 2091 quibus
584 2051 651 2077 nos
671 2037 890 2091 praesumus,
921 2039 1215 2078 existimandum
1243 2040 1299 2079 fit.
1352 2042 1448 2079 Haec
1473 2043 1578 2081 enim
1612 2045 1742 2081 omnia
1759 2045 1805 2082 ad

423 2102 521 2142 hanc
540 2103 587 2141 de
608 2103 694 2142 Diis
714 2103 997 2142 immortalibus
1018 2104 1263 2157 quaestionem
1286 2105 1477 2145 referenda
1497 2108 1596 2146 sunt.
1631 2108 1805 2148 Profecto

423 2182 486 2207 eos
524 2168 636 2221 ipsos,
667 2169 735 2220 qui
771 2169 806 2207 se
842 2170 987 2221 aliquid
1019 2171 1113 2209 certi
1142 2170 1280 2209 habere
1312 2172 1555 2219 arbitrantur,
1585 2174 1805 2213 addubitare

424 2243 536 2285 coget
554 2233 854 2271 doctiffimorum
873 2233 1082 2273 hominum
1101 2235 1148 2273 de
1163 2237 1331 2274 maxima
1350 2250 1388 2274 re
1408 2247 1510 2276 tanta
1530 2239 1712 2278 diffensm.

479 2299 597 2350 Qod
619 2311 711 2337 cum
730 2299 823 2351 saepe
853 2299 956 2355 alias,
988 2310 1073 2339 tum
1100 2302 1269 2340 maxime
1299 2303 1561 2348 animadverti,
1593 2318 1683 2342 cum
1705 2305 1803 2356 apud

426 2366 473 2401 C.
511 2364 681 2408 Cottam,
711 2362 936 2403 familiarem
957 2379 1103 2412 meum,
1136 2378 1308 2405 accurate
1338 2368 1420 2406 sane
1457 2380 1493 2407 et
1523 2370 1723 2421 diligenter
1757 2370 1803 2407 de

426 2429 512 2468 Diis
530 2429 810 2468 immortalibus
842 2430 1076 2484 disputatum
1097 2433 1153 2471 fit.
1186 2434 1306 2479 Nam,
1336 2448 1428 2472 cum
1458 2433 1560 2472 feriis
1588 2435 1733 2472 Latinis
1757 2435 1802 2473 ad

424 2507 515 2532 eum
541 2495 653 2547 ipfius
679 2506 810 2548 rogatu
835 2497 1082 2550 arcesfituque
1113 2499 1306 2544 venifl'em,
1337 2500 1479 2537 offendi
1499 2513 1588 2538 eum
1611 2500 1800 2539 sedentem

426 2561 464 2598 in
479 2559 654 2606 exhedra,
670 2570 707 2599 et
723 2575 814 2600 cum
827 2563 1033 2601 C.Velleio
1048 2564 1212 2602 senatore
1223 2565 1498 2617 disputantcun
1521 2566 1565 2603 ad
1583 2579 1700 2617 quem
1718 2576 1802 2604 tum

427 2625 605 2678 Epicurei
638 2627 777 2678 primas
802 2640 849 2665 ex
869 2627 1000 2666 nostris
1021 2627 1244 2669 horninibus
1265 2628 1495 2668 deferebant.
1528 2631 1668 2668 Aderat
1687 2631 1799 2669 etiam

505 2690 634 2739 ΤΟΜ,
665 2692 718 2731 II.
1394 2695 1427 2733 E
1448 2709 1507 2732 ee
