2330 2983
582 232 856 270 LIBER
915 216 1411 270 SECUNDUS.
1626 247 1697 286 115

301 330 396 368 boni
415 329 512 374 sede,
542 342 658 381 quam
690 330 913 381 quaerimus,
950 330 1010 368 sed
1041 343 1087 368 ne
1121 329 1189 368 illo
1225 330 1383 382 quidem
1414 331 1545 375 modo,
1580 342 1622 370 ut
1652 333 1697 369 ad

301 396 538 436 honestatem
568 396 795 448 applicetur.
862 397 922 434 De
956 397 1143 434 vacuitate
1179 397 1320 435 doloris
1350 397 1482 436 eadem
1515 398 1697 437 sententia

299 462 366 500 est.
409 461 622 513 Rejicietur
641 462 758 499 etiam
781 462 1005 500 Carneades.
1049 463 1134 500 Nec
1155 463 1221 500 illa
1241 463 1286 500 de
1307 463 1460 500 summo
1480 463 1582 501 bono
1603 464 1697 502 ratio

301 537 366 566 aut
386 527 607 580 voluptatis,
643 541 720 566 non
755 527 955 566 dolendive
976 529 1178 581 particeps,
1211 537 1275 566 aut
1309 527 1512 566 honestatis
1547 543 1694 582 expers,

300 594 539 647 probabitur.
591 594 648 631 Ita
678 593 870 646 relinquet
901 593 1010 638 duas,
1032 593 1079 631 de
1112 594 1254 646 quibus
1288 594 1405 632 etiam
1436 604 1549 646 atque
1581 596 1695 633 etiam

298 659 523 698 confideret.
554 661 637 698 Aut
656 660 762 697 enim
784 660 931 705 statuet,
963 658 1060 697 nihil
1083 659 1154 697 effe
1173 660 1337 705 bonum,
1369 659 1437 698 nili
1458 658 1661 699 honestum
1683 680 1698 705 ς

301 725 401 764 nihil
435 726 598 771 malum,
633 725 702 764 nisi
724 735 858 780 turpe:
890 736 1024 765 caetera
1042 736 1107 765 aut
1136 727 1297 764 omnino
1330 725 1429 764 nihil
1451 725 1587 764 habere
1608 740 1695 764 mo—

303 792 438 838 menti,
461 802 526 831 aut
547 790 711 838 tantum,
733 802 776 831 ut
796 804 865 831 nec
885 794 1109 846 expetenda,
1137 806 1207 831 nec
1227 792 1422 846 fugienda,
1444 793 1505 831 sed
1525 791 1698 845 eligenda

301 859 420 896 modo
439 869 504 896 aut
523 859 728 911 rejicienda
746 858 841 897 fint:
873 868 937 897 aut
967 867 1170 912 anteponet
1189 872 1287 903 eam,
1309 872 1426 911 quam
1447 858 1539 897 cum
1557 856 1696 896 hones-

302 934 377 963 tate
396 925 684 970 ornatiffimam,
702 934 786 963 tum
805 927 920 963 etiam
941 925 1027 978 ipfis
1049 926 1169 964 initiis
1188 935 1330 964 naturae
1350 934 1388 963 et
1408 926 1526 963 totius
1546 924 1696 978 perfec-

302 991 407 1028 tione
425 991 511 1028 vitae
531 990 802 1043 locupletatam
821 989 981 1029 videbi-t.
1013 991 1132 1043 Qod
1147 1004 1192 1029 eo
1212 991 1398 1043 liquidius
1418 989 1547 1035 faciet,
1564 991 1590 1028 si
1610 1004 1696 1043 per-

301 1055 476 1108 spexerit,
495 1069 622 1095 rerum
642 1056 742 1094 inter
760 1069 834 1101 eas,
856 1056 1122 1101 verborumne,
1144 1056 1188 1095 s1t
1207 1056 1470 1094 controverfia.

356 1122 470 1161 XIII.
508 1123 639 1174 Hujus
673 1136 745 1175 ego
777 1135 880 1160 nunc
912 1123 1176 1161 auctoritatem
1212 1122 1369 1175 sequens
1402 1122 1506 1160 idem
1540 1121 1695 1161 faciam.

301 1189 506 1240 Qantum
522 1189 628 1227 enim
647 1197 795 1241 potero,
817 1188 993 1226 minuam
1007 1188 1296 1233 contentiones;
1318 1187 1527 1240 omnesque
1548 1187 1697 1240 fimpli-

301 1267 363 1291 ces
398 1253 596 1292 sententias
630 1267 780 1299 eorum,
816 1254 857 1292 iu
886 1254 1029 1306 quibus
1056 1253 1162 1292 nulla
1194 1253 1290 1292 inest
1308 1253 1461 1292 virtutis
1489 1253 1696 1305 adjunctio,

301 1320 465 1358 omnino
497 1334 518 1357 a
546 1318 791 1373 philosophia
820 1320 1063 1358 semovendas
1085 1319 1241 1373 putabo.
1307 1317 1484 1358 Primum
1512 1318 1700 1371 Aristippi

304 1386 683 1438 Cyrenaicorumque
701 1386 881 1424 omnium
897 1405 909 1431 ς
940 1399 1037 1438 quos
1059 1400 1136 1424 non
1156 1385 1208 1424 est
1227 1385 1408 1431 veritum,
1439 1385 1479 1423 in
1499 1399 1542 1423 ea
1558 1384 1698 1438 volup—

303 1460 395 1497 tate,
422 1465 507 1504 quae
533 1452 701 1491 maxima
733 1452 936 1490 dulcedine
955 1451 1104 1490 sensum
1125 1461 1309 1496 moveret,
1332 1451 1532 1490 summum
1551 1450 1700 1489 bonum

303 1531 458 1570 ponere,
472 1527 761 1556 contemnentes
781 1518 891 1556 istam
909 1518 1140 1556 vacuitatem
1160 1517 1316 1555 doloris.
1340 1517 1398 1556 Hi
1416 1531 1493 1555 non
1509 1517 1698 1562 viderunt,

306 1592 350 1621 ut
368 1584 413 1621 ad
433 1583 587 1622 cursum
617 1597 776 1636 equum,
812 1583 859 1621 ad
878 1582 1064 1621 arandum
1090 1583 1244 1627 bovem,
1280 1582 1326 1620 ad
1347 1582 1607 1635 indagandum
1635 1596 1699 1620 ca-

301 1661 409 1694 nem,
441 1649 490 1687 fic
509 1647 712 1687 hominem
742 1649 788 1687 ad
807 1648 898 1687 duas
919 1662 990 1694 res,
1012 1657 1055 1687 ut
1074 1648 1127 1687 ait
1146 1647 1381 1694 Aristoteles,
1402 1648 1702 1702 intelligendum

301 1724 341 1753 et
359 1715 551 1768 agendum
580 1715 651 1754 effe
671 1724 820 1761 natum,
855 1715 957 1768 quafi
993 1715 1198 1754 mortalem
1218 1714 1361 1758 deum:
1398 1714 1622 1768 contraque,
1657 1724 1702 1753 ut

302 1781 448 1819 tardam
468 1781 636 1834 aliquam
655 1791 693 1819 et
713 1781 935 1834 languidam
957 1780 1160 1834 pecudem,
1182 1780 1228 1818 ad
1248 1780 1397 1833 pastum
1418 1789 1456 1819 et
1478 1781 1525 1818 ad
1543 1793 1700 1834 procre-

301 1847 391 1884 andi
410 1847 662 1900 voluptatem,
679 1846 754 1885 hoc
775 1847 953 1886 divinum
968 1847 1109 1885 animal
1129 1856 1261 1885 ortum
1280 1845 1351 1884 effe
1370 1845 1598 1884 voluerunt:
1621 1859 1701 1898 quo

303 1911 401 1951 nihil
423 1912 522 1951 mihi
535 1914 685 1951 videtur
700 1913 910 1951 absurdius.
944 1913 1077 1965 Atque
1093 1911 1175 1951 haec
1195 1921 1327 1951 contra
1346 1912 1604 1965 Aristippum,
1632 1912 1702 1964 qui

302 1993 386 2018 eam
417 1980 655 2032 voluptatem
687 1993 764 2017 non
795 1979 914 2017 modo
934 1979 1140 2024 summam,
1173 1977 1235 2017 sed
1262 1978 1380 2017 solam
1398 1978 1531 2023 etiam,
1563 1978 1670 2016 ducit
1686 1996 1698 2022 ς

302 2058 419 2097 quam
439 2058 573 2083 omnes
594 2059 711 2083 unam
731 2045 967 2098 appellamus
988 2045 1240 2098 voluptatem.
1291 2044 1417 2082 Aliter
1442 2053 1571 2082 autem
1591 2043 1701 2082 vobis

302 2111 440 2163 placet.
483 2111 554 2149 Sed
575 2111 653 2156 ille,
676 2121 719 2149 ut
739 2110 834 2155 dixi,
867 2111 1014 2150 vitiose.
1058 2111 1143 2149 Nec
1159 2111 1264 2148 enim
1285 2110 1406 2163 figura
1424 2111 1607 2163 corporis,
1631 2123 1700 2148 nec

302 2177 398 2214 ratio
416 2177 606 2215 excellens
626 2177 770 2229 ingenii
791 2175 952 2215 humani
973 2176 1172 2229 fignificat,
1208 2176 1253 2214 ad
1274 2175 1372 2214 hanc
1393 2190 1509 2215 unam
1531 2189 1610 2214 rem
1632 2188 1699 2213 na-

302 2252 388 2280 tum
407 2242 624 2288 hominem,
646 2252 689 2280 ut
708 2242 895 2282 frueretur
914 2243 1191 2296 voluptatibus,

358 2309 445 2346 Nec
479 2322 567 2346 vero
600 2309 808 2348 audiendus
831 2310 1123 2361 Hieronymus3
1154 2309 1218 2348 cui
1254 2309 1452 2347 summum
1479 2307 1624 2346 bonum
1648 2306 1700 2345 est

303 2374 421 2419 idem,
443 2375 548 2426 quod
567 2388 633 2413 vos
653 2376 862 2421 interdum,
885 2376 943 2414 vel
964 2377 1092 2429 potius
1124 2377 1292 2414 nimium
1314 2375 1405 2428 saepe
1426 2374 1567 2418 dicitis,
1600 2371 1699 2410 nihil

302 2440 444 2478 dolere.
490 2440 584 2478 Non
603 2442 722 2486 enim,
754 2442 781 2480 fi
813 2442 961 2480 malum
981 2442 1091 2480 dolor
1110 2442 1176 2486 est,
1207 2454 1330 2480 carere
1351 2454 1394 2479 eo
1422 2440 1523 2478 malo
1544 2438 1628 2477 satis
1649 2438 1699 2476 est

302 2506 349 2544 ad
369 2505 465 2544 bene
485 2507 706 2545 vivendum.
739 2508 830 2547 Hoc
851 2508 991 2546 dixerit
1011 2508 1140 2561 potius
1162 2508 1326 2551 Ennius,

442 2573 603 2613 Nimium
622 2573 704 2613 bom·
718 2574 775 2629 est,
805 2575 866 2614 cui
881 2574 972 2613 nihil
988 2574 1031 2629 est
1050 2575 1144 2614 mali.

1320 2640 1349 2677 P
1383 2651 1403 2677 2
