2330 2983
583 251 630 293 32
906 237 970 275 M.
1029 196 1656 274 T.C1CERbN18

579 332 683 369 enim
700 329 864 382 appellat
883 341 945 367 eos
965 329 1009 372 is,
1023 328 1092 380 qui
1112 327 1217 366 hunc
1237 328 1405 365 maxime
1423 326 1476 364 est
1495 326 1717 370 admiratus,
1733 323 1857 363 Chius
1878 325 1972 363 Me-

579 397 769 439 trodorus,
800 394 912 432 initio
942 393 1045 438 libri,
1078 394 1147 445 qui
1177 393 1229 431 est
1264 392 1310 430 de
1343 393 1505 432 Natura.
1565 394 1681 445 Nego,
1712 391 1854 443 inquit,
1874 391 1974 444 scire

579 461 843 515 nossciamusne
869 458 1014 512 alt'quid,
1043 473 1092 497 an
1111 459 1204 497 nihil
1204 458 1388 511 stiamus:
1419 472 1461 496 ne
1490 457 1635 510 idspfidm
1665 456 1800 511 quidem
1830 457 1972 510 nescire,

578 528 762 579 autfiire,
770 526 870 579 st-ire
884 540 943 564 nos
955 541 968 563 .·
998 539 1060 563 nec
1078 524 1226 569 omnino,
1238 525 1339 575 fitne
1357 522 1503 577 aliquid,
1523 538 1571 561 an
1590 523 1684 562 nihil
1682 523 1752 574 stt.

636 595 777 631 Furere
803 591 874 629 tibi
896 590 1150 643 Empedocles
1171 590 1347 635 videtum
1379 599 1417 627 at
1445 587 1545 627 mihi
1565 588 1830 642 digniffimum
1862 588 1973 626 rebus

579 659 640 702 iis,
671 659 717 696 de
751 657 893 710 quibus
923 657 1109 708 loquitur,
1140 655 1276 693 sonum
1306 653 1478 692 fundere.
1515 654 1629 693 Num
1649 667 1739 706 ergo
1760 654 1791 691 is
1811 662 1975 691 excaecat

579 738 663 769 nos,
696 732 760 761 aut
778 722 886 761 orbat
907 721 1086 765 senfibus,
1117 721 1142 758 fi
1178 733 1313 773 parum
1333 733 1513 773 magnam
1533 720 1613 757 vim
1636 719 1762 757 censet
1781 719 1821 757 in
1842 720 1886 756 iis
1906 718 1975 756 effe

579 791 625 828 ad
645 803 700 834 ea,
721 803 806 841 quae
827 787 895 825 sub
915 799 977 824 eos
999 786 1164 837 subjefta
1180 785 1279 829 sunt,
1294 785 1527 836 judicanda?
1559 785 1819 829 Parmenides,
1841 785 1975 822 Xeno-

580 855 737 907 phanes,
768 853 896 890 minus
927 851 1036 888 bonis
1064 863 1286 902 quanquam
1307 849 1486 893 verfibus,
1517 848 1579 886 sed
1605 858 1734 887 tamen
1755 849 1830 886 illis
1861 848 1975 886 verfi-

578 922 666 965 bus,
687 921 884 971 increpant
903 930 1036 955 eorum
1056 915 1323 968 arrogantiam,
1344 914 1448 967 quasi
1464 915 1564 959 irati,
1585 915 1667 967 qui,
1688 928 1780 952 cum
1808 914 1893 952 sciri
1914 915 1974 951 ni-

578 985 635 1024 hil
657 985 782 1038 ponit,
803 982 963 1021 audeant
980 981 1015 1019 se
1035 981 1126 1019 scire
1142 980 1280 1018 dicere.
1321 980 1374 1018 Et
1399 980 1447 1018 ab
1472 978 1534 1017 his
1561 979 1683 1018 aiebas
1699 979 1975 1018 removendum

580 1055 772 1090 Socratem
793 1058 831 1087 et
852 1048 1066 1087 Platonem.
1110 1047 1218 1086 Cur?
1249 1060 1296 1085 an
1316 1047 1362 1085 de
1381 1045 1470 1084 ullis
1487 1047 1628 1084 certius
1649 1045 1798 1099 poss‘um
1817 1046 1943 1084 dicere
1962 1047 1975 1082 ?

580 1117 725 1156 Vixiss‘e
755 1129 844 1154 cum
866 1113 927 1152 his
946 1113 1127 1166 equidem
1155 1113 1307 1151 videor:
1340 1113 1392 1151 ita
1421 1112 1537 1150 multi
1563 1111 1753 1151 sermones
1779 1111 1977 1165 perscripti

581 1183 681 1226 sunt,
713 1195 733 1219 e
763 1180 904 1232 quibus
924 1178 1090 1217 dubitari
1109 1191 1186 1216 non
1207 1178 1333 1230 possit,
1364 1178 1460 1230 quin
1478 1178 1622 1215 Socrati
1649 1177 1746 1215 nihil
1776 1177 1822 1215 fit
1851 1176 1977 1215 visum

582 1248 667 1286 sciri
688 1247 801 1300 posse.
847 1244 1014 1297 Excepit
1045 1257 1168 1282 unum
1197 1253 1364 1288 tantum,
1381 1243 1480 1297 scire
1485 1245 1542 1296 ſs’,
1572 1243 1847 1296 nihilstscire:
1878 1241 1978 1281 nihil

579 1313 761 1365 amplius.
812 1311 920 1363 Qid
952 1310 1078 1348 dicam
1098 1310 1144 1347 de
1166 1310 1354 1348 Platone?
1386 1309 1454 1361 qui
1479 1318 1582 1347 certe
1602 1319 1680 1346 tam
1709 1309 1843 1347 multis
1869 1309 1976 1347 libris

579 1377 660 1416 haec
679 1377 895 1431 persecutus
917 1388 993 1412 non
1014 1373 1116 1418 effet,
1133 1374 1200 1412 nisi
1219 1373 1445 1426 probavisset
1462 1388 1471 1411 ε
1503 1373 1668 1411 ironiam
1683 1374 1789 1411 enim
1809 1373 1976 1418 alterius,

580 1454 803 1497 perpetuam
825 1441 1045 1495 praesertim,
1068 1440 1173 1478 nulla
1192 1439 1268 1478 fuit
1288 1441 1382 1478 ratio
1402 1439 1588 1492 persequi.

607 1509 761 1547 XXIV.
791 1507 985 1544 Videorne
1016 1505 1088 1543 tibi
1108 1518 1200 1550 non,
1231 1514 1275 1542 ut
1301 1505 1540 1549 Saturninus,
1571 1504 1770 1542 nominare
1790 1505 1907 1543 modo
1928 1505 1976 1543 il-

580 1574 712 1612 lustres
743 1572 934 1615 homines,
966 1571 1026 1609 sed
1061 1571 1176 1616 etiam
1206 1570 1349 1608 imitari
1369 1583 1582 1622 nunquam,
1615 1570 1683 1608 nifi
1714 1571 1875 1615 clarum,
1908 1571 1975 1609 nisi

579 1640 787 1679 nobilem?
819 1638 942 1690 Atqui
962 1636 1152 1675 habebam
1174 1636 1349 1675 molestos
1379 1637 1502 1681 vobis,
1533 1636 1594 1674 sed
1623 1637 1810 1682 minutos,
1833 1637 1976 1690 Stilpo-

581 1720 686 1750 nem,
713 1705 946 1747 Diodorum,
969 1703 1209 1747 Alexinum;
1241 1716 1408 1755 quorum
1434 1702 1519 1740 sunt
1549 1711 1725 1741 contorta
1753 1712 1790 1741 et
1810 1702 1979 1741 aculeata

581 1772 755 1825 quaedam
770 1769 1019 1824 sophismata:
1039 1769 1087 1807 fic
1100 1770 1205 1807 enim
1219 1769 1456 1822 appellantur
1471 1768 1623 1807 fallaces
1639 1769 1975 1807 conclusiunculre.

583 1838 656 1876 Sed
689 1837 784 1889 quid
814 1849 876 1873 eos
896 1835 1095 1887 colligam,
1126 1848 1218 1872 cum
1249 1833 1410 1872 habeam
1437 1833 1712 1887 Chrysippum,
1745 1835 1813 1887 qui
1842 1834 1979 1873 fulcire

581 1913 736 1957 putatur
771 1902 964 1955 porticum
1000 1901 1248 1939 Stoicorum?
1281 1902 1412 1952 Qam
1433 1901 1557 1939 multa
1582 1901 1648 1938 ille
1677 1910 1810 1939 contra
1838 1901 1978 1947 sensus,

581 1982 698 2022 quam
712 1968 844 2006 'multa
856 1975 987 2005 contra
1006 1967 1149 2011 omnia,
1165 1980 1249 2019 quae
1271 1967 1308 2004 in
1326 1966 1600 2004 consuetudine
1621 1967 1829 2018 probantur
1849 1967 1861 2003 ?
1886 1967 1978 2005 Dis-

582 2035 692 2073 solvit
710 2034 826 2072 idem.
859 2031 966 2071 Mihi
985 2033 1144 2085 quidem
1166 2046 1241 2071 non
1261 2032 1431 2070 videtur:
1455 2032 1515 2070 sed
1531 2031 1736 2070 dissolverit
1752 2032 1847 2070 sane.
1882 2034 1977 2070 Cer-

582 2111 619 2139 te
641 2111 718 2139 tam
735 2100 857 2139 multa
873 2113 948 2137 non
969 2098 1191 2152 collegisset,
1206 2113 1290 2151 quae
1311 2112 1377 2137 uos
1395 2098 1568 2136 fallerent
1584 2098 1852 2151 probabilitate
1870 2113 1978 2152 mag-

582 2181 642 2212 na,
666 2167 732 2205 nisi
753 2166 895 2204 videret
915 2164 974 2204 his
993 2165 1103 2203 rcfisti
1127 2179 1202 2203 nou
1225 2164 1335 2203 facile
1358 2165 1471 2218 poli'e.

637 2232 745 2285 Qid
767 2232 936 2283 Cyrenaei
968 2232 1172 2270 videntur?
1205 2232 1367 2269 minime
1395 2231 1611 2284 contempti
1633 2229 1880 2284 philosophi;
1912 2231 1979 2283 qui

582 2307 721 2351 negant
741 2297 810 2335 esse
831 2297 1059 2349 quidquam,
1081 2296 1184 2349 quod
1203 2297 1343 2349 percipi
1367 2297 1475 2349 possit
1499 2297 1759 2340 extrinsecum
1782 2310 1823 2333 ca
1846 2295 1879 2333 sc
1907 2296 1981 2333 sola

583 2364 788 2416 percipere,
810 2376 894 2415 quar
916 2366 1015 2400 tactu
1040 2363 1179 2400 intimo
1197 2362 1368 2406 sentiant,
1391 2372 1432 2400 ut
1453 2363 1639 2407 dolorem,
1657 2372 1696 2400 ut
1716 2361 1978 2414 voluptatcm5

583 2443 705 2481 neque
727 2429 774 2474 sc,
789 2442 868 2481 quo
887 2429 980 2481 quid
1001 2428 1127 2466 colore
1147 2439 1211 2467 aut
1231 2443 1309 2483 quo
1333 2428 1421 2468 sono
1441 2429 1499 2475 lit,
1522 2429 1627 2474 scire,
1647 2429 1705 2467 scd
1724 2427 1874 2468 tantum
1897 2427 1979 2466 sen-

586 2495 670 2540 tire,
693 2496 791 2534 affici
813 2496 844 2534 sc
865 2495 1167 2549 quodammodo·
