2330 2983
1110 280 1338 335 [330]

650 505 1816 568 TUSCULANARUM

747 731 1704 815 QUAESTIONUM

728 961 1079 1003 LIBER
1176 961 1729 1015 QUARTUS.

638 1218 701 1246 DE
744 1216 1004 1255 RELtqus
1047 1215 1216 1244 ANIMI
1256 1215 1814 1245 PERTURBA‘rloNlBtJS.

526 1380 560 1419 1,
717 1371 816 1411 UM
834 1370 970 1410 multis
989 1370 1085 1410 locis
1105 1370 1322 1410 nostrorum
1341 1369 1551 1410 hominum
1576 1371 1730 1425 ingenia
1747 1371 1928 1411 virtutes-

584 1374 710 1508 C
738 1451 829 1491 que,
864 1437 994 1483 Brute,
1027 1436 1127 1476 soleo
1146 1436 1292 1483 mirari,
1322 1445 1408 1476 tum
1430 1437 1600 1476 maxime
1629 1436 1691 1476 his
1717 1437 1759 1476 in
1777 1436 1927 1483 studiis,

738 1517 824 1556 quae
842 1503 922 1542 sero
940 1502 1152 1542 admodum
1167 1503 1336 1556 expetita
1354 1504 1394 1542 in
1413 1502 1514 1542 hanc
1529 1504 1726 1543 civitatem
1740 1516 1762 1542 e
1778 1504 1930 1542 Graecia

529 1567 814 1608 transtulerunt.
837 1568 944 1607 Nam
963 1582 1056 1607 cum
1077 1583 1098 1606 a
1116 1569 1243 1622 prImo
1264 1569 1369 1608 urbis
1385 1578 1486 1615 ortu,
1501 1570 1613 1622 regiis
1629 1569 1827 1614 institutis,
1840 1583 1929 1622 par-

528 1634 603 1673 tim
623 1635 740 1673 etiam
758 1634 924 1687 legibus,
946 1634 1124 1688 auspicia,
1148 1635 1396 1680 caeremoniae,
1417 1636 1590 1680 comitia,
1623 1635 1927 1688 provocationes,

528 1710 682 1753 patrum
702 1700 920 1745 confilium,
941 1701 1136 1752 equitum,
1157 1701 1411 1754 peditumque
1431 1701 1648 1754 descriptio,
1671 1710 1751 1739 tota
1771 1714 1828 1739 res
1849 1700 1927 1738 mi-

527 1765 662 1811 litaris,
684 1765 868 1803 divinitus
888 1764 976 1803 effet
995 1765 1223 1811 constituta5
1255 1774 1341 1805 turn
1369 1767 1573 1820 progreffio
1599 1766 1834 1805 admirabilis
1863 1766 1926 1804 in·-

527 1831 798 1884 credibilisque
818 1831 948 1870 cursus
969 1831 1015 1870 ad
1030 1844 1191 1872 omnem
1210 1832 1477 1871 excellentiam
1496 1832 1617 1871 faCtus
1637 1832 1704 1878 est,
1728 1832 1931 1871 dominatu

529 1898 634 1950 regio
653 1897 850 1950 republica
870 1897 1040 1936 liberata.
1087 1898 1174 1936 Nec
1200 1911 1290 1936 vero
1308 1897 1374 1936 hic
1394 1899 1503 1937 locus
1523 1898 1589 1943 est,
1624 1907 1668 1936 ut
1686 1897 1733 1936 de
1752 1897 1929 1936 moribus

528 1963 786 2015 institutisque
807 1964 1012 2015 majorum,
1037 1972 1074 2001 et
1100 1963 1301 2017 disciplina
1320 1978 1362 2003 ac
1383 1965 1657 2018 temperatione
1676 1963 1842 2002 civitatis
1869 1963 1930 2002 lo-

528 2042 694 2082 quamur
712 2043 721 2067 z
753 2028 834 2066 aliis
855 2027 936 2066 haec
957 2028 1050 2067 locis
1072 2028 1157 2067 satis
1193 2038 1365 2068 accurate
1384 2043 1404 2067 a
1423 2030 1535 2068 nobis
1556 2030 1656 2068 dieta
1674 2029 1775 2074 sunt,
1803 2028 1929 2067 maxi-

529 2107 670 2147 meque
691 2095 729 2132 in
751 2094 797 2132 iis
814 2093 874 2133 sex
891 2094 1013 2140 libris,
1031 2108 1127 2147 quos
1148 2095 1193 2133 de
1210 2095 1423 2148 Republica
1439 2095 1669 2148 scripfimus.
1688 2094 1779 2133 Hoc
1797 2103 1929 2133 autem

529 2161 616 2200 loco
636 2160 885 2199 consideranti
907 2159 1006 2199 mihi
1027 2161 1146 2199 studia
1165 2162 1358 2207 doetrinae,
1377 2162 1499 2200 multa
1520 2161 1601 2200 sane
1621 2169 1843 2206 occurrunt,
1861 2174 1930 2199 cur

530 2241 572 2266 ea
591 2240 745 2279 quoque
765 2226 930 2265 arceffita
949 2227 1115 2273 aliunde,
1139 2241 1263 2280 neque
1280 2227 1403 2267 solum
1420 2229 1601 2281 expetita,
1619 2227 1680 2266 scd
1695 2227 1812 2266 ctiam
1833 2240 1930 2264 con-

531 2292 682 2335 servata,
709 2300 746 2329 et
779 2291 882 2329 culta
903 2291 1112 2330 videantur.
1156 2293 1248 2330 Erat
1279 2293 1384 2332 enim
1416 2292 1493 2331 illis
1525 2306 1620 2346 pene
1655 2293 1694 2330 in
1726 2291 1930 2344 conspeetu

530 2357 717 2411 praestanti
738 2357 917 2410 sapientia
936 2368 973 2396 et
995 2358 1194 2396 nobilitate
1211 2357 1455 2412 Pythagoras,
1472 2360 1541 2411 qui
1558 2358 1632 2397 fuit
1649 2358 1688 2397 in
1707 2358 1816 2397 Italia
1829 2366 1930 2396 tem-

531 2423 689 2477 poribus
724 2423 871 2469 iisdem,
907 2424 1048 2476 quibus
1070 2426 1118 2463 L.
1143 2426 1282 2463 Brutus
1315 2427 1475 2479 patriam
1509 2425 1698 2470 liberavit,
1732 2424 1930 2478 praeclarus

531 2492 660 2527 metor
692 2489 903 2527 nobilitatis
933 2499 1020 2528 tum.
1074 2489 1298 2543 Pythagora}
1323 2500 1450 2529 autem
1472 2491 1657 2535 doctrina,
1688 2503 1781 2529 cum
1816 2490 1931 2541 longe

532 2555 679 2607 lateque
703 2555 847 2600 flueret,
866 2555 1132 2609 perinanavifl‘c
1151 2555 1249 2594 mihi
1271 2557 1420 2595 videtur
1443 2558 1480 2595 in
1503 2556 1600 2596 hanc
1622 2557 1843 2599 civitatum
1869 2555 1929 2592 id-

530 2634 603 2674 que
623 2619 714 2660 cum
735 2621 951 2675 conjectura
972 2621 1166 2677 probabile
1186 2622 1252 2670 cst,
1273 2632 1358 2663 tum
1375 2622 1605 2677 quibusdam
1626 2622 1742 2662 ctiam
1762 2620 1929 2675 vestigiis
