2330 2983
562 243 644 284 434
820 230 915 268 DE
972 227 1301 267 NATURA
1357 228 1701 270 DEORUM

559 328 725 380 gratuita
739 327 804 365 est.
836 327 994 378 Qanto
1013 325 1133 379 igitur
1150 326 1274 380 magis
1293 327 1470 366 Deorum
1486 328 1499 365 ?
1521 328 1602 380 qui,
1620 327 1727 367 nulla
1739 342 1779 368 re
1793 339 1961 383 egentes,

559 401 599 430 et
632 394 732 430 inter
751 392 787 430 se
811 392 994 444 diligunt,
1030 401 1068 431 et
1098 391 1325 431 hominibus
1353 393 1573 432 consulunt.
1624 394 1743 445 Qod
1762 395 1803 433 ni
1828 396 1882 434 ita
1900 395 1961 441 fit,

559 457 656 508 quid
688 469 927 503 veneramur,
963 457 1059 510 quid
1084 471 1299 511 precamur,
1332 459 1465 497 Deos?
1498 460 1580 497 Cur
1606 458 1716 498 sacris
1737 459 1961 506 Pontifices,

559 534 629 560 cur
647 521 824 575 auspiciis
845 524 1036 576 Augures,
1065 523 1262 577 praesunt?
1297 524 1406 577 Qid
1432 533 1610 577 optamus
1631 538 1651 562 a
1681 525 1770 565 Diis
1795 526 1962 564 immor-

559 587 700 628 talibus
716 589 730 625 ?
761 588 870 641 Qid
890 602 1074 628 vovemus
1092 590 1106 627 ?

614 661 670 698 At
690 660 807 698 etiam
828 660 927 699 liber
943 660 996 699 est
1016 661 1178 714 Epicuri
1204 662 1250 700 de
1270 662 1478 700 sanstitate.
1524 662 1718 702 Ludimur
1736 662 1784 702 ab
1802 662 1964 701 homine

561 739 638 764 non
660 735 736 765 tam
757 725 897 772 faceto,
918 739 1037 780 quam
1057 727 1104 765 ad
1123 727 1311 766 scribendi
1331 728 1528 766 licentiam
1552 728 1687 767 libero.
1735 729 1834 780 Qae
1854 729 1962 767 enim

560 792 683 845 potest
702 792 773 831 effe
792 792 981 837 sanctitas,
1003 793 1030 831 fi
1050 793 1119 831 Dii
1138 791 1308 831 humana
1327 807 1405 832 non
1424 802 1560 832 curant
1578 794 1591 830 ?
1622 807 1707 846 quae
1726 803 1856 833 autem
1875 795 1962 832 ani-

561 871 669 896 mans
686 867 832 903 natura,
850 857 950 896 nihil
966 872 1102 897 curans
1118 859 1132 895 ?
1154 859 1292 897 Verius
1309 859 1362 896 est
1381 859 1501 911 igitur
1520 859 1710 896 nimirum
1725 858 1838 904 illud,
1856 859 1963 912 quod

559 923 760 961 familiaris
780 923 959 962 omnium
994 923 1167 962 nostrum
1188 924 1414 962 Posidonius
1434 922 1605 962 disseruit
1636 923 1677 961 in
1702 923 1803 962 libro
1822 925 1963 977 quinto

559 989 607 1028 de
627 989 777 1028 Natura
790 989 982 1034 Deorum,
1004 989 1132 1028 nullos
1151 989 1224 1028 effe
1251 990 1355 1028 Deos
1376 989 1547 1042 Epicuro
1563 989 1682 1027 videri
1696 1008 1709 1035 5
1741 1003 1903 1043 quaeque
1929 991 1961 1029 is

560 1055 607 1093 de
629 1055 716 1094 Diis
747 1055 1034 1094 immortalibus
1066 1055 1220 1100 dixerit,
1255 1055 1409 1093 invidiae
1429 1055 1652 1094 detestandae
1671 1056 1790 1108 gratia
1811 1055 1959 1095 dixiffe.

560 1121 702 1173 Neque
720 1121 826 1159 enim
845 1130 924 1159 tam
944 1120 1130 1173 desipiens
1149 1119 1290 1165 fuisset,
1324 1129 1367 1158 ut
1385 1119 1618 1159 homunculi
1638 1121 1801 1159 similem
1825 1121 1960 1161 Deum

560 1185 736 1239 fingeret,
754 1185 998 1224 lineamentis
1013 1185 1197 1224 duntaxat
1213 1186 1409 1231 extremis,
1424 1199 1500 1224 non
1516 1185 1655 1225 habitu
1668 1187 1788 1226 solido
1800 1206 1815 1232 ς
1831 1201 1960 1226 mem·

561 1252 638 1290 bris
669 1251 840 1290 hominis
872 1252 1078 1304 praeditum
1107 1252 1306 1296 omnibus,
1338 1251 1406 1290 usu
1426 1253 1692 1291 membrorum
1726 1267 1773 1291 ne
1792 1254 1963 1293 minimo

560 1317 719 1370 quidem
736 1336 748 1363 ς
779 1317 921 1356 exilem
941 1317 1136 1370 quendam
1155 1326 1270 1370 atque
1289 1317 1549 1371 perlucidum,
1571 1316 1670 1356 nihil
1686 1319 1870 1371 cuiquam
1889 1320 1961 1358 tri-

564 1384 766 1429 buentem‚
802 1381 900 1422 nihil
935 1383 1215 1437 gratificantem
1230 1413 1241 1429 ,
1276 1383 1439 1422 omnino
1473 1382 1572 1421 nihil
1605 1393 1826 1429 curantem,
1860 1384 1961 1423 nihil

562 1458 751 1502 agentem.
797 1450 896 1502 Qae
916 1458 1048 1488 natura
1067 1449 1241 1502 primum
1273 1449 1378 1487 nulla
1407 1448 1479 1488 effe
1503 1449 1625 1502 potest
1639 1467 1653 1495 3
1683 1449 1805 1502 idque
1829 1450 1962 1488 videns

562 1515 768 1567 Epicurus,
790 1528 829 1553 re
849 1515 966 1560 tollit,
992 1515 1161 1553 oratione
1182 1515 1380 1567 relinquit,
1402 1515 1521 1553 Deos.
1554 1515 1722 1561 Deinde,
1744 1515 1771 1554 fi
1791 1516 1962 1555 maxime

561 1581 647 1618 talis
667 1581 720 1618 est
740 1581 863 1625 Deus,
885 1590 928 1618 ut
949 1580 1054 1617 nulla
1072 1580 1205 1632 gratia,
1224 1580 1329 1618 nulla
1344 1579 1554 1618 hominum
1573 1580 1742 1625 caritate,
1765 1590 1935 1620 teneatur
1945 1600 1958 1628 ,-

562 1647 695 1684 valeat.
729 1646 837 1697 Qid
856 1645 961 1684 enim
982 1644 1124 1690 dicam,
1146 1646 1334 1698 propitius
1354 1645 1427 1683 fit?
1450 1645 1534 1683 Effe
1553 1647 1658 1684 enim
1680 1647 1867 1699 propitius
1887 1661 1959 1700 po-

562 1711 630 1749 test
651 1711 810 1754 nemini,
840 1711 1039 1762 quoniam,
1074 1719 1117 1750 ut
1137 1711 1280 1756 dicitis,
1315 1710 1443 1749 omnis
1475 1711 1515 1748 in
1546 1711 1813 1754 imbecillitate
1843 1711 1894 1752 est
1922 1722 1960 1753 et

563 1778 694 1831 gratia,
714 1786 751 1815 et
770 1776 917 1816 caritas.
