2330 2983
677 284 953 324 LIBER
1008 283 1428 324 TERTIUS.
1674 300 1749 339 315

366 393 445 434 quae
471 395 514 420 ex
532 381 667 434 formis
689 382 942 436 percrpiuntur
960 382 1077 426 oculis,
1094 383 1230 434 suaves
1254 383 1428 427 motiones,
1444 383 1529 434 five
1561 397 1640 435 quce
1672 385 1753 421 aliae

365 447 567 498 voluptates
586 447 622 483 in
642 455 714 484 toto
733 446 866 484 homine
878 446 1085 498 gtgnuntur
1103 447 1253 498 quolibet
1258 449 1378 500 stnfie
1445 449 1489 486 'ec
1508 463 1592 486 vero
1610 449 1665 486 ila
1685 447 1755 486 dici

357 510 482 564 potest,
511 511 637 548 mentis
664 511 949 564 laetitiamsblam
968 509 1027 563 effi
1056 511 1092 549 in
1112 510 1221 549 bonis.
1253 513 1460 549 Laetantem
1492 514 1580 550 enim
1606 523 1752 551 mentem

365 577 419 614 ita
437 576 534 620 novi,
551 576 619 629 spe
636 590 753 614 eorum
776 576 926 616 omnium
958 590 1037 629 quae
1052 577 1174 630 ficpra
1191 575 1278 620 dixi,
1285 576 1374 628 fore
1393 586 1434 615 ut
1453 588 1602 621 natura,
1632 579 1672 615 iis
1684 587 1750 630 po-

365 642 468 686 tiens,
489 641 601 680 dolore
614 650 751 680 careat.
774 643 904 694 Atque
919 640 1000 680 haec
1018 642 1178 694 quidem
1189 640 1250 680 his
1268 641 1390 680 verbis
1403 660 1415 687 3
1437 643 1564 694 quivis
1581 652 1622 680 ut
1638 643 1751 680 intel-

365 707 472 760 ligat,
504 721 622 760 quam
655 708 892 761 voluptatem
926 709 1026 747 norit
1055 708 1260 761 Epicurus.
1310 708 1462 746 Deinde
1493 708 1610 761 paulo
1641 708 1752 751 infra,

367 775 467 826 Saepe
488 774 646 827 quaestvi,
676 773 818 826 inquit,
848 788 890 813 ex
908 775 964 819 iis,
994 774 1058 827 qui
1078 775 1306 827 appellantur
1310 775 1504 827 stzpientes,
1536 774 1623 827 quid
1645 774 1752 813 habe-

366 848 463 884 rent,
493 839 586 892 quod
613 839 650 877 in
683 839 778 878 bonis
796 840 1048 892 relinquerent,
1063 840 1106 891 fi
1123 841 1185 878 illa
1208 839 1448 893 detraxgffi’nt‚
1478 841 1596 891 mstst
1626 840 1754 878 vellent

366 918 467 944 voces
485 905 606 943 inanes
608 903 781 956 fundere.
829 905 941 943 Nihil
953 904 999 943 ab
1017 905 1072 943 his
1083 905 1189 958 potui
1203 906 1399 959 cognofiere
1413 923 1425 949 3
1458 905 1520 958 qui
1526 906 1569 956 st
1598 905 1757 943 virtutes

367 969 509 1009 ebullire
541 970 662 1008 volent
689 978 725 1008 et
739 970 953 1023 snpientias,
982 970 1076 1008 nihil
1087 970 1188 1009 aliud
1201 970 1331 1015 dicent,
1359 971 1428 1022 nfi
1451 985 1526 1009 eam
1545 971 1656 1014 viam,
1685 984 1756 1023 qua

367 1034 566 1087 efficiantur
573 1049 625 1073 eae
636 1035 851 1087 voluptates,
868 1049 956 1088 quas
959 1036 1081 1088 sttpra
1092 1034 1180 1074 dixi.
1203 1036 1301 1086 Qae
1321 1035 1543 1087 sequuntur,
1564 1036 1604 1072 in
1624 1036 1755 1073 eadem

368 1099 552 1138 sententia
570 1100 656 1138 sunt
670 1118 683 1145 3
714 1099 890 1152 totusque
925 1100 1036 1144 liber,
1057 1100 1125 1151 qui
1145 1099 1197 1137 est
1216 1100 1263 1137 de
1282 1100 1434 1137 summo
1454 1100 1570 1144 bono,
1597 1100 1755 1138 refertus

367 1172 406 1202 et
425 1165 549 1202 verbis
579 1173 618 1201 et
637 1163 830 1202 sententiis
851 1163 1004 1202 talibus.
1049 1164 1112 1202 Ad
1135 1162 1321 1202 hanccine
1350 1164 1470 1216 igitur
1498 1165 1618 1202 vitam
1638 1165 1755 1203 Tela-

368 1242 525 1268 monem
544 1229 658 1268 illum
678 1229 883 1274 revocabis,
904 1238 947 1267 ut
966 1229 1066 1267 leves
1087 1229 1380 1282 aegritudinem?
1412 1230 1464 1267 Et
1482 1229 1510 1267 fi
1529 1244 1646 1281 quem
1667 1240 1755 1268 tuo-

369 1309 457 1335 rum
483 1295 670 1334 afflid‘cum
704 1308 866 1333 moerore
895 1294 1046 1340 videris,
1081 1293 1174 1333 huic
1194 1294 1460 1347 acipenserem,
1485 1296 1613 1346 potius
1639 1310 1757 1348 quam

368 1362 539 1413 aliquem
559 1360 796 1399 Socraticum
815 1359 1007 1404 libellum,
1037 1359 1143 1398 dabis
1163 1360 1176 1396 ?
1205 1352 1380 1411 ὑδξωύλεως
1408 1358 1607 1398 hortabere
1626 1370 1669 1399 ut
1688 1375 1755 1400 au-

370 1426 450 1465 diat
468 1438 594 1470 voces,
624 1425 753 1478 potius
772 1438 889 1476 quam
910 1424 1078 1463 Platonis
1096 1425 1110 1461 ?
1139 1437 1321 1477 expones,
1341 1437 1427 1476 quae
1451 1424 1606 1477 spectet,
1627 1426 1759 1465 florida

370 1501 408 1530 et
427 1491 554 1530 varia?
583 1489 813 1530 fasciculum
832 1490 878 1528 ad
913 1504 1017 1530 nares
1048 1490 1266 1528 admovebis
1285 1489 1298 1525 ?
1329 1490 1506 1528 incendes
1526 1491 1658 1529 odores
1677 1492 1690 1527 ?
1720 1502 1758 1530 et

371 1558 476 1596 sertis
495 1556 667 1595 redimiri
680 1555 850 1607 jubebis,
864 1563 903 1592 et
922 1554 1028 1593 rosa?
1050 1555 1089 1594 Si
1108 1567 1197 1593 vero
1215 1554 1362 1606 aliquid
1380 1554 1496 1593 etiam
1512 1573 1524 1600 3
1543 1564 1628 1594 tum
1648 1557 1760 1610 plane

370 1623 521 1661 lustum
538 1633 698 1660 omnem
717 1619 924 1658 absterseris
940 1621 954 1657 ?

423 1688 539 1726 XIX.
570 1687 668 1725 Haec
702 1686 873 1739 Epicuro
901 1684 1118 1724 confitenda
1136 1685 1238 1730 sunt,
1269 1693 1335 1723 aut
1353 1695 1409 1730 ea,
1439 1700 1524 1738 quae
1554 1687 1671 1725 modo
1689 1701 1758 1726 ex-

370 1753 488 1808 preffa
505 1752 553 1791 ad
583 1752 747 1791 verbum
766 1751 860 1796 dixi,
891 1751 1058 1790 tollenda
1076 1751 1123 1789 de
1142 1751 1256 1795 libro,
1286 1751 1346 1788 vel
1377 1759 1480 1789 totus
1511 1752 1608 1790 liber
1631 1755 1760 1805 potius

370 1818 607 1871 abjiciendus
620 1835 632 1862 3
653 1816 706 1855 est
723 1816 829 1854 enim
845 1815 1038 1855 confertus
1051 1815 1325 1869 voluptatibus,
1349 1816 1613 1867 Qaerendum
1628 1818 1760 1871 igitur,

373 1883 702 1937 quemadmodum
721 1881 946 1933 aegritudine
965 1882 1158 1935 privemus
1177 1895 1281 1927 eum,
1302 1881 1370 1933 qui
1390 1881 1443 1919 ita
1461 1881 1562 1920 dicat
1577 1900 1590 1927 3

512 1979 521 1988 .
546 1978 555 1987 .
580 1978 589 1986 .
615 1977 624 1986 .
647 1947 981 2000 Polmihifhrtuna
999 1948 1111 2000 magis
1129 1961 1223 1986 nunc
1238 1946 1333 1999 defit,
1353 1961 1457 2000 quam
1471 1962 1596 2000 genus.

511 2015 676 2066 Namque
694 2027 841 2065 regnum
844 2013 1061 2067 steppetebat
1078 2013 1168 2052 mihi
1175 2029 1189 2052 .·
1219 2022 1261 2052 ut
1265 2012 1366 2066 scias
1384 2023 1516 2067 quanto
1535 2029 1553 2052 e
1571 2014 1653 2059 loco,

510 2080 667 2132 Qantis
685 2080 817 2132 opibus,
849 2080 973 2133 quibus
991 2079 1031 2119 de
1049 2079 1153 2119 rebus
1169 2080 1267 2133 lapsa
1270 2080 1435 2131 firtuna
1451 2080 1600 2120 occidat.

376 2147 483 2198 Qid
503 2147 517 2183 ?
547 2145 639 2183 huic
660 2145 759 2183 calix
779 2145 890 2183 mulfi
912 2146 1184 2198 impingendus
1204 2145 1269 2190 est,
1289 2154 1332 2183 ut
1351 2145 1497 2197 plorare
1516 2145 1671 2191 desmat,
1701 2154 1764 2183 aut

375 2212 521 2265 aliquid
540 2211 725 2263 ejusmodi
741 2211 754 2246 ?
786 2211 888 2248 Ecce
909 2211 980 2249 tibi
999 2225 1045 2249 ex
1065 2211 1179 2249 altera
1193 2220 1297 2264 parte
1315 2211 1362 2249 ab
1381 2211 1516 2250 eodem
1536 2220 1670 2265 poeta3

512 2279 573 2316 Ex
590 2276 708 2329 opibus
713 2278 865 2329 fizmmis
883 2277 955 2330 opis
973 2292 1086 2330 egens,
1109 2279 1258 2323 Hec‘lor,
1279 2287 1366 2317 tuae.

378 2342 486 2381 Huic
507 2341 702 2380 subvenire
722 2342 905 2381 debemus
925 2358 933 2381 ε
966 2344 1101 2396 quaerit
1121 2344 1226 2382 enim
1245 2343 1449 2382 auxilium.

512 2407 611 2459 Qid
619 2416 740 2460 petam
745 2408 905 2460 praestdi,
924 2418 990 2448 aut
1004 2424 1158 2462 exequar
1171 2410 1191 2448 ,9
1211 2424 1322 2463 quove
1336 2423 1430 2447 nunc
1443 2407 1584 2452 auxilio,
1599 2407 1767 2460 autfuga

515 2474 552 2513 F
553 2483 633 2511 reta
637 2474 709 2524 fim
722 2474 742 2513 ἒ
771 2475 872 2514 Arce
891 2485 925 2514 et
951 2476 1038 2514 urbe
1057 2475 1142 2514 orba
1158 2477 1257 2529 stem.
1289 2477 1366 2526 Qo
1392 2472 1551 2513 accedam
1568 2475 1587 2512 .?
1617 2488 1682 2527 quo
1700 2483 1767 2527 ap—

565 2540 691 2592 plicem
707 2539 726 2577 ?

514 2605 586 2644 cui
601 2619 662 2644 nec
680 2619 757 2644 arae
771 2607 912 2659 patriae
931 2607 1023 2647 domi
1025 2607 1130 2661 stant
1143 2625 1155 2653 3
1172 2607 1317 2660 frac‘Jae
1331 2615 1366 2646 et
1384 2605 1534 2657 disjeHae
1541 2607 1667 2658 jacent
1682 2621 1695 2644 .-

1352 2675 1476 2716 Rr2
