2330 2983
632 230 908 270 LIBER
966 229 1466 269 ssscuNnus.
1683 242 1749 278 141

354 328 490 369 artifex
505 327 666 367 callidus
685 330 1028 382 comparandarum
1048 330 1292 383 voluptatum
1315 330 1516 368 diceretur.
1558 329 1651 368 Non
1671 329 1754 367 elo-

354 397 416 449 gia
434 403 778 434 monumentorum
800 396 838 433 id
855 395 1082 447 significant,
1103 396 1209 434 velut
1229 395 1305 434 hoc
1325 396 1371 433 ad
1393 407 1541 448 portam
1559 414 1570 439 3
1604 397 1679 434 Uno
1699 409 1757 433 ore

355 463 417 501 cui
424 462 594 514 plurimce
613 461 831 514 conſsnz‘iunt
846 470 983 513 gentes,
998 462 1125 513 populi
1134 462 1466 514 primariumfzqffi
1485 462 1619 500 virum.
1663 461 1758 499 Idne

355 527 571 566 conlenfiffe
601 526 648 564 de
668 527 844 564 Calatino
876 527 1060 579 plurimas
1091 536 1222 579 gentes
1255 527 1497 571 arbitramur,
1530 527 1757 579 primarium

354 592 490 646 populi
510 591 632 636 fuiss'e,
652 592 755 644 quod
776 592 1095 645 praestantiffimus
1116 591 1241 630 fuisset
1259 593 1297 630 in
1313 592 1561 630 conficiendis
1579 593 1758 645 volupta-

356 658 491 697 tibus?
523 659 628 710 Ergo
648 658 686 695 in
708 658 754 695 iis
774 658 1077 696 adolescentibus
1109 658 1250 696 bona-m
1279 658 1384 710 spem
1415 657 1486 696 effe
1517 659 1690 696 dicemus
1721 668 1759 696 et

357 739 534 778 magnam
558 724 742 768 indolem,
774 738 871 776 quos
890 724 964 762 suis
985 725 1202 762 commodis
1222 725 1479 769 inservituros,
1509 734 1546 762 et
1567 725 1759 777 quidquid

357 792 442 844 ipfis
465 791 639 844 expediat
660 789 838 835 facturos,
860 791 1117 828 arbitramur?
1141 791 1284 829 Nonne
1305 791 1493 835 videmus,
1512 801 1652 843 quanta
1671 805 1757 843 per-

358 857 524 895 turbatio
544 870 670 894 rerum
691 857 869 894 omnium
891 856 1170 908 consequatur?
1193 866 1333 908 quanta
1357 856 1529 895 consutio
1549 858 1561 894 ?
1583 857 1759 894 Tollitur

358 921 617 965 beneficium;
651 921 800 959 tollitur
819 922 964 974 grati‘a3
997 936 1081 973 quae
1108 921 1193 959 sunt
1214 922 1367 959 vincula
1397 923 1623 960 concordi-r.
1672 923 1758 960 Nec

358 989 478 1032 enim,
511 988 534 1025 s1
558 997 664 1024 tuam
690 987 741 1024 ob
762 987 911 1024 causam
933 988 1116 1039 cuiquam
1144 988 1383 1031 commodes,
1406 987 1638 1026 beneficium
1661 988 1758 1025 illud

357 1053 577 1091 habendum
598 1053 663 1097 est,
697 1052 759 1090 sed
778 1051 1005 1090 foeneratio:
1039 1065 1108 1090 nec
1129 1053 1250 1105 gratia
1277 1053 1405 1090 deberi
1427 1054 1578 1090 videtur
1607 1054 1655 1097 ei,
1689 1054 1758 1105 qui

358 1120 462 1158 suam
493 1119 544 1156 ob
575 1118 723 1156 causam
756 1119 1073 1156 commodaverit.
1120 1119 1316 1156 Maximus
1337 1116 1439 1156 ⁷vero
1459 1119 1616 1156 virtutes
1633 1120 1758 1170 jacere

357 1198 490 1223 omnes
512 1183 655 1222 necesse
675 1184 741 1228 est,
759 1184 955 1236 voluptate
975 1184 1212 1221 dominante.
1246 1186 1342 1222 Sunt
1362 1184 1477 1221 etiam
1500 1185 1757 1237 turpitudines

358 1251 549 1305 plurimae,
571 1264 669 1302 quae,
691 1249 760 1287 nisi
780 1248 952 1287 honestas
973 1249 1107 1287 natura
1121 1248 1337 1302 plurimum
1358 1249 1494 1294 valeat,
1512 1264 1580 1288 cur
1601 1264 1678 1288 non
1694 1264 1757 1288 ca-

359 1317 451 1354 dant
471 1317 510 1354 in
531 1315 738 1368 sapientem
757 1328 834 1353 non
854 1315 907 1353 est
926 1313 1038 1353 facile
1058 1314 1272 1353 defendere.

415 1384 489 1426 Ac,
512 1394 558 1418 ne
578 1381 688 1433 plura
706 1381 951 1433 complectar,
977 1381 1081 1432 (sunt
1097 1381 1202 1418 enim
1223 1381 1535 1433 innumerabilia)
1557 1382 1653 1420 bene
1673 1383 1757 1420 lau-

362 1449 447 1487 data
465 1448 583 1485 virtus
604 1447 810 1499 voluptatis
830 1446 954 1484 aditus
978 1447 1208 1485 intercludat
1228 1447 1370 1486 neceffe
1391 1448 1455 1485 est.
1504 1449 1620 1498 Qod
1635 1450 1718 1500 jam
1739 1463 1762 1486 a

362 1528 428 1553 me
445 1515 638 1566 expectare
659 1512 753 1550 noli.
786 1514 891 1550 Tute
911 1512 1115 1565 introspice
1135 1513 1175 1550 in
1196 1522 1368 1550 mentem
1391 1523 1495 1551 tuam
1517 1514 1618 1566 ipse;
1650 1528 1757 1552 eam-

362 1593 437 1632 que
457 1579 564 1617 omni
584 1577 815 1630 cogitatione
835 1579 1077 1629 pertraCtans,
1112 1588 1335 1630 percontare
1355 1579 1431 1630 ipse
1464 1589 1512 1624 te,
1549 1580 1757 1632 perpetuis-

361 1658 407 1683 ne
427 1643 535 1682 malis
569 1642 830 1695 voluptatibus
862 1641 1074 1695 perfruens,
1107 1644 1148 1681 in
1179 1657 1234 1688 ea,
1270 1657 1386 1696 quam
1414 1645 1506 1696 saepe
1539 1645 1758 1697 usurpabas,

359 1709 637 1763 tranquillitate
657 1709 790 1762 degere
803 1723 962 1747 omnem
979 1718 1128 1748 aetatem
1142 1710 1218 1748 fine
1237 1710 1366 1748 dolore
1379 1729 1390 1755 ;
1417 1710 1622 1763 (assumpto
1641 1713 1760 1750 etiam

359 1776 442 1820 illo,
465 1775 569 1827 quod
589 1788 654 1812 vos
675 1774 833 1826 quidem
855 1775 1059 1827 adjungere
1079 1775 1218 1820 soletis,
1241 1775 1303 1813 sed
1324 1775 1404 1813 fieri
1428 1790 1503 1813 non
1525 1777 1659 1828 potest,
1683 1777 1759 1814 fine

360 1842 500 1880 doloris
522 1850 629 1878 metu
646 1842 678 1891 ς)
711 1854 770 1885 an,
802 1854 896 1878 cum.
915 1842 960 1878 de
979 1841 1161 1879 omnibus
1193 1841 1373 1893 gentibus
1393 1842 1541 1893 optime
1561 1856 1756 1889 mererere,

360 1921 452 1946 cum
472 1920 585 1959 opem
613 1906 876 1958 indigentibus
904 1906 1142 1959 salutemque
1167 1906 1296 1952 ferres,
1327 1907 1388 1944 vel
1409 1908 1591 1946 Herculis
1612 1909 1759 1961 perpeti

360 1985 557 2012 aerumnas.
581 1972 641 2010 Sic
662 1972 767 2010 enim
787 1973 948 2024 majores
965 1972 1080 2010 nostri
1101 1973 1248 2010 labores
1264 1986 1342 2010 non
1357 1972 1575 2025 fugiendos,
1598 1974 1758 2012 tristiffi-

359 2052 426 2077 mo
447 2048 575 2076 tamen
596 2037 712 2075 verbo
732 2051 918 2075 aerumnas
938 2039 1053 2076 etiam
1086 2038 1124 2075 in
1157 2038 1228 2076 deo
1251 2039 1569 2076 nominaverunt..
1611 2040 1758 2092 Exige-

360 2117 444 2142 rem
461 2116 507 2141 ex
529 2111 579 2146 te,
601 2115 856 2155 cogeremque
877 2112 920 2140 ut
940 2103 1193 2156 responderes,
1216 2103 1283 2141 nisi
1301 2117 1458 2148 vererer,
1481 2117 1528 2142 ne
1542 2105 1758 2141 Herculem

360 2169 485 2221 ipsum
505 2181 560 2212 ea,
582 2182 666 2220 quae
687 2182 755 2220 pro
775 2168 890 2206 salute
910 2169 1086 2220 gentium
1107 2168 1260 2208 summo
1280 2169 1406 2207 labore
1426 2170 1595 2222 geffiffet,
1618 2171 1757 2222 volup-

361 2235 447 2272 tatis
468 2233 576 2271 causa
595 2232 736 2285 geffiffe
756 2233 913 2272 diceres.

418 2300 516 2350 Qae
536 2312 627 2336 cum
655 2298 842 2344 dixissem,
875 2300 1028 2345 Habeo,
1058 2301 1188 2353 inquit
1222 2302 1457 2353 Torquatus,
1489 2301 1533 2339 ad
1568 2314 1663 2353 quos
1692 2300 1759 2338 ista

364 2364 522 2403 referam
538 2380 546 2402 :
569 2374 620 2409 et,
637 2378 858 2418 quanquam
874 2366 1020 2418 aliquid
1033 2367 1109 2420 ipse
1126 2377 1311 2420 poteram,
1330 2378 1456 2406 tamen
1471 2368 1639 2404 invenire
1655 2367 1758 2404 malo

363 2430 565 2483 paratiores
598 2429 803 2469 familiares
826 2431 983 2471 nostros.
1035 2433 1161 2472 Credo
1191 2435 1375 2484 Syronem
1395 2433 1488 2471 dicis
1513 2442 1551 2470 et
1572 2431 1756 2470 Philode-

363 2509 490 2540 mum,
512 2509 602 2535 cum
623 2497 792 2548 optimos
812 2498 925 2543 viros,
957 2508 1042 2537 tum
1062 2498 1293 2537 doctissimos
1314 2498 1506 2536 homines.
1540 2498 1672 2543 Recte,
1694 2499 1757 2535 in·-

364 2562 463 2616 quit‚
485 2563 684 2616 intelligis.
730 2566 815 2617 Age
836 2564 932 2610 sane,
953 2565 1128 2618 inquam.
1175 2565 1244 2604 Sed
1265 2575 1343 2603 erat
1370 2565 1528 2618 aequius,
1561 2565 1759 2603 Triarium
