<?xml version="1.0" encoding="UTF-8"?>
<!DOCTYPE html PUBLIC "-//W3C//DTD XHTML 1.0 Transitional//EN"
    "http://www.w3.org/TR/xhtml1/DTD/xhtml1-transitional.dtd">
<html xmlns="http://www.w3.org/1999/xhtml" xml:lang="en" lang="en">
 <head>
  <title>
</title>
<meta http-equiv="Content-Type" content="text/html;charset=utf-8" />
  <meta name='ocr-system' content='tesseract 3.04.00' />
  <meta name='ocr-capabilities' content='ocr_page ocr_carea ocr_par ocr_line ocrx_word'/>
</head>
<body>
  <div class='ocr_page' id='page_1' title='image "./operacumindicibu02ciceuoft_0023.png"; bbox 0 0 2330 2983; ppageno 0'>
   <div class='ocr_carea' id='block_1_1' title="bbox 779 289 1778 355">
    <p class='ocr_par' dir='ltr' id='par_1_1' title="bbox 779 289 1778 355">
     <span class='ocr_line' id='line_1_1' title="bbox 779 289 1778 355; baseline -0.001 -14"><span class='ocrx_word' id='word_1_1' title='bbox 779 289 1367 341; x_wconf 66' lang='lat' dir='ltr'>&#39;LUCULLUS</span> <span class='ocrx_word' id='word_1_2' title='bbox 1732 316 1778 355; x_wconf 83' lang='lat'>17</span> 
     </span>
    </p>
   </div>
   <div class='ocr_carea' id='block_1_2' title="bbox 378 393 1789 2623">
    <p class='ocr_par' dir='ltr' id='par_1_2' title="bbox 378 393 1780 1024">
     <span class='ocr_line' id='line_1_2' title="bbox 378 393 1778 447; baseline -0.001 -12"><span class='ocrx_word' id='word_1_3' title='bbox 378 395 643 440; x_wconf 86' lang='lat' dir='ltr'>Democritus,</span> <span class='ocrx_word' id='word_1_4' title='bbox 658 393 810 447; x_wconf 90' lang='lat' dir='ltr'>penitus</span> <span class='ocrx_word' id='word_1_5' title='bbox 830 394 1058 433; x_wconf 84' lang='lat' dir='ltr'>abstruserit.</span> <span class='ocrx_word' id='word_1_6' title='bbox 1081 394 1163 432; x_wconf 87' lang='lat' dir='ltr'>Alii</span> <span class='ocrx_word' id='word_1_7' title='bbox 1183 403 1312 432; x_wconf 87' lang='lat' dir='ltr'>autem</span> <span class='ocrx_word' id='word_1_8' title='bbox 1331 393 1556 446; x_wconf 82' lang='lat' dir='ltr'>elegantius,</span> <span class='ocrx_word' id='word_1_9' title='bbox 1578 394 1645 447; x_wconf 89' lang='lat' dir='ltr'>qui</span> <span class='ocrx_word' id='word_1_10' title='bbox 1661 395 1778 434; x_wconf 85' lang='lat' dir='ltr'>etiam</span> 
     </span>
     <span class='ocr_line' id='line_1_3' title="bbox 379 459 1776 514; baseline -0.001 -15"><span class='ocrx_word' id='word_1_11' title='bbox 379 470 606 514; x_wconf 85' lang='lat' dir='ltr'>queruntur,</span> <span class='ocrx_word' id='word_1_12' title='bbox 620 460 725 512; x_wconf 88' lang='lat' dir='ltr'>quod</span> <span class='ocrx_word' id='word_1_13' title='bbox 740 472 803 497; x_wconf 91' lang='lat' dir='ltr'>eos</span> <span class='ocrx_word' id='word_1_14' title='bbox 816 459 1083 498; x_wconf 85' lang='lat' dir='ltr'>infimulemus</span> <span class='ocrx_word' id='word_1_15' title='bbox 1096 460 1227 498; x_wconf 85' lang='lat' dir='ltr'>omnia</span> <span class='ocrx_word' id='word_1_16' title='bbox 1239 461 1382 497; x_wconf 88' lang='lat' dir='ltr'>incerta</span> <span class='ocrx_word' id='word_1_17' title='bbox 1397 459 1522 498; x_wconf 87' lang='lat' dir='ltr'><strong>dicere</strong></span> <span class='ocrx_word' id='word_1_18' title='bbox 1535 478 1546 504; x_wconf 66' lang='grc' dir='ltr'><strong><em>ς</em></strong></span> <span class='ocrx_word' id='word_1_19' title='bbox 1565 470 1776 512; x_wconf 85' lang='lat' dir='ltr'>quantum-</span> 
     </span>
     <span class='ocr_line' id='line_1_4' title="bbox 379 523 1777 579; baseline -0.001 -15"><span class='ocrx_word' id='word_1_20' title='bbox 379 540 454 579; x_wconf 89' lang='lat' dir='ltr'>que</span> <span class='ocrx_word' id='word_1_21' title='bbox 473 526 618 564; x_wconf 87' lang='lat' dir='ltr'>interfit</span> <span class='ocrx_word' id='word_1_22' title='bbox 646 526 745 563; x_wconf 91' lang='lat' dir='ltr'>inter</span> <span class='ocrx_word' id='word_1_23' title='bbox 765 525 971 570; x_wconf 87' lang='lat' dir='ltr'>incertum,</span> <span class='ocrx_word' id='word_1_24' title='bbox 1002 534 1040 563; x_wconf 90' lang='lat' dir='ltr'>et</span> <span class='ocrx_word' id='word_1_25' title='bbox 1066 525 1120 569; x_wconf 93' lang='lat' dir='ltr'>id,</span> <span class='ocrx_word' id='word_1_26' title='bbox 1153 524 1257 577; x_wconf 89' lang='lat' dir='ltr'>quod</span> <span class='ocrx_word' id='word_1_27' title='bbox 1277 523 1421 577; x_wconf 83' lang='lat' dir='ltr'>percipi</span> <span class='ocrx_word' id='word_1_28' title='bbox 1443 538 1520 562; x_wconf 90' lang='lat' dir='ltr'>non</span> <span class='ocrx_word' id='word_1_29' title='bbox 1552 525 1676 577; x_wconf 82' lang='lat' dir='ltr'>posfit,</span> <span class='ocrx_word' id='word_1_30' title='bbox 1706 525 1777 563; x_wconf 93' lang='lat' dir='ltr'>do-</span> 
     </span>
     <span class='ocr_line' id='line_1_5' title="bbox 379 589 1780 643; baseline -0.001 -14"><span class='ocrx_word' id='word_1_31' title='bbox 379 605 462 630; x_wconf 90' lang='lat' dir='ltr'>cere</span> <span class='ocrx_word' id='word_1_32' title='bbox 481 601 683 635; x_wconf 87' lang='lat' dir='ltr'>conantur,</span> <span class='ocrx_word' id='word_1_33' title='bbox 712 604 832 643; x_wconf 87' lang='lat' dir='ltr'>eaque</span> <span class='ocrx_word' id='word_1_34' title='bbox 852 590 1096 643; x_wconf 88' lang='lat' dir='ltr'>distinguere.</span> <span class='ocrx_word' id='word_1_35' title='bbox 1157 591 1262 628; x_wconf 90' lang='lat' dir='ltr'>Cum</span> <span class='ocrx_word' id='word_1_36' title='bbox 1282 589 1343 628; x_wconf 88' lang='lat' dir='ltr'>his</span> <span class='ocrx_word' id='word_1_37' title='bbox 1370 590 1489 642; x_wconf 86' lang='lat' dir='ltr'>igitur</span> <span class='ocrx_word' id='word_1_38' title='bbox 1508 603 1679 642; x_wconf 81' lang='lat' dir='ltr'>agamus,</span> <span class='ocrx_word' id='word_1_39' title='bbox 1712 591 1780 643; x_wconf 90' lang='lat' dir='ltr'>qui</span> 
     </span>
     <span class='ocr_line' id='line_1_6' title="bbox 379 656 1779 711; baseline -0.001 -15"><span class='ocrx_word' id='word_1_40' title='bbox 379 657 461 696; x_wconf 82' lang='lat' dir='ltr'>haec</span> <span class='ocrx_word' id='word_1_41' title='bbox 481 658 744 711; x_wconf 86' lang='lat' dir='ltr'>distinguunt:</span> <span class='ocrx_word' id='word_1_42' title='bbox 776 657 878 702; x_wconf 85' lang='lat' dir='ltr'>illos,</span> <span class='ocrx_word' id='word_1_43' title='bbox 913 657 982 709; x_wconf 89' lang='lat' dir='ltr'>qui</span> <span class='ocrx_word' id='word_1_44' title='bbox 1001 657 1132 695; x_wconf 87' lang='lat' dir='ltr'>omnia</span> <span class='ocrx_word' id='word_1_45' title='bbox 1162 656 1211 694; x_wconf 88' lang='lat' dir='ltr'>fic</span> <span class='ocrx_word' id='word_1_46' title='bbox 1231 657 1375 694; x_wconf 82' lang='lat' dir='ltr'>incerta</span> <span class='ocrx_word' id='word_1_47' title='bbox 1393 657 1543 702; x_wconf 90' lang='lat' dir='ltr'>dicunt,</span> <span class='ocrx_word' id='word_1_48' title='bbox 1564 666 1620 702; x_wconf 91' lang='lat' dir='ltr'>ut,</span> <span class='ocrx_word' id='word_1_49' title='bbox 1654 657 1779 694; x_wconf 84' lang='lat' dir='ltr'>stella-</span> 
     </span>
     <span class='ocr_line' id='line_1_7' title="bbox 381 721 1780 775; baseline -0.001 -13"><span class='ocrx_word' id='word_1_50' title='bbox 381 737 469 762; x_wconf 89' lang='lat' dir='ltr'>rum</span> <span class='ocrx_word' id='word_1_51' title='bbox 490 736 672 761; x_wconf 88' lang='lat' dir='ltr'>numerus</span> <span class='ocrx_word' id='word_1_52' title='bbox 692 736 757 775; x_wconf 85' lang='lat' dir='ltr'>par</span> <span class='ocrx_word' id='word_1_53' title='bbox 776 736 823 761; x_wconf 90' lang='lat' dir='ltr'>an</span> <span class='ocrx_word' id='word_1_54' title='bbox 843 723 968 775; x_wconf 85' lang='lat' dir='ltr'>impar</span> <span class='ocrx_word' id='word_1_55' title='bbox 986 723 1044 768; x_wconf 88' lang='lat' dir='ltr'>fit,</span> <span class='ocrx_word' id='word_1_56' title='bbox 1077 721 1255 767; x_wconf 87' lang='lat' dir='ltr'>nescitur,</span> <span class='ocrx_word' id='word_1_57' title='bbox 1277 722 1378 775; x_wconf 86' lang='lat' dir='ltr'>quafi</span> <span class='ocrx_word' id='word_1_58' title='bbox 1400 722 1611 775; x_wconf 88' lang='lat' dir='ltr'>desperatos</span> <span class='ocrx_word' id='word_1_59' title='bbox 1631 722 1780 774; x_wconf 87' lang='lat' dir='ltr'>aliquos</span> 
     </span>
     <span class='ocr_line' id='line_1_8' title="bbox 380 787 1780 842; baseline -0.001 -15"><span class='ocrx_word' id='word_1_60' title='bbox 380 789 657 842; x_wconf 84' lang='lat' dir='ltr'>relinquamus.</span> <span class='ocrx_word' id='word_1_61' title='bbox 688 788 838 826; x_wconf 92' lang='lat' dir='ltr'>Volunt</span> <span class='ocrx_word' id='word_1_62' title='bbox 855 789 960 827; x_wconf 89' lang='lat' dir='ltr'>enim</span> <span class='ocrx_word' id='word_1_63' title='bbox 987 789 1042 841; x_wconf 93' lang='lat' dir='ltr'>(et</span> <span class='ocrx_word' id='word_1_64' title='bbox 1059 787 1135 826; x_wconf 87' lang='lat' dir='ltr'>hoc</span> <span class='ocrx_word' id='word_1_65' title='bbox 1155 788 1314 840; x_wconf 87' lang='lat' dir='ltr'>quidem</span> <span class='ocrx_word' id='word_1_66' title='bbox 1336 787 1396 826; x_wconf 93' lang='lat' dir='ltr'>vel</span> <span class='ocrx_word' id='word_1_67' title='bbox 1417 789 1586 827; x_wconf 86' lang='lat' dir='ltr'>maxime</span> <span class='ocrx_word' id='word_1_68' title='bbox 1605 788 1780 826; x_wconf 85' lang='lat' dir='ltr'>animad-</span> 
     </span>
     <span class='ocr_line' id='line_1_9' title="bbox 380 853 1779 907; baseline -0.001 -13"><span class='ocrx_word' id='word_1_69' title='bbox 380 856 575 894; x_wconf 80' lang='lat' dir='ltr'>vertebam</span> <span class='ocrx_word' id='word_1_70' title='bbox 595 868 662 893; x_wconf 84' lang='lat' dir='ltr'>vos</span> <span class='ocrx_word' id='word_1_71' title='bbox 684 854 847 906; x_wconf 90' lang='lat' dir='ltr'>moveri)</span> <span class='ocrx_word' id='word_1_72' title='bbox 881 854 1078 907; x_wconf 87' lang='lat' dir='ltr'>probabile</span> <span class='ocrx_word' id='word_1_73' title='bbox 1107 854 1254 906; x_wconf 90' lang='lat' dir='ltr'>aliquid</span> <span class='ocrx_word' id='word_1_74' title='bbox 1273 853 1343 891; x_wconf 83' lang='lat' dir='ltr'>effe</span> <span class='ocrx_word' id='word_1_75' title='bbox 1373 863 1412 891; x_wconf 92' lang='lat' dir='ltr'>et</span> <span class='ocrx_word' id='word_1_76' title='bbox 1439 854 1542 906; x_wconf 76' lang='lat' dir='ltr'>quasi</span> <span class='ocrx_word' id='word_1_77' title='bbox 1563 854 1779 898; x_wconf 84' lang='lat' dir='ltr'>verifimile,</span> 
     </span>
     <span class='ocr_line' id='line_1_10' title="bbox 381 918 1780 973; baseline 0 -16"><span class='ocrx_word' id='word_1_78' title='bbox 381 933 500 973; x_wconf 82' lang='lat' dir='ltr'>eaque</span> <span class='ocrx_word' id='word_1_79' title='bbox 519 920 554 959; x_wconf 91' lang='lat' dir='ltr'>se</span> <span class='ocrx_word' id='word_1_80' title='bbox 575 920 634 958; x_wconf 91' lang='lat' dir='ltr'>uti</span> <span class='ocrx_word' id='word_1_81' title='bbox 664 918 794 972; x_wconf 84' lang='lat' dir='ltr'>regula</span> <span class='ocrx_word' id='word_1_82' title='bbox 821 928 858 957; x_wconf 91' lang='lat' dir='ltr'>et</span> <span class='ocrx_word' id='word_1_83' title='bbox 888 919 928 957; x_wconf 91' lang='lat' dir='ltr'>in</span> <span class='ocrx_word' id='word_1_84' title='bbox 956 919 1100 972; x_wconf 89' lang='lat' dir='ltr'>agenda</span> <span class='ocrx_word' id='word_1_85' title='bbox 1118 919 1208 964; x_wconf 80' lang='lat' dir='ltr'>vita,</span> <span class='ocrx_word' id='word_1_86' title='bbox 1238 927 1276 956; x_wconf 91' lang='lat' dir='ltr'>et</span> <span class='ocrx_word' id='word_1_87' title='bbox 1308 919 1349 956; x_wconf 90' lang='lat' dir='ltr'>in</span> <span class='ocrx_word' id='word_1_88' title='bbox 1383 919 1586 971; x_wconf 83' lang='lat' dir='ltr'>quaerendo</span> <span class='ocrx_word' id='word_1_89' title='bbox 1606 932 1648 957; x_wconf 89' lang='lat' dir='ltr'>ac</span> <span class='ocrx_word' id='word_1_90' title='bbox 1669 919 1780 958; x_wconf 84' lang='lat' dir='ltr'>diffe-</span> 
     </span>
     <span class='ocr_line' id='line_1_11' title="bbox 382 986 512 1024; baseline 0.008 -1"><span class='ocrx_word' id='word_1_91' title='bbox 382 986 512 1024; x_wconf 87' lang='lat' dir='ltr'>rendo.</span> 
     </span>
    </p>

    <p class='ocr_par' dir='ltr' id='par_1_3' title="bbox 382 1049 1789 2358">
     <span class='ocr_line' id='line_1_12' title="bbox 437 1049 1780 1103; baseline -0.001 -14"><span class='ocrx_word' id='word_1_92' title='bbox 437 1052 510 1089; x_wconf 91' lang='lat' dir='ltr'>XI.</span> <span class='ocrx_word' id='word_1_93' title='bbox 545 1052 643 1102; x_wconf 83' lang='lat' dir='ltr'>Qae</span> <span class='ocrx_word' id='word_1_94' title='bbox 664 1050 731 1088; x_wconf 83' lang='lat' dir='ltr'>ista</span> <span class='ocrx_word' id='word_1_95' title='bbox 755 1050 886 1103; x_wconf 79' lang='lat' dir='ltr'>regula</span> <span class='ocrx_word' id='word_1_96' title='bbox 905 1050 958 1088; x_wconf 92' lang='lat' dir='ltr'>est</span> <span class='ocrx_word' id='word_1_97' title='bbox 976 1050 1055 1088; x_wconf 90' lang='lat' dir='ltr'>veri</span> <span class='ocrx_word' id='word_1_98' title='bbox 1074 1058 1112 1088; x_wconf 90' lang='lat' dir='ltr'>et</span> <span class='ocrx_word' id='word_1_99' title='bbox 1131 1049 1227 1094; x_wconf 86' lang='lat' dir='ltr'>falfi,</span> <span class='ocrx_word' id='word_1_100' title='bbox 1259 1049 1284 1087; x_wconf 88' lang='lat' dir='ltr'>fi</span> <span class='ocrx_word' id='word_1_101' title='bbox 1306 1050 1506 1088; x_wconf 90' lang='lat' dir='ltr'>notionem</span> <span class='ocrx_word' id='word_1_102' title='bbox 1534 1050 1613 1088; x_wconf 86' lang='lat' dir='ltr'>veri</span> <span class='ocrx_word' id='word_1_103' title='bbox 1629 1059 1667 1088; x_wconf 88' lang='lat' dir='ltr'>et</span> <span class='ocrx_word' id='word_1_104' title='bbox 1686 1049 1780 1095; x_wconf 79' lang='lat' dir='ltr'>falfi,</span> 
     </span>
     <span class='ocr_line' id='line_1_13' title="bbox 382 1103 1787 1171; baseline -0.001 -15"><span class='ocrx_word' id='word_1_105' title='bbox 382 1127 578 1171; x_wconf 88' lang='lat' dir='ltr'>propterea</span> <span class='ocrx_word' id='word_1_106' title='bbox 590 1117 694 1169; x_wconf 90' lang='lat' dir='ltr'>quod</span> <span class='ocrx_word' id='word_1_107' title='bbox 714 1130 755 1154; x_wconf 90' lang='lat' dir='ltr'>ea</span> <span class='ocrx_word' id='word_1_108' title='bbox 770 1131 846 1155; x_wconf 86' lang='lat' dir='ltr'>non</span> <span class='ocrx_word' id='word_1_109' title='bbox 863 1116 1015 1170; x_wconf 86' lang='lat' dir='ltr'>poffunt</span> <span class='ocrx_word' id='word_1_110' title='bbox 1030 1115 1249 1161; x_wconf 88' lang='lat' dir='ltr'>internosci,</span> <span class='ocrx_word' id='word_1_111' title='bbox 1264 1116 1412 1155; x_wconf 88' lang='lat' dir='ltr'>nullam</span> <span class='ocrx_word' id='word_1_112' title='bbox 1427 1115 1638 1155; x_wconf 85' lang='lat' dir='ltr'>habemus?</span> <span class='ocrx_word' id='word_1_113' title='bbox 1661 1103 1787 1160; x_wconf 72' lang='lat' dir='ltr'>Nam,</span> 
     </span>
     <span class='ocr_line' id='line_1_14' title="bbox 383 1181 1782 1235; baseline -0.001 -14"><span class='ocrx_word' id='word_1_114' title='bbox 383 1183 410 1221; x_wconf 89' lang='lat' dir='ltr'><strong>fi</strong></span> <span class='ocrx_word' id='word_1_115' title='bbox 429 1181 628 1227; x_wconf 85' lang='lat' dir='ltr'>habemus,</span> <span class='ocrx_word' id='word_1_116' title='bbox 650 1182 820 1220; x_wconf 72' lang='lat' dir='ltr'>interesse</span> <span class='ocrx_word' id='word_1_117' title='bbox 840 1191 1005 1235; x_wconf 87' lang='lat' dir='ltr'>oportet,</span> <span class='ocrx_word' id='word_1_118' title='bbox 1037 1190 1080 1219; x_wconf 89' lang='lat' dir='ltr'>ut</span> <span class='ocrx_word' id='word_1_119' title='bbox 1099 1182 1198 1220; x_wconf 89' lang='lat' dir='ltr'>inter</span> <span class='ocrx_word' id='word_1_120' title='bbox 1216 1183 1364 1219; x_wconf 67' lang='lat' dir='ltr'>testum</span> <span class='ocrx_word' id='word_1_121' title='bbox 1385 1191 1423 1220; x_wconf 88' lang='lat' dir='ltr'>et</span> <span class='ocrx_word' id='word_1_122' title='bbox 1441 1195 1617 1235; x_wconf 79' lang='lat' dir='ltr'>pravum,</span> <span class='ocrx_word' id='word_1_123' title='bbox 1651 1182 1700 1220; x_wconf 80' lang='lat' dir='ltr'>sle</span> <span class='ocrx_word' id='word_1_124' title='bbox 1720 1182 1782 1219; x_wconf 83' lang='lat' dir='ltr'>in·</span> 
     </span>
     <span class='ocr_line' id='line_1_15' title="bbox 384 1247 1783 1300; baseline -0.001 -13"><span class='ocrx_word' id='word_1_125' title='bbox 384 1258 441 1287; x_wconf 91' lang='lat' dir='ltr'>ter</span> <span class='ocrx_word' id='word_1_126' title='bbox 460 1262 594 1288; x_wconf 88' lang='lat' dir='ltr'>verum</span> <span class='ocrx_word' id='word_1_127' title='bbox 613 1257 651 1286; x_wconf 91' lang='lat' dir='ltr'>et</span> <span class='ocrx_word' id='word_1_128' title='bbox 671 1248 823 1286; x_wconf 86' lang='lat' dir='ltr'>falsum.</span> <span class='ocrx_word' id='word_1_129' title='bbox 862 1249 900 1286; x_wconf 88' lang='lat' dir='ltr'>Si</span> <span class='ocrx_word' id='word_1_130' title='bbox 920 1247 1019 1286; x_wconf 88' lang='lat' dir='ltr'>nihil</span> <span class='ocrx_word' id='word_1_131' title='bbox 1040 1247 1206 1293; x_wconf 88' lang='lat' dir='ltr'>interest,</span> <span class='ocrx_word' id='word_1_132' title='bbox 1228 1247 1335 1286; x_wconf 83' lang='lat' dir='ltr'>nulla</span> <span class='ocrx_word' id='word_1_133' title='bbox 1354 1248 1483 1300; x_wconf 86' lang='lat' dir='ltr'>regula</span> <span class='ocrx_word' id='word_1_134' title='bbox 1512 1248 1588 1292; x_wconf 71' lang='lat' dir='ltr'>est,</span> <span class='ocrx_word' id='word_1_135' title='bbox 1621 1261 1691 1286; x_wconf 90' lang='lat' dir='ltr'>nec</span> <span class='ocrx_word' id='word_1_136' title='bbox 1712 1261 1783 1300; x_wconf 91' lang='lat' dir='ltr'>po-</span> 
     </span>
     <span class='ocr_line' id='line_1_16' title="bbox 384 1312 1783 1366; baseline -0.002 -13"><span class='ocrx_word' id='word_1_137' title='bbox 384 1314 454 1353; x_wconf 89' lang='lat' dir='ltr'>test</span> <span class='ocrx_word' id='word_1_138' title='bbox 473 1315 518 1359; x_wconf 89' lang='lat' dir='ltr'>is,</span> <span class='ocrx_word' id='word_1_139' title='bbox 549 1315 615 1353; x_wconf 89' lang='lat' dir='ltr'>cui</span> <span class='ocrx_word' id='word_1_140' title='bbox 645 1314 698 1352; x_wconf 90' lang='lat' dir='ltr'>est</span> <span class='ocrx_word' id='word_1_141' title='bbox 717 1314 808 1352; x_wconf 86' lang='lat' dir='ltr'>vifio</span> <span class='ocrx_word' id='word_1_142' title='bbox 828 1314 905 1352; x_wconf 92' lang='lat' dir='ltr'>veri</span> <span class='ocrx_word' id='word_1_143' title='bbox 924 1312 1082 1366; x_wconf 74' lang='lat' dir='ltr'>falsique</span> <span class='ocrx_word' id='word_1_144' title='bbox 1101 1314 1338 1359; x_wconf 88' lang='lat' dir='ltr'>communis,</span> <span class='ocrx_word' id='word_1_145' title='bbox 1373 1313 1500 1352; x_wconf 90' lang='lat' dir='ltr'>ullum</span> <span class='ocrx_word' id='word_1_146' title='bbox 1519 1313 1658 1352; x_wconf 87' lang='lat' dir='ltr'>habere</span> <span class='ocrx_word' id='word_1_147' title='bbox 1675 1313 1783 1366; x_wconf 88' lang='lat' dir='ltr'>judi-</span> 
     </span>
     <span class='ocr_line' id='line_1_17' title="bbox 385 1379 1782 1424; baseline 0 -7"><span class='ocrx_word' id='word_1_148' title='bbox 385 1380 506 1424; x_wconf 88' lang='lat' dir='ltr'>cium,</span> <span class='ocrx_word' id='word_1_149' title='bbox 536 1389 602 1417; x_wconf 89' lang='lat' dir='ltr'>aut</span> <span class='ocrx_word' id='word_1_150' title='bbox 633 1380 754 1417; x_wconf 84' lang='lat' dir='ltr'>ullam</span> <span class='ocrx_word' id='word_1_151' title='bbox 787 1379 948 1417; x_wconf 88' lang='lat' dir='ltr'>omnino</span> <span class='ocrx_word' id='word_1_152' title='bbox 977 1379 1144 1417; x_wconf 82' lang='lat' dir='ltr'>veritatis</span> <span class='ocrx_word' id='word_1_153' title='bbox 1171 1387 1317 1417; x_wconf 85' lang='lat' dir='ltr'>notam.</span> <span class='ocrx_word' id='word_1_154' title='bbox 1368 1379 1489 1424; x_wconf 87' lang='lat' dir='ltr'>Nam,</span> <span class='ocrx_word' id='word_1_155' title='bbox 1520 1393 1612 1417; x_wconf 90' lang='lat' dir='ltr'>cum</span> <span class='ocrx_word' id='word_1_156' title='bbox 1632 1379 1782 1423; x_wconf 88' lang='lat' dir='ltr'>dicunt,</span> 
     </span>
     <span class='ocr_line' id='line_1_18' title="bbox 386 1443 1784 1496; baseline 0.001 -14"><span class='ocrx_word' id='word_1_157' title='bbox 386 1444 461 1483; x_wconf 93' lang='lat' dir='ltr'>hoc</span> <span class='ocrx_word' id='word_1_158' title='bbox 482 1445 517 1482; x_wconf 89' lang='lat' dir='ltr'>se</span> <span class='ocrx_word' id='word_1_159' title='bbox 552 1458 676 1483; x_wconf 92' lang='lat' dir='ltr'>unum</span> <span class='ocrx_word' id='word_1_160' title='bbox 709 1444 853 1488; x_wconf 91' lang='lat' dir='ltr'>tollere,</span> <span class='ocrx_word' id='word_1_161' title='bbox 885 1453 927 1482; x_wconf 90' lang='lat' dir='ltr'>ut</span> <span class='ocrx_word' id='word_1_162' title='bbox 960 1444 1173 1496; x_wconf 88' lang='lat' dir='ltr'>quidquam</span> <span class='ocrx_word' id='word_1_163' title='bbox 1194 1443 1305 1496; x_wconf 85' lang='lat' dir='ltr'>poffit</span> <span class='ocrx_word' id='word_1_164' title='bbox 1324 1445 1377 1482; x_wconf 86' lang='lat' dir='ltr'>ita</span> <span class='ocrx_word' id='word_1_165' title='bbox 1395 1444 1528 1489; x_wconf 87' lang='lat' dir='ltr'>videri,</span> <span class='ocrx_word' id='word_1_166' title='bbox 1559 1453 1603 1482; x_wconf 85' lang='lat' dir='ltr'>ut</span> <span class='ocrx_word' id='word_1_167' title='bbox 1622 1458 1698 1483; x_wconf 88' lang='lat' dir='ltr'>non</span> <span class='ocrx_word' id='word_1_168' title='bbox 1716 1458 1784 1483; x_wconf 87' lang='lat' dir='ltr'>eo-</span> 
     </span>
     <span class='ocr_line' id='line_1_19' title="bbox 386 1508 1784 1561; baseline -0.001 -12"><span class='ocrx_word' id='word_1_169' title='bbox 386 1510 476 1549; x_wconf 89' lang='lat' dir='ltr'>dem</span> <span class='ocrx_word' id='word_1_170' title='bbox 507 1510 623 1549; x_wconf 93' lang='lat' dir='ltr'>modo</span> <span class='ocrx_word' id='word_1_171' title='bbox 652 1508 791 1547; x_wconf 82' lang='lat' dir='ltr'>falsum</span> <span class='ocrx_word' id='word_1_172' title='bbox 821 1510 935 1548; x_wconf 90' lang='lat' dir='ltr'>etiam</span> <span class='ocrx_word' id='word_1_173' title='bbox 957 1508 1068 1561; x_wconf 88' lang='lat' dir='ltr'>poffit</span> <span class='ocrx_word' id='word_1_174' title='bbox 1101 1509 1154 1546; x_wconf 89' lang='lat' dir='ltr'>ita</span> <span class='ocrx_word' id='word_1_175' title='bbox 1178 1509 1313 1553; x_wconf 89' lang='lat' dir='ltr'>videri,</span> <span class='ocrx_word' id='word_1_176' title='bbox 1344 1518 1477 1547; x_wconf 81' lang='lat' dir='ltr'>caetera</span> <span class='ocrx_word' id='word_1_177' title='bbox 1496 1519 1625 1548; x_wconf 89' lang='lat' dir='ltr'>autem</span> <span class='ocrx_word' id='word_1_178' title='bbox 1645 1524 1784 1548; x_wconf 87' lang='lat' dir='ltr'>conce-</span> 
     </span>
     <span class='ocr_line' id='line_1_20' title="bbox 387 1575 1784 1629; baseline 0 -14"><span class='ocrx_word' id='word_1_179' title='bbox 387 1577 473 1615; x_wconf 90' lang='lat' dir='ltr'>dere</span> <span class='ocrx_word' id='word_1_180' title='bbox 490 1595 502 1621; x_wconf 66' lang='grc' dir='ltr'><strong><em>ς</em></strong></span> <span class='ocrx_word' id='word_1_181' title='bbox 534 1575 682 1614; x_wconf 89' lang='lat' dir='ltr'>faciunt</span> <span class='ocrx_word' id='word_1_182' title='bbox 701 1576 911 1629; x_wconf 88' lang='lat' dir='ltr'>pueriliter.</span> <span class='ocrx_word' id='word_1_183' title='bbox 972 1577 1063 1628; x_wconf 88' lang='lat' dir='ltr'>Qo</span> <span class='ocrx_word' id='word_1_184' title='bbox 1082 1576 1189 1614; x_wconf 90' lang='lat' dir='ltr'>enim</span> <span class='ocrx_word' id='word_1_185' title='bbox 1203 1576 1340 1614; x_wconf 85' lang='lat' dir='ltr'>omnia</span> <span class='ocrx_word' id='word_1_186' title='bbox 1354 1576 1592 1628; x_wconf 89' lang='lat' dir='ltr'>judicantur,</span> <span class='ocrx_word' id='word_1_187' title='bbox 1623 1577 1784 1622; x_wconf 88' lang='lat' dir='ltr'>sublato,</span> 
     </span>
     <span class='ocr_line' id='line_1_21' title="bbox 387 1642 1786 1696; baseline 0 -15"><span class='ocrx_word' id='word_1_188' title='bbox 387 1643 534 1696; x_wconf 88' lang='lat' dir='ltr'>reliqua</span> <span class='ocrx_word' id='word_1_189' title='bbox 552 1642 587 1680; x_wconf 90' lang='lat' dir='ltr'>se</span> <span class='ocrx_word' id='word_1_190' title='bbox 612 1651 754 1695; x_wconf 87' lang='lat' dir='ltr'>negant</span> <span class='ocrx_word' id='word_1_191' title='bbox 775 1642 907 1680; x_wconf 91' lang='lat' dir='ltr'>tollere</span> <span class='ocrx_word' id='word_1_192' title='bbox 922 1660 934 1687; x_wconf 65' lang='grc' dir='ltr'><strong><em>ς</em></strong></span> <span class='ocrx_word' id='word_1_193' title='bbox 967 1651 1023 1686; x_wconf 92' lang='lat' dir='ltr'>ut,</span> <span class='ocrx_word' id='word_1_194' title='bbox 1045 1642 1071 1680; x_wconf 91' lang='lat' dir='ltr'>fi</span> <span class='ocrx_word' id='word_1_195' title='bbox 1092 1642 1181 1694; x_wconf 75' lang='lat' dir='ltr'>quis</span> <span class='ocrx_word' id='word_1_196' title='bbox 1199 1655 1317 1694; x_wconf 88' lang='lat' dir='ltr'>quem</span> <span class='ocrx_word' id='word_1_197' title='bbox 1337 1643 1459 1680; x_wconf 83' lang='lat' dir='ltr'>oculis</span> <span class='ocrx_word' id='word_1_198' title='bbox 1480 1643 1696 1696; x_wconf 85' lang='lat' dir='ltr'>privaverit,</span> <span class='ocrx_word' id='word_1_199' title='bbox 1723 1643 1786 1681; x_wconf 92' lang='lat' dir='ltr'>di-</span> 
     </span>
     <span class='ocr_line' id='line_1_22' title="bbox 386 1708 1788 1762; baseline 0 -15"><span class='ocrx_word' id='word_1_200' title='bbox 386 1718 459 1754; x_wconf 89' lang='lat' dir='ltr'>cat,</span> <span class='ocrx_word' id='word_1_201' title='bbox 490 1723 545 1755; x_wconf 86' lang='lat' dir='ltr'>ea,</span> <span class='ocrx_word' id='word_1_202' title='bbox 576 1722 661 1761; x_wconf 85' lang='lat' dir='ltr'>quae</span> <span class='ocrx_word' id='word_1_203' title='bbox 690 1709 793 1747; x_wconf 89' lang='lat' dir='ltr'>cerni</span> <span class='ocrx_word' id='word_1_204' title='bbox 827 1709 987 1762; x_wconf 74' lang='lat' dir='ltr'>possent,</span> <span class='ocrx_word' id='word_1_205' title='bbox 1019 1722 1096 1747; x_wconf 90' lang='lat' dir='ltr'>non</span> <span class='ocrx_word' id='word_1_206' title='bbox 1129 1708 1166 1747; x_wconf 90' lang='lat' dir='ltr'>se</span> <span class='ocrx_word' id='word_1_207' title='bbox 1196 1709 1231 1746; x_wconf 86' lang='lat' dir='ltr'>ei</span> <span class='ocrx_word' id='word_1_208' title='bbox 1261 1709 1451 1747; x_wconf 75' lang='lat' dir='ltr'>ademisse.</span> <span class='ocrx_word' id='word_1_209' title='bbox 1512 1711 1569 1748; x_wconf 89' lang='lat' dir='ltr'>Ut</span> <span class='ocrx_word' id='word_1_210' title='bbox 1587 1710 1693 1748; x_wconf 91' lang='lat' dir='ltr'>enim</span> <span class='ocrx_word' id='word_1_211' title='bbox 1721 1709 1788 1748; x_wconf 90' lang='lat' dir='ltr'>illa</span> 
     </span>
     <span class='ocr_line' id='line_1_23' title="bbox 385 1775 1786 1829; baseline -0.001 -15"><span class='ocrx_word' id='word_1_212' title='bbox 385 1776 508 1814; x_wconf 86' lang='lat' dir='ltr'>oculis</span> <span class='ocrx_word' id='word_1_213' title='bbox 542 1776 660 1814; x_wconf 90' lang='lat' dir='ltr'>modo</span> <span class='ocrx_word' id='word_1_214' title='bbox 694 1775 989 1828; x_wconf 89' lang='lat' dir='ltr'>cognoscuntur,</span> <span class='ocrx_word' id='word_1_215' title='bbox 1021 1775 1070 1813; x_wconf 89' lang='lat' dir='ltr'>fic</span> <span class='ocrx_word' id='word_1_216' title='bbox 1100 1775 1245 1827; x_wconf 88' lang='lat' dir='ltr'>reliqua</span> <span class='ocrx_word' id='word_1_217' title='bbox 1275 1775 1360 1813; x_wconf 85' lang='lat' dir='ltr'>vifis</span> <span class='ocrx_word' id='word_1_218' title='bbox 1376 1793 1388 1820; x_wconf 80' lang='lat'>3</span> <span class='ocrx_word' id='word_1_219' title='bbox 1420 1775 1481 1814; x_wconf 88' lang='lat' dir='ltr'>sed</span> <span class='ocrx_word' id='word_1_220' title='bbox 1510 1776 1664 1829; x_wconf 56' lang='lat' dir='ltr'>propria</span> <span class='ocrx_word' id='word_1_221' title='bbox 1694 1777 1786 1821; x_wconf 86' lang='lat' dir='ltr'>veri,</span> 
     </span>
     <span class='ocr_line' id='line_1_24' title="bbox 386 1841 1786 1895; baseline -0.001 -14"><span class='ocrx_word' id='word_1_222' title='bbox 386 1856 464 1881; x_wconf 91' lang='lat' dir='ltr'>non</span> <span class='ocrx_word' id='word_1_223' title='bbox 485 1842 688 1881; x_wconf 89' lang='lat' dir='ltr'>communi</span> <span class='ocrx_word' id='word_1_224' title='bbox 707 1842 786 1879; x_wconf 89' lang='lat' dir='ltr'>veri</span> <span class='ocrx_word' id='word_1_225' title='bbox 805 1851 844 1880; x_wconf 90' lang='lat' dir='ltr'>et</span> <span class='ocrx_word' id='word_1_226' title='bbox 863 1841 942 1880; x_wconf 85' lang='lat' dir='ltr'>falfi</span> <span class='ocrx_word' id='word_1_227' title='bbox 973 1842 1075 1880; x_wconf 67' lang='lat' dir='ltr'>nota.</span> <span class='ocrx_word' id='word_1_228' title='bbox 1123 1842 1404 1895; x_wconf 60' lang='lat' dir='ltr'>Qamobreng,</span> <span class='ocrx_word' id='word_1_229' title='bbox 1436 1842 1509 1879; x_wconf 89' lang='lat' dir='ltr'>five</span> <span class='ocrx_word' id='word_1_230' title='bbox 1531 1851 1573 1880; x_wconf 86' lang='lat' dir='ltr'>tu</span> <span class='ocrx_word' id='word_1_231' title='bbox 1602 1842 1786 1895; x_wconf 84' lang='lat' dir='ltr'>probabi-</span> 
     </span>
     <span class='ocr_line' id='line_1_25' title="bbox 387 1908 1789 1961; baseline -0.001 -14"><span class='ocrx_word' id='word_1_232' title='bbox 387 1909 465 1948; x_wconf 89' lang='lat' dir='ltr'>lem</span> <span class='ocrx_word' id='word_1_233' title='bbox 495 1908 692 1953; x_wconf 85' lang='lat' dir='ltr'>vifionem,</span> <span class='ocrx_word' id='word_1_234' title='bbox 730 1908 802 1946; x_wconf 88' lang='lat' dir='ltr'>five</span> <span class='ocrx_word' id='word_1_235' title='bbox 836 1908 1136 1961; x_wconf 79' lang='lat' dir='ltr'>improbabilem</span> <span class='ocrx_word' id='word_1_236' title='bbox 1170 1917 1207 1946; x_wconf 91' lang='lat' dir='ltr'>et</span> <span class='ocrx_word' id='word_1_237' title='bbox 1241 1921 1326 1960; x_wconf 86' lang='lat' dir='ltr'>quae</span> <span class='ocrx_word' id='word_1_238' title='bbox 1352 1921 1429 1946; x_wconf 89' lang='lat' dir='ltr'>non</span> <span class='ocrx_word' id='word_1_239' title='bbox 1463 1909 1708 1961; x_wconf 86' lang='lat' dir='ltr'>impediatur,</span> <span class='ocrx_word' id='word_1_240' title='bbox 1744 1918 1789 1947; x_wconf 92' lang='lat' dir='ltr'>ut</span> 
     </span>
     <span class='ocr_line' id='line_1_26' title="bbox 389 1972 1788 2027; baseline -0.001 -14"><span class='ocrx_word' id='word_1_241' title='bbox 389 1974 599 2014; x_wconf 88' lang='lat' dir='ltr'>Carneades</span> <span class='ocrx_word' id='word_1_242' title='bbox 630 1974 794 2019; x_wconf 87' lang='lat' dir='ltr'>volebat,</span> <span class='ocrx_word' id='word_1_243' title='bbox 825 1974 897 2012; x_wconf 85' lang='lat' dir='ltr'>five</span> <span class='ocrx_word' id='word_1_244' title='bbox 931 1973 1034 2012; x_wconf 87' lang='lat' dir='ltr'>aliud</span> <span class='ocrx_word' id='word_1_245' title='bbox 1065 1974 1159 2026; x_wconf 90' lang='lat' dir='ltr'>quid</span> <span class='ocrx_word' id='word_1_246' title='bbox 1190 1972 1371 2027; x_wconf 80' lang='lat' dir='ltr'>profereS,</span> <span class='ocrx_word' id='word_1_247' title='bbox 1403 1974 1507 2026; x_wconf 89' lang='lat' dir='ltr'>quod</span> <span class='ocrx_word' id='word_1_248' title='bbox 1533 1974 1710 2027; x_wconf 72' lang='lat' dir='ltr'>sequare,</span> <span class='ocrx_word' id='word_1_249' title='bbox 1742 1974 1788 2013; x_wconf 91' lang='lat' dir='ltr'>ad</span> 
     </span>
     <span class='ocr_line' id='line_1_27' title="bbox 388 2040 1787 2093; baseline -0.001 -14"><span class='ocrx_word' id='word_1_250' title='bbox 388 2040 510 2079; x_wconf 87' lang='lat' dir='ltr'>visum</span> <span class='ocrx_word' id='word_1_251' title='bbox 530 2040 643 2085; x_wconf 80' lang='lat' dir='ltr'>illud,</span> <span class='ocrx_word' id='word_1_252' title='bbox 675 2040 720 2078; x_wconf 91' lang='lat' dir='ltr'>de</span> <span class='ocrx_word' id='word_1_253' title='bbox 740 2054 818 2093; x_wconf 89' lang='lat' dir='ltr'>quo</span> <span class='ocrx_word' id='word_1_254' title='bbox 837 2040 1001 2093; x_wconf 83' lang='lat' dir='ltr'>agimus,</span> <span class='ocrx_word' id='word_1_255' title='bbox 1022 2040 1093 2078; x_wconf 84' lang='lat' dir='ltr'>tibi</span> <span class='ocrx_word' id='word_1_256' title='bbox 1112 2040 1183 2079; x_wconf 87' lang='lat' dir='ltr'>erit</span> <span class='ocrx_word' id='word_1_257' title='bbox 1203 2042 1484 2079; x_wconf 87' lang='lat' dir='ltr'>revertendum.</span> <span class='ocrx_word' id='word_1_258' title='bbox 1518 2041 1563 2079; x_wconf 89' lang='lat' dir='ltr'>In</span> <span class='ocrx_word' id='word_1_259' title='bbox 1584 2054 1628 2079; x_wconf 92' lang='lat' dir='ltr'>eo</span> <span class='ocrx_word' id='word_1_260' title='bbox 1644 2049 1787 2086; x_wconf 89' lang='lat' dir='ltr'>autem,</span> 
     </span>
     <span class='ocr_line' id='line_1_28' title="bbox 389 2105 1787 2159; baseline -0.001 -14"><span class='ocrx_word' id='word_1_261' title='bbox 389 2107 413 2145; x_wconf 77' lang='lat' dir='ltr'>si</span> <span class='ocrx_word' id='word_1_262' title='bbox 434 2107 505 2145; x_wconf 89' lang='lat' dir='ltr'>erit</span> <span class='ocrx_word' id='word_1_263' title='bbox 525 2107 784 2144; x_wconf 88' lang='lat' dir='ltr'>communitas</span> <span class='ocrx_word' id='word_1_264' title='bbox 804 2120 895 2144; x_wconf 87' lang='lat' dir='ltr'>cum</span> <span class='ocrx_word' id='word_1_265' title='bbox 916 2105 1024 2151; x_wconf 82' lang='lat' dir='ltr'>falso,</span> <span class='ocrx_word' id='word_1_266' title='bbox 1058 2105 1213 2144; x_wconf 87' lang='lat' dir='ltr'>nullum</span> <span class='ocrx_word' id='word_1_267' title='bbox 1239 2107 1310 2144; x_wconf 87' lang='lat' dir='ltr'>erit</span> <span class='ocrx_word' id='word_1_268' title='bbox 1333 2105 1545 2158; x_wconf 86' lang='lat' dir='ltr'>judicium,</span> <span class='ocrx_word' id='word_1_269' title='bbox 1578 2106 1668 2158; x_wconf 88' lang='lat' dir='ltr'>quia</span> <span class='ocrx_word' id='word_1_270' title='bbox 1696 2120 1787 2159; x_wconf 89' lang='lat' dir='ltr'>pro-</span> 
     </span>
     <span class='ocr_line' id='line_1_29' title="bbox 387 2173 1789 2227; baseline -0.001 -16"><span class='ocrx_word' id='word_1_271' title='bbox 387 2173 517 2227; x_wconf 88' lang='lat' dir='ltr'>prium</span> <span class='ocrx_word' id='word_1_272' title='bbox 538 2173 579 2210; x_wconf 86' lang='lat' dir='ltr'>in</span> <span class='ocrx_word' id='word_1_273' title='bbox 599 2173 802 2212; x_wconf 88' lang='lat' dir='ltr'>communi</span> <span class='ocrx_word' id='word_1_274' title='bbox 823 2173 928 2225; x_wconf 72' lang='lat' dir='ltr'>signo</span> <span class='ocrx_word' id='word_1_275' title='bbox 949 2173 1069 2211; x_wconf 80' lang='lat' dir='ltr'>notari</span> <span class='ocrx_word' id='word_1_276' title='bbox 1084 2186 1160 2211; x_wconf 88' lang='lat' dir='ltr'>non</span> <span class='ocrx_word' id='word_1_277' title='bbox 1181 2173 1315 2226; x_wconf 90' lang='lat' dir='ltr'>potest.</span> <span class='ocrx_word' id='word_1_278' title='bbox 1346 2173 1410 2210; x_wconf 87' lang='lat' dir='ltr'>Sin</span> <span class='ocrx_word' id='word_1_279' title='bbox 1431 2182 1559 2210; x_wconf 87' lang='lat' dir='ltr'>autem</span> <span class='ocrx_word' id='word_1_280' title='bbox 1578 2185 1789 2210; x_wconf 89' lang='lat' dir='ltr'>commune</span> 
     </span>
     <span class='ocr_line' id='line_1_30' title="bbox 389 2236 1786 2291; baseline 0 -15"><span class='ocrx_word' id='word_1_281' title='bbox 389 2238 488 2277; x_wconf 88' lang='lat' dir='ltr'>nihil</span> <span class='ocrx_word' id='word_1_282' title='bbox 508 2239 593 2283; x_wconf 88' lang='lat' dir='ltr'>erit,</span> <span class='ocrx_word' id='word_1_283' title='bbox 623 2237 758 2283; x_wconf 90' lang='lat' dir='ltr'>habeo,</span> <span class='ocrx_word' id='word_1_284' title='bbox 788 2239 892 2291; x_wconf 89' lang='lat' dir='ltr'>quod</span> <span class='ocrx_word' id='word_1_285' title='bbox 913 2239 1012 2277; x_wconf 77' lang='lat' dir='ltr'>volo.</span> <span class='ocrx_word' id='word_1_286' title='bbox 1060 2239 1104 2277; x_wconf 95' lang='lat' dir='ltr'>Id</span> <span class='ocrx_word' id='word_1_287' title='bbox 1124 2239 1229 2277; x_wconf 90' lang='lat' dir='ltr'>enim</span> <span class='ocrx_word' id='word_1_288' title='bbox 1249 2252 1389 2291; x_wconf 83' lang='lat' dir='ltr'>quaero,</span> <span class='ocrx_word' id='word_1_289' title='bbox 1411 2239 1516 2291; x_wconf 91' lang='lat' dir='ltr'>quod</span> <span class='ocrx_word' id='word_1_290' title='bbox 1536 2239 1588 2276; x_wconf 85' lang='lat' dir='ltr'>ita</span> <span class='ocrx_word' id='word_1_291' title='bbox 1607 2236 1708 2277; x_wconf 82' lang='lat' dir='ltr'>mihi</span> <span class='ocrx_word' id='word_1_292' title='bbox 1727 2237 1786 2275; x_wconf 85' lang='lat' dir='ltr'>vi-</span> 
     </span>
     <span class='ocr_line' id='line_1_31' title="bbox 390 2303 1416 2358; baseline 0 -15"><span class='ocrx_word' id='word_1_293' title='bbox 390 2305 521 2343; x_wconf 92' lang='lat' dir='ltr'>deatur</span> <span class='ocrx_word' id='word_1_294' title='bbox 539 2318 687 2349; x_wconf 91' lang='lat' dir='ltr'>verum,</span> <span class='ocrx_word' id='word_1_295' title='bbox 711 2315 752 2342; x_wconf 87' lang='lat' dir='ltr'>ut</span> <span class='ocrx_word' id='word_1_296' title='bbox 773 2319 848 2343; x_wconf 90' lang='lat' dir='ltr'>non</span> <span class='ocrx_word' id='word_1_297' title='bbox 870 2304 980 2358; x_wconf 85' lang='lat' dir='ltr'>poflit</span> <span class='ocrx_word' id='word_1_298' title='bbox 1001 2304 1104 2343; x_wconf 90' lang='lat' dir='ltr'>idem</span> <span class='ocrx_word' id='word_1_299' title='bbox 1124 2303 1261 2342; x_wconf 79' lang='lat' dir='ltr'>falsum</span> <span class='ocrx_word' id='word_1_300' title='bbox 1282 2304 1416 2343; x_wconf 88' lang='lat' dir='ltr'>videri.</span> 
     </span>
    </p>

    <p class='ocr_par' dir='ltr' id='par_1_4' title="bbox 389 2369 1789 2623">
     <span class='ocr_line' id='line_1_32' title="bbox 446 2369 1786 2418; baseline -0.001 -9"><span class='ocrx_word' id='word_1_301' title='bbox 446 2371 572 2409; x_wconf 86' lang='lat' dir='ltr'>Simili</span> <span class='ocrx_word' id='word_1_302' title='bbox 592 2372 631 2409; x_wconf 91' lang='lat' dir='ltr'>in</span> <span class='ocrx_word' id='word_1_303' title='bbox 653 2385 775 2410; x_wconf 88' lang='lat' dir='ltr'>errore</span> <span class='ocrx_word' id='word_1_304' title='bbox 795 2371 1000 2418; x_wconf 85' lang='lat' dir='ltr'>versantur,</span> <span class='ocrx_word' id='word_1_305' title='bbox 1024 2385 1115 2410; x_wconf 90' lang='lat' dir='ltr'>cum</span> <span class='ocrx_word' id='word_1_306' title='bbox 1137 2372 1316 2416; x_wconf 60' lang='lat' dir='ltr'>convicti,</span> <span class='ocrx_word' id='word_1_307' title='bbox 1339 2385 1381 2409; x_wconf 82' lang='lat' dir='ltr'>ac</span> <span class='ocrx_word' id='word_1_308' title='bbox 1405 2372 1442 2409; x_wconf 85' lang='lat' dir='ltr'>vi</span> <span class='ocrx_word' id='word_1_309' title='bbox 1463 2371 1630 2409; x_wconf 81' lang='lat' dir='ltr'>veritatis</span> <span class='ocrx_word' id='word_1_310' title='bbox 1651 2369 1786 2415; x_wconf 65' lang='lat' dir='ltr'>coacti,</span> 
     </span>
     <span class='ocr_line' id='line_1_33' title="bbox 390 2436 1787 2491; baseline 0 -17"><span class='ocrx_word' id='word_1_311' title='bbox 390 2436 587 2490; x_wconf 87' lang='lat' dir='ltr'>perspicua</span> <span class='ocrx_word' id='word_1_312' title='bbox 605 2451 626 2475; x_wconf 89' lang='lat' dir='ltr'>a</span> <span class='ocrx_word' id='word_1_313' title='bbox 655 2439 843 2491; x_wconf 86' lang='lat' dir='ltr'>perceptis</span> <span class='ocrx_word' id='word_1_314' title='bbox 865 2438 1000 2476; x_wconf 87' lang='lat' dir='ltr'>volunt</span> <span class='ocrx_word' id='word_1_315' title='bbox 1031 2438 1273 2491; x_wconf 87' lang='lat' dir='ltr'>distinguere,</span> <span class='ocrx_word' id='word_1_316' title='bbox 1306 2447 1343 2476; x_wconf 90' lang='lat' dir='ltr'>et</span> <span class='ocrx_word' id='word_1_317' title='bbox 1374 2446 1560 2476; x_wconf 87' lang='lat' dir='ltr'>conantur</span> <span class='ocrx_word' id='word_1_318' title='bbox 1579 2436 1787 2481; x_wconf 78' lang='lat' dir='ltr'>ostendere.</span> 
     </span>
     <span class='ocr_line' id='line_1_34' title="bbox 389 2502 1789 2557; baseline -0.001 -16"><span class='ocrx_word' id='word_1_319' title='bbox 389 2502 460 2541; x_wconf 86' lang='lat' dir='ltr'>esse</span> <span class='ocrx_word' id='word_1_320' title='bbox 490 2502 636 2555; x_wconf 83' lang='lat' dir='ltr'>aliquid</span> <span class='ocrx_word' id='word_1_321' title='bbox 656 2504 857 2557; x_wconf 88' lang='lat' dir='ltr'>perspicui,</span> <span class='ocrx_word' id='word_1_322' title='bbox 889 2503 1020 2543; x_wconf 61' lang='lat' dir='ltr'>versun</span> <span class='ocrx_word' id='word_1_323' title='bbox 1053 2504 1150 2542; x_wconf 91' lang='lat' dir='ltr'>illud</span> <span class='ocrx_word' id='word_1_324' title='bbox 1170 2505 1328 2557; x_wconf 84' lang='lat' dir='ltr'>quidem</span> <span class='ocrx_word' id='word_1_325' title='bbox 1350 2502 1571 2556; x_wconf 79' lang='lat' dir='ltr'>impreffum</span> <span class='ocrx_word' id='word_1_326' title='bbox 1598 2503 1637 2540; x_wconf 90' lang='lat' dir='ltr'>in</span> <span class='ocrx_word' id='word_1_327' title='bbox 1657 2502 1789 2541; x_wconf 83' lang='lat' dir='ltr'>animo</span> 
     </span>
     <span class='ocr_line' id='line_1_35' title="bbox 390 2565 1784 2623; baseline -0.001 -16"><span class='ocrx_word' id='word_1_328' title='bbox 390 2577 505 2621; x_wconf 84' lang='lat' dir='ltr'>atque</span> <span class='ocrx_word' id='word_1_329' title='bbox 537 2578 681 2613; x_wconf 90' lang='lat' dir='ltr'>mente,</span> <span class='ocrx_word' id='word_1_330' title='bbox 713 2583 835 2623; x_wconf 90' lang='lat' dir='ltr'>neque</span> <span class='ocrx_word' id='word_1_331' title='bbox 871 2579 997 2609; x_wconf 83' lang='lat' dir='ltr'>tamen</span> <span class='ocrx_word' id='word_1_332' title='bbox 1034 2570 1071 2608; x_wconf 86' lang='lat' dir='ltr'>id</span> <span class='ocrx_word' id='word_1_333' title='bbox 1102 2571 1247 2623; x_wconf 87' lang='lat' dir='ltr'>percipi</span> <span class='ocrx_word' id='word_1_334' title='bbox 1282 2584 1322 2608; x_wconf 78' lang='lat' dir='ltr'>ac</span> <span class='ocrx_word' id='word_1_335' title='bbox 1356 2565 1631 2622; x_wconf 87' lang='lat' dir='ltr'>comprehendi</span> <span class='ocrx_word' id='word_1_336' title='bbox 1671 2567 1784 2621; x_wconf 81' lang='lat' dir='ltr'>poffe.</span> 
     </span>
    </p>
   </div>
   <div class='ocr_carea' id='block_1_3' title="bbox 491 2634 1487 2673">
    <p class='ocr_par' dir='ltr' id='par_1_5' title="bbox 491 2634 1487 2673">
     <span class='ocr_line' id='line_1_36' title="bbox 491 2634 1487 2673; baseline 0.001 -1"><span class='ocrx_word' id='word_1_337' title='bbox 491 2635 635 2673; x_wconf 83' lang='lat' dir='ltr'>ToM.</span> <span class='ocrx_word' id='word_1_338' title='bbox 669 2634 722 2673; x_wconf 80' lang='grc' dir='ltr'>ΙΙ.</span> <span class='ocrx_word' id='word_1_339' title='bbox 1454 2635 1487 2673; x_wconf 94' lang='lat' dir='ltr'>C</span> 
     </span>
    </p>
   </div>
  </div>
 </body>
</html>
