2330 2983
603 228 680 269 272
908 209 1686 251 TUSCULANARUM

599 314 706 352 alios.
738 312 919 362 Qorum
939 309 1232 348 similitudinem
1263 308 1433 361 aliquam
1459 308 1527 361 qui
1555 309 1767 362 arripuerit,
1799 322 1876 348 non
1907 323 1993 350 mm

597 378 701 418 fama
719 377 907 430 populari,
937 376 999 414 sed
1018 388 1103 413 vera
1128 375 1320 413 bonorum
1351 375 1461 413 laude
1484 375 1659 420 metiens,
1690 375 1825 414 fidenti
1845 377 1991 422 animo,

599 444 625 482 si
646 444 699 481 ita
717 455 774 480 res
789 441 898 487 feret,
929 442 1122 495 gradietur
1148 441 1195 479 ad
1215 450 1408 486 mortem;
1439 441 1480 479 in
1509 455 1584 494 qua
1604 451 1668 479 aut
1697 441 1894 480 summum
1916 442 1990 480 bo-

598 522 708 553 num,
739 517 804 546 aut
835 507 988 546 nullum
1021 507 1171 545 malum
1196 506 1267 545 effe
1285 507 1553 560 cognovimus.
1605 507 1786 546 Secundis
1806 521 1895 546 vero
1915 507 1989 546 suis

597 575 708 613 rebus
727 573 829 612 volet
848 574 964 611 etiam
985 573 1106 618 mori5
1130 586 1207 611 non
1226 574 1332 611 enirn
1354 572 1624 611 tamcumulus
1637 573 1829 612 bonorum
1842 574 1988 626 jucun-

595 639 666 678 dus
686 639 757 678 ess‘e
775 639 910 693 potest,
941 652 1059 692 quam
1079 638 1236 678 molesta
1255 638 1427 677 deceffio.

649 706 765 744 Hanc
786 704 1010 743 sententiam
1029 703 1240 756 fignificare
1259 704 1409 742 videtur
1424 703 1588 742 Laconis
1609 704 1675 742 illa
1689 717 1776 748 vox,
1794 704 1876 756 qui,
1897 717 1988 742 cum

593 770 773 809 Rhodius
794 771 993 822 Diagoras,
1015 770 1309 822 Olympionices
1330 769 1486 813 nobilis,
1503 783 1581 807 uno
1600 769 1661 807 die
1680 769 1775 807 duos
1787 769 1871 807 suos
1887 769 1987 807 filios

593 837 752 874 vistores
771 835 965 888 Olympiae
978 834 1138 879 vidisset,
1154 834 1303 873 acceflit
1318 834 1364 871 ad
1377 833 1519 879 senem,
1533 843 1571 872 et
1589 834 1986 887 gratulatus,Morere,

592 902 778 953 Diagora,
807 901 950 952 inquit,
980 913 1047 937 non
1067 899 1156 938 enim
1175 900 1212 937 in
1245 900 1368 938 caelum
1391 901 1595 952 qstenstaerus
1622 914 1669 938 es.
1729 899 1875 953 Magna
1905 898 1986 938 haec

590 976 630 1004 et
648 967 818 1005 nimium
838 965 985 1004 fortasse
1007 965 1136 1004 Graeci
1153 974 1306 1018 putant,
1335 965 1396 1003 vel
1426 974 1512 1004 tum
1542 966 1672 1018 potius
1689 966 1875 1019 putabant
1891 985 1903 1010 ;
1934 966 1986 1004 is-

590 1047 679 1086 que,
699 1033 768 1085 qui
788 1031 862 1071 hoc
883 1032 1059 1085 Diagorae
1078 1032 1191 1077 dixit,
1211 1045 1468 1085 permagnum
1488 1031 1720 1076 existimans,
1741 1041 1815 1070 tres
1840 1032 1984 1084 Olym-

590 1098 760 1151 pionicas
781 1111 856 1136 una
874 1111 894 1134 e
912 1098 1030 1135 domo
1050 1097 1214 1150 prodire,
1241 1097 1411 1135 cunctari
1425 1097 1540 1135 illum
1565 1097 1709 1136 diutius
1730 1097 1771 1136 in
1790 1098 1880 1142 vita,
1901 1096 1982 1137 for-

589 1172 693 1204 tunae
710 1164 921 1217 objectum,
942 1163 1080 1202 inutile
1099 1163 1257 1216 putabat
1275 1163 1358 1216 ipfi.
1851 1155 1860 1159 ²

633 1231 721 1284 Ego
741 1239 870 1268 autem
891 1229 963 1267 tibi
983 1229 1142 1281 quidem
1163 1229 1268 1281 quod
1287 1229 1374 1267 satis
1392 1228 1494 1274 effet,
1515 1229 1644 1282 paucis
1666 1229 1805 1274 verbis,
1825 1239 1869 1268 ut
1884 1229 1984 1269 mihi

585 1295 753 1340 videbar,
774 1294 1052 1347 responderam.
1097 1294 1337 1333 Concefferas
1357 1295 1477 1339 enim,
1500 1295 1607 1333 nullo
1627 1295 1668 1332 in
1687 1295 1790 1333 malo
1810 1306 1982 1335 mortuos

583 1360 681 1399 ess'e:
714 1361 775 1399 sed
804 1361 855 1399 ob
885 1373 969 1398 eam
989 1359 1138 1398 causam
1159 1360 1355 1404 contendi,
1385 1369 1429 1398 ut
1453 1360 1563 1412 plura
1590 1359 1773 1405 dicerem,
1803 1361 1910 1413 quod
1941 1362 1983 1400 in

584 1427 768 1466 defiderio
788 1436 826 1465 et
847 1427 953 1465 lustu
973 1425 1056 1464 haec
1075 1425 1127 1464 est
1146 1425 1355 1465 consolatio
1378 1426 1561 1464 maxima.
1593 1425 1783 1464 Nostrum
1812 1426 1918 1465 enim
1943 1437 1984 1467 et

584 1491 708 1530 nostrii
737 1491 846 1530 causa
878 1491 1096 1543 susceptum
1124 1491 1299 1529 dolorem
1328 1491 1481 1530 modice
1506 1489 1603 1529 ferre
1631 1491 1830 1536 debemus,
1862 1505 1910 1530 ne
1942 1501 1980 1531 et

583 1557 834 1612 nosmetipsos
863 1569 988 1596 amare
1022 1556 1232 1595 videamur.
1292 1557 1364 1595 Illa
1393 1556 1555 1610 suspicio
1586 1557 1818 1596 intolerabili
1849 1557 1980 1597 dolore

584 1625 743 1669 cruciat,
775 1624 800 1662 s1
821 1623 1025 1677 opinamur
1046 1636 1123 1668 eos,
1153 1622 1296 1675 quibus
1316 1623 1439 1661 orbati
1459 1623 1604 1667 summ,
1634 1622 1705 1661 effe
1734 1636 1828 1661 curn
1847 1623 1980 1676 aliquo

584 1690 691 1729 sensu
710 1691 750 1728 in
772 1691 817 1728 iis
838 1690 964 1734 malis,
995 1690 1137 1741 quibus
1157 1689 1274 1741 vulgo
1292 1689 1512 1742 opinantur.
1558 1689 1672 1727 Hanc
1692 1698 1871 1727 excutere
1888 1690 1976 1743 opi-

582 1756 739 1794 nionem
760 1754 944 1793 mihimet
964 1755 1068 1792 volui
1089 1755 1268 1793 radicitus
1286 1773 1296 1799 3
1328 1768 1448 1807 eoque
1468 1753 1526 1792 fui
1544 1753 1692 1793 fortafl'e
1711 1754 1874 1807 longior.

637 1822 806 1861 XLVII.
838 1823 1067 1860 Aunm-on.
1099 1821 1164 1858 Tu
1185 1820 1366 1873 longior?
1409 1820 1503 1859 Non
1528 1819 1630 1858 mihi
1649 1820 1822 1872 quidem.
1868 1820 1976 1859 Prior

580 1888 686 1926 enim
707 1901 791 1940 pars
811 1887 991 1925 orationis
1013 1896 1086 1924 tuae
1106 1885 1280 1932 faciebat,
1302 1896 1346 1925 ut
1366 1886 1465 1924 mori
1486 1899 1667 1940 cuperem
1684 1903 1696 1930 ς
1719 1886 1910 1939 posterior,
1933 1895 1977 1924 ut

581 1953 699 1992 modo
719 1967 795 1991 non
817 1953 976 1996 nollem,
1003 1952 1119 1990 modo
1140 1965 1215 1989 non
1237 1952 1459 1991 laborarem.
1508 1953 1632 1990 Omni
1656 1962 1784 1991 autem
1805 1954 1975 1991 oratione

580 2018 678 2056 illud
705 2027 806 2056 certe
839 2017 1052 2070 perfectum
1084 2017 1150 2062 est,
1182 2027 1224 2054 ut
1258 2028 1422 2055 mortem
1453 2031 1528 2056 non
1549 2017 1729 2055 ducerem
1769 2018 1807 2055 in
1845 2018 1970 2056 malis.

579 2084 794 2123 MARCUS.
833 2084 943 2122 Num
964 2083 1081 2135 igitur
1100 2083 1215 2120 etiam
1240 2082 1436 2122 rhetorum
1466 2082 1665 2135 epilogum
1689 2082 1972 2121 desideramus?

581 2152 644 2188 An
669 2151 751 2202 jam
783 2148 881 2188 lianc
912 2159 1031 2187 artem
1064 2149 1173 2202 plane
1201 2149 1454 2202 relinquimus
1475 2150 1487 2187 ?
1537 2151 1765 2188 Auum-ok.
1797 2151 1863 2188 Tu
1883 2163 1973 2188 vero

580 2216 688 2254 istam
710 2230 757 2254 ne
779 2216 988 2268 reliqueris,
1019 2229 1135 2268 quam
1157 2215 1302 2268 semper
1321 2215 1454 2254 ornasti
1474 2234 1485 2260 5
1516 2224 1553 2253 et
1573 2216 1732 2268 quidem
1756 2216 1854 2268 jure.
1902 2216 1973 2254 Illa

577 2282 684 2320 enim
707 2291 756 2327 te,
778 2295 908 2320 verum
931 2281 954 2319 si
977 2281 1082 2334 loqui
1106 2282 1297 2326 volumus,
1319 2291 1524 2320 ornaverat.
1558 2282 1629 2320 Sed
1649 2282 1811 2335 quinam
1830 2281 1883 2319 est
1906 2282 1970 2320 iste

577 2347 752 2400 epilogus
772 2348 784 2384 ?
816 2349 923 2386 Aveo
943 2347 1047 2384 enim
1068 2347 1209 2392 audire,
1231 2347 1421 2400 quidquid
1442 2347 1506 2385 cst.

621 2413 833 2451 MARCUS.
864 2414 1036 2452 Deorum
1059 2413 1336 2451 immortalium
1353 2413 1500 2465 judicia
1521 2412 1638 2451 solent
1659 2413 1697 2451 in
1720 2412 1857 2451 scholis
1880 2426 1967 2465 pro-

578 2477 675 2517 fcrre
702 2479 747 2518 de
768 2489 904 2524 morte,
941 2492 1009 2517 nee
1031 2492 1118 2517 vero
1139 2492 1180 2516 ea
1209 2479 1350 2532 fingere
1370 2478 1450 2533 ipsu,
1484 2478 1544 2517 sed
1573 2479 1773 2519 Herodoto
1803 2480 1966 2524 austere,
