2330 2983
538 266 615 317 448
791 262 885 302 DE
941 260 1269 300 NATURA
1324 260 1665 300 DEORUM

579 363 692 402 XVI.
723 359 881 398 Etenim
900 358 991 396 licet
1009 358 1135 396 videre
1154 357 1322 396 acutiora
1339 357 1491 410 ingenia
1505 367 1542 396 et
1557 358 1603 396 ad
1622 357 1920 411 intelligendum

538 429 682 480 aptiora
700 439 847 469 eorum,
869 423 938 476 qui
958 432 1069 461 terras
1090 423 1259 461 incolant
1277 436 1351 468 eas,
1378 423 1418 461 in
1439 424 1579 475 quibus
1599 437 1660 462 aer
1678 424 1723 462 s1t
1741 437 1858 476 purus
1877 438 1919 462 ac

539 493 677 536 tenuis,
708 503 825 542 quam
845 489 1015 534 illorum,
1047 488 1115 540 qui
1141 497 1296 526 utantur
1315 487 1430 526 crasso
1459 489 1551 527 caelo
1581 498 1696 542 atque
1724 498 1917 527 concreto.

540 557 765 609 Qinetiam
790 555 891 599 cibo,
922 567 999 606 quo
1030 563 1147 598 utare,
1179 552 1347 591 interesse
1372 554 1519 606 aliquid
1552 554 1598 592 ad
1629 555 1769 593 mentis
1799 555 1920 592 aciem

539 631 689 675 putant.
722 618 922 659 Probabile
940 618 993 656 est
1021 618 1152 670 igitur,
1182 618 1419 670 praestantem
1450 618 1745 671 intelligentiam
1764 620 1803 657 in
1824 619 1919 657 fide-

540 688 646 725 ribus
665 686 748 730 effe,
779 698 862 737 quae
882 692 920 721 et
939 681 1139 721 aetheream
1170 684 1306 721 mundi
1326 692 1471 736 partem
1492 684 1677 729 incolant,
1707 693 1746 722 et
1764 685 1918 722 marinis

540 752 768 804 terrenisque
787 749 1030 793 humoribus,
1051 749 1170 800 longo
1187 749 1384 787 intervallo
1399 750 1625 794 extenuatis,
1641 750 1803 788 alantur.
1826 751 1920 788 Sen-

540 817 624 856 sum
643 826 769 855 autem
788 815 969 853 astrorum
994 821 1108 864 atque
1127 813 1423 864 intelligentiam
1443 814 1610 851 maxime
1637 813 1800 852 declarat
1828 814 1922 852 ordo

539 895 672 920 eorum
691 891 804 933 atque
823 878 1042 918 constantia.
1074 877 1190 916 Nihil
1209 877 1261 915 est
1279 878 1398 923 enim,
1420 878 1525 930 quod
1545 878 1689 916 ratione
1707 887 1746 917 et
1761 891 1923 917 numero

539 947 685 985 moveri
715 945 826 999 poffit
859 944 934 982 sine
963 942 1133 988 confluo,
1165 942 1205 980 in
1235 956 1314 995 quo
1333 941 1432 981 nihil
1461 942 1514 981 est
1534 943 1793 988 temerarium,
1823 942 1922 982 nihil

539 1012 701 1057 varium,
722 1009 820 1049 nihil
840 1009 1059 1047 fortuitum.
1092 1007 1201 1047 Ordo
1220 1017 1348 1047 autem
1368 1008 1545 1053 siderum,
1569 1017 1608 1047 et
1626 1009 1666 1047 in
1687 1009 1795 1047 omni
1815 1018 1922 1048 aeter-

540 1077 658 1116 nitate
691 1075 910 1120 constantia,
941 1087 1065 1127 neque
1085 1083 1258 1112 naturam
1283 1074 1483 1127 fignificat,
1507 1073 1576 1126 (est
1600 1075 1704 1112 enim
1733 1075 1844 1128 plena
1862 1089 1921 1114 ra-

540 1142 674 1194 tionis)
706 1154 829 1194 neque
847 1139 1056 1184 fortunam,
1073 1153 1156 1191 quae
1176 1139 1299 1176 amica
1317 1139 1484 1177 varietati
1503 1139 1753 1178 constantiam
1770 1140 1921 1193 respuit.

541 1207 722 1259 Sequitur
741 1219 844 1258 ergo,
878 1214 922 1243 ut
940 1203 1018 1256 ipsa
1036 1203 1099 1241 sua
1117 1203 1261 1256 sponte,
1297 1204 1362 1242 suo
1387 1203 1504 1249 sensu,
1540 1218 1581 1242 ac
1611 1205 1808 1243 divinitate
1834 1220 1924 1245 mo·-

540 1282 710 1311 veantur.
743 1272 828 1310 Nec
849 1283 936 1308 vero
954 1268 1172 1307 Aristoteles
1193 1282 1270 1306 non
1289 1269 1498 1307 laudandus
1518 1270 1559 1307 in
1578 1283 1637 1315 eo,
1653 1270 1760 1322 quod
1778 1272 1921 1318 omnia,

539 1351 625 1390 quae
644 1344 860 1380 moventur,
891 1343 955 1372 aut
975 1333 1107 1372 natura
1125 1334 1269 1372 moveri
1289 1334 1448 1378 censuit,
1475 1342 1539 1372 aut
1558 1335 1610 1379 vi,
1630 1344 1695 1373 aut
1714 1336 1922 1376 voluntate.

540 1402 694 1441 Moveri
721 1409 850 1440 autem
870 1399 1002 1444 solem,
1030 1408 1067 1437 et
1100 1398 1246 1444 lunam,
1276 1408 1314 1437 et
1333 1399 1447 1437 sidera
1477 1399 1619 1437 omnia.
1669 1399 1768 1452 Qae
1796 1410 1925 1440 autem

540 1469 675 1506 natura
703 1475 958 1511 moverentur,
988 1464 1069 1503 haec
1104 1473 1168 1502 aut
1196 1464 1362 1517 pondere
1391 1464 1580 1510 deorsum,
1615 1473 1680 1503 aut
1709 1465 1860 1504 levit-ate
1884 1466 1926 1504 in

540 1533 704 1572 sublime
740 1532 828 1571 ferri
844 1550 856 1577 ;
898 1544 1063 1583 quorum
1093 1539 1273 1568 neutrum
1307 1529 1410 1568 astris
1443 1531 1696 1583 contingeret,
1729 1541 1927 1584 propterea

541 1598 646 1651 quod
664 1611 796 1636 eorum
817 1605 943 1633 motus
963 1596 1003 1632 in
1023 1595 1155 1631 orbem
1181 1595 1405 1646 circumque
1423 1594 1595 1634 ferretur.
1637 1596 1723 1635 Nec
1741 1609 1830 1634 vero
1848 1597 1926 1636 dici

540 1663 662 1717 potest
678 1663 713 1700 vi
733 1661 894 1714 quadam
915 1658 1166 1710 majorefieri,
1187 1667 1228 1696 ut
1244 1668 1374 1697 contra
1389 1669 1560 1697 naturam
1577 1659 1668 1697 astra
1687 1672 1922 1702 moveantur.

542 1729 640 1780 Qae
659 1728 763 1765 enim
783 1724 904 1778 potest
924 1725 1042 1774 major
1062 1723 1131 1761 effe
1145 1725 1163 1759 A?
1204 1724 1332 1762 Restat
1353 1725 1483 1776 igitur,
1520 1734 1562 1763 ut
1581 1733 1709 1763 motus
1740 1725 1924 1765 astrorum

542 1794 585 1832 fit
604 1791 852 1830 voluntarius.
875 1791 972 1840 Qae
992 1789 1059 1840 qui
1080 1788 1215 1833 videat,
1237 1803 1313 1827 non
1334 1789 1484 1828 indocte
1505 1790 1641 1835 solum,
1656 1804 1789 1829 verum
1809 1793 1924 1831 etiam

543 1859 661 1912 impie
690 1857 817 1901 faciat,
853 1855 879 1893 si
911 1856 1014 1893 Deos
1049 1853 1118 1892 effe
1153 1863 1276 1907 neget.
1326 1855 1413 1894 Nec
1442 1855 1526 1894 sane
1556 1856 1726 1894 multum
1760 1857 1924 1903 interest,

544 1933 674 1962 utrum
695 1923 733 1960 id
754 1931 880 1974 neget,
910 1933 955 1958 an
980 1933 1043 1957 eos
1063 1920 1171 1958 omni
1196 1934 1241 1973 pr
1291 1920 1461 1959 uratione
1480 1930 1593 1973 atque
1612 1921 1757 1959 actione
1776 1923 1924 1974 privet:

544 1988 642 2027 mihi
663 1988 782 2031 enim,
812 1986 878 2038 qui
900 1984 996 2022 nihil
1018 1985 1110 2036 agit,
1129 1984 1197 2022 esse
1217 1934 1378 2026 offinino
1397 2000 1475 2025 non
1495 1986 1657 2025 videtur.
1702 1986 1787 2024 Effe
1809 1987 1927 2039 igitur

546 2055 649 2092 Deos
670 2054 721 2091 ita
740 2051 980 2105 perspicuum
1001 2049 1065 2094 est,
1096 2059 1152 2096 ut,
1183 2050 1221 2088 id
1239 2051 1306 2104 qui
1326 2060 1453 2103 neget,
1472 2051 1536 2089 vix
1556 2064 1646 2090 eum
1673 2050 1766 2089 sana?
1786 2054 1925 2091 mentis

543 2119 771 2158 existimem.

599 2184 731 2222 XVII.
769 2183 911 2226 Restat,
943 2191 998 2226 ut,
1021 2183 1142 2235 qualis
1170 2196 1303 2221 eorum
1324 2192 1453 2221 natura
1470 2182 1526 2228 sit,
1547 2182 1854 2229 confideremus;
1887 2185 1925 2222 in

545 2263 623 2302 quo
642 2248 739 2287 nihil
761 2249 812 2286 est
838 2248 1048 2293 difficilius,
1076 2263 1191 2301 qnam
1221 2262 1242 2286 a
1271 2248 1542 2288 consuetudine
1573 2249 1774 2287 oculorum
1804 2249 1926 2288 aciem

546 2315 683 2354 mentis
703 2315 900 2353 abducere.
947 2315 1002 2352 Ea
1023 2315 1226 2353 difficultas
1248 2315 1400 2353 induxit
1430 2323 1468 2353 et
1503 2314 1619 2368 vulgo
1645 2315 1858 2367 imperitos,
1888 2326 1925 2354 et

547 2381 685 2419 ssmiles
702 2379 946 2433 philosophos
965 2380 1247 2432 imperitorum,
1278 2390 1334 2424 ut,
1357 2380 1422 2418 nisi
1445 2380 1575 2433 figuris
1595 2378 1804 2419 hominum
1830 2394 1926 2419 con-

548 2446 698 2490 stitutis,
721 2445 816 2483 nihil
839 2445 981 2498 possent
998 2445 1043 2482 de
1065 2446 1150 2483 Diis
1181 2446 1462 2483 immortalibus
1489 2446 1653 2498 cogitare
1672 2460 1680 2484 :
1711 2447 1819 2498 cujus
1838 2446 1926 2498 opi-

548 2511 671 2548 nionis
692 2511 819 2549 levitas
848 2509 1042 2549 confutata
1071 2525 1092 2549 a
1118 2512 1232 2549 Cotta
1254 2524 1326 2549 non
1347 2511 1523 2549 desiderat
1553 2512 1763 2549 orationem
1784 2524 1925 2549 ineam.

550 2577 619 2614 Sed
653 2590 743 2616 cum
775 2577 887 2616 talem
918 2576 987 2615 csse
1019 2577 1147 2616 Deum
1181 2586 1280 2616 certa
1306 2577 1460 2616 notione
1489 2577 1607 2617 animi
1629 2577 1925 2630 praesenti-imus,
