2330 2983
566 308 644 352 512
826 294 920 333 DE
977 292 1304 333 NATURA
1359 291 1701 333 DEORUM

563 396 661 436 bene
681 402 844 433 utuntur
856 411 868 437 ;
901 392 970 445 qui
989 401 1118 431 tamen
1138 391 1207 445 ipsi
1227 392 1321 445 saepe
1343 405 1363 430 a
1383 392 1482 430 male
1502 391 1702 431 utentibus
1727 392 1958 446 opprimun-

564 471 628 499 tur
645 475 654 498 :
687 458 986 498 innumerabiles
1006 467 1134 496 autem
1154 458 1332 512 improbe
1352 467 1516 496 utuntur
1528 476 1541 503 5
1573 467 1617 496 ut
1633 457 1782 497 donum
1801 457 1876 497 hoc
1896 460 1958 497 di-

564 527 702 564 vinum
720 525 875 563 rationis
895 533 934 562 et
953 523 1102 562 confilii
1121 523 1169 562 ad
1187 523 1362 563 fraudem
1381 523 1626 569 hominibus,
1641 537 1720 563 non
1740 524 1787 562 ad
1807 524 1959 564 bonita-

566 601 661 636 tem,
684 591 928 643 impertitum
944 589 1015 628 effe
1031 590 1216 629 videatur.

619 657 774 696 XXXI.
806 656 878 694 Sed
896 656 1038 708 urgetis
1065 656 1292 701 identidem,
1318 655 1527 695 hominum
1548 655 1618 694 effe
1647 656 1758 695 istam
1787 655 1960 709 culpam,

565 738 645 763 non
672 725 862 762 Deorum.
904 723 960 760 Ut
980 721 1007 759 fi
1025 722 1198 760 medicus
1217 723 1443 775 gravitatem
1462 722 1603 768 morbi,
1624 722 1856 775 gubernator
1881 721 1965 760 vim

567 789 816 842 tempestatis,
837 787 1010 825 accuset:
1042 787 1107 824 etfi
1128 786 1170 824 hi
1190 787 1350 839 quidem
1372 787 1620 831 homunculi,
1640 787 1702 825 sed
1717 796 1846 825 tamen
1867 787 1963 825 ridi-

566 856 669 895 culi:
693 856 780 908 quis
797 853 904 891 enim
920 861 957 890 te
967 851 1209 897 adhibuisset,
1228 853 1368 891 dixerit
1382 853 1587 905 quispiam,
1601 852 1630 890 si
1643 852 1712 891 ista
1725 865 1803 890 non
1819 851 1961 890 effent?

567 921 712 958 Contra
727 921 860 957 Deum
880 918 970 955 licet
989 917 1177 970 disputare
1196 917 1368 956 liberius.
1402 918 1446 956 In
1468 916 1677 955 hominum
1696 916 1801 955 vitiis
1821 917 1874 955 ais
1894 916 1964 955 effe

566 986 738 1038 culpam.
769 985 870 1023 Eam
889 982 1046 1022 dedjffes
1076 982 1305 1022 hominibus
1339 985 1541 1028 rationem,
1568 997 1654 1036 quae
1672 983 1767 1021 vitia
1784 982 1964 1036 culpam-

568 1065 645 1104 que
662 1051 895 1090 excluderet.
913 1049 998 1088 Ubi
1016 1050 1135 1102 igitur
1154 1049 1262 1088 locus
1282 1048 1360 1088 fuit
1378 1049 1495 1088 errori
1508 1049 1683 1087 Deorum
1699 1049 1712 1085 ?
1733 1061 1824 1086 nam
1845 1049 1964 1101 patri-

569 1118 702 1156 monia
719 1117 782 1170 spe
802 1117 899 1155 bene
918 1116 1091 1155 tradendi
1110 1116 1367 1169 relinquimus
1383 1135 1396 1162 3
1417 1130 1494 1169 qua
1511 1115 1707 1169 poffumus
1727 1113 1834 1153 falli:
1856 1115 1966 1153 Deus

568 1183 651 1222 falli
671 1183 740 1236 qul
758 1182 887 1236 potuit
904 1183 917 1220 ?
947 1184 1013 1220 An
1033 1190 1079 1219 ut
1098 1181 1176 1226 Sol,
1193 1182 1233 1220 in
1253 1195 1410 1220 currum
1430 1195 1523 1220 cum
1540 1179 1824 1220 Phaethontem
1838 1180 1967 1219 filium

569 1249 748 1288 sustulit?
769 1257 835 1286 aut
850 1249 1075 1300 Neptunus,
1089 1260 1181 1286 curn
1197 1246 1370 1286 Theseus
1386 1248 1652 1300 Hippolytum
1673 1247 1851 1300 perdidit,
1872 1260 1967 1285 cum

567 1323 627 1352 ter
645 1313 805 1367 optandi
825 1326 847 1350 a
865 1313 1054 1365 Neptuno
1073 1321 1179 1365 patre
1197 1311 1385 1351 habuiffet
1404 1312 1657 1365 potestatem?
1678 1313 1884 1350 Poetarum
1899 1311 1970 1350 ista.

569 1379 681 1417 sunt:
712 1391 782 1417 nos
802 1386 932 1416 autern
951 1375 1174 1430 philosophi
1193 1377 1264 1415 effe
1286 1377 1484 1422 volumus,
1515 1390 1644 1415 rerum
1673 1378 1859 1420 auctores,
1889 1390 1969 1415 non

568 1444 804 1484 fabularum.
834 1445 969 1495 Atque
989 1443 1017 1481 ii
1037 1451 1166 1482 tamen
1185 1443 1253 1495 ipsi
1274 1443 1343 1481 Dii
1362 1443 1518 1496 poetici,
1548 1442 1575 1481 fi
1594 1441 1743 1481 sciffent
1761 1442 1971 1496 perniciosa

570 1509 653 1549 fore
672 1510 740 1549 illa
757 1509 863 1554 filiis,
885 1507 1052 1563 peccafi‘e
1073 1508 1112 1546 in
1134 1508 1322 1547 beneficio
1340 1518 1576 1562 putarentur.

626 1578 694 1621 Et,
728 1577 772 1628 (fi
801 1589 938 1613 verum
965 1575 1033 1620 est,
1063 1575 1169 1627 quod
1199 1575 1326 1614 Aristo
1346 1574 1472 1614 Chius
1502 1575 1627 1614 dicere
1648 1574 1804 1619 solebat,
1834 1588 1971 1614 nocere

571 1642 818 1681 audientibus
838 1639 1089 1694 philosophos
1122 1640 1183 1684 iis,
1214 1641 1282 1691 qui
1302 1641 1399 1677 bene
1418 1640 1519 1677 dieta
1548 1642 1648 1677 male
1674 1642 1969 1693 interpretaren-

570 1718 662 1753 tur3
694 1706 794 1760 poffe
814 1706 921 1744 enim
950 1705 1072 1743 asotos
1099 1718 1146 1743 ex
1174 1705 1374 1757 Aristippi,
1405 1705 1559 1744 acerbos
1579 1719 1599 1743 e
1629 1706 1799 1743 Zenonis
1826 1706 1969 1752 schola.

571 1773 694 1825 exire)
726 1771 890 1826 prorsus,
923 1769 964 1815 fi,
993 1770 1062 1824 qui
1082 1769 1296 1814 audierunt,
1331 1770 1454 1808 vitiofi
1484 1770 1602 1809 effent
1634 1771 1838 1816 discessuri,
1865 1772 1971 1824 quod

574 1838 740 1893 perverse
769 1835 1090 1891 philosophorum
1120 1835 1419 1889 disputationem
1451 1837 1788 1889 interpretarentur
1804 1856 1816 1882 ς
1849 1847 1972 1876 tacere

573 1905 762 1959 praestaret
780 1901 1034 1957 philosophiS,
1064 1915 1182 1954 quam
1213 1902 1274 1947 iis,
1304 1903 1425 1955 quise
1445 1903 1643 1947 audiffent,
1663 1915 1814 1940 nocere.
1846 1903 1921 1947 Sic,
1943 1903 1970 1941 fi

575 1969 754 2008 homines
771 1969 959 2007 rationem
978 1967 1082 2006 bono
1111 1967 1270 2006 confilio
1297 1981 1317 2006 a
1335 1969 1424 2007 Diis
1450 1968 1737 2006 immortalibus
1756 1967 1899 2012 datam,
1930 1969 1971 2006 in

577 2035 751 2074 fraudem
787 2033 1055 2085 malitiamque
1089 2042 1318 2071 convertunt
1334 2051 1346 2078 ς
1378 2047 1456 2071 non
1482 2034 1560 2070 dari
1582 2034 1704 2076 illam,
1739 2047 1857 2085 quam
1891 2034 1972 2072 dari

578 2101 752 2140 humano
770 2098 913 2151 generi,
932 2098 1071 2135 melius
1088 2097 1178 2136 suit.
1211 2098 1267 2136 Ut
1287 2098 1313 2135 si
1335 2099 1505 2136 medicus
1533 2097 1636 2142 sciat,
1657 2111 1747 2135 eum
1768 2107 1970 2150 aegrotum,

578 2168 647 2219 qui
663 2164 783 2218 jull‘us
799 2164 843 2203 s1t
863 2164 997 2202 vinum
1013 2163 1174 2209 sumere,
1197 2163 1384 2202 meracius
1404 2164 1664 2216 sumpturum,
1686 2163 1888 2216 statimque
1905 2178 1972 2218 pe-

580 2233 760 2276 riturum,
778 2243 915 2283 magna
934 2230 978 2268 sit
997 2230 1038 2268 in
1057 2230 1196 2283 culpa;
1229 2229 1277 2267 fic
1298 2229 1414 2268 vestra
1434 2229 1499 2267 ista
1514 2230 1753 2282 providentia
1768 2229 1974 2283 reprehen-

581 2298 716 2342 denda,
733 2311 817 2350 quae
839 2296 1022 2334 rationem
1049 2296 1194 2334 dederit
1216 2297 1274 2341 iis,
1296 2309 1393 2349 quos
1422 2295 1545 2334 scierit
1571 2297 1613 2334 ca
1640 2295 1805 2349 perverse
1825 2306 1863 2334 et
1894 2297 1972 2334 im-

582 2366 700 2418 probe
718 2364 847 2402 usuros
868 2377 876 2401 :
897 2363 963 2402 nisu
982 2362 1078 2401 forte
1095 2363 1222 2401 dicitis
1238 2376 1321 2401 eam
1339 2362 1502 2401 nesciffe.
1528 2364 1689 2401 Utinam
1702 2363 1859 2415 quidem
1876 2362 1883 2399 !
1903 2362 1973 2401 Sed

581 2444 659 2469 non
681 2429 883 2468 audebitis.
916 2429 1006 2467 Non
1024 2429 1127 2466 enim
1150 2429 1298 2481 ignoro,
1321 2429 1452 2481 quanti
1469 2429 1549 2480 ejus
1567 2443 1707 2468 nomen
1726 2429 1882 2482 putetis.

642 2495 812 2533 XXXII.
845 2494 915 2532 Sed
943 2492 1010 2532 hic
1027 2493 1185 2546 quidem
1205 2494 1310 2532 locus
1331 2494 1607 2546 concludijam
1630 2494 1762 2547 potest.
1796 2494 1915 2536 Nam,
1948 2492 1971 2530 fi

583 2561 755 2604 stultitia,
765 2560 943 2598 consensu
956 2561 1135 2598 omnium
1150 2558 1481 2612 philosophorum,
1491 2561 1612 2612 majus
1626 2560 1677 2598 est
1686 2560 1972 2610 malumquam

582 2628 610 2667 si
629 2627 757 2665 omnia
778 2626 875 2664 nul-a
901 2635 938 2664 ct
967 2624 1130 2665 fortuna:
1149 2635 1187 2666 ct
1214 2626 1382 2680 corporis
1409 2639 1455 2665 ex
1483 2625 1596 2665 altem
1622 2636 1728 2679 parte
1753 2633 1942 2678 ponantur
1957 2641 1970 2668 ς
