2330 2983
726 308 818 365 M.
929 299 1575 364 TULLII

430 518 1876 625 CICERONIS

625 753 1687 824 LUCULLUS,

1048 961 1277 994 SIVE

615 1122 1708 1169 ACADEMICORUM

832 1326 1209 1379 (EDITIONIS
1263 1321 1498 1374 PRIMAE)

747 1521 1028 1564 LIBER
1090 1516 1602 1559 SECUNDUS.

477 1661 512 1698 Ι,
791 1645 987 1691 AGNU
1004 1651 1053 1689 M
1084 1649 1293 1703 ingenium
1316 1648 1366 1687 L.
1391 1647 1570 1693 Luculli,
1601 1659 1873 1700 magnumque

820 1719 1063 1772 optimarum
1083 1716 1230 1754 artium
1250 1715 1439 1760 studium,
1464 1723 1552 1752 tum
1573 1713 1704 1752 omnis
1728 1713 1873 1751 libera-

547 1658 793 1837 M
822 1786 870 1823 lis
892 1793 930 1822 et
950 1783 1070 1836 digna
1089 1781 1253 1820 homine
1274 1781 1402 1819 nobili
1424 1780 1471 1818 ab
1497 1794 1546 1818 eo
1572 1788 1757 1833 percepta
1777 1778 1874 1817 doc·-

479 1857 597 1903 trina,
646 1854 793 1909 quibus
835 1849 1083 1903 temporibus
1123 1848 1261 1886 florere
1299 1847 1341 1884 in
1380 1845 1468 1884 foro
1514 1846 1689 1884 maxime
1727 1845 1874 1897 potuit,

479 1923 607 1962 caruit
626 1920 792 1959 omnino
813 1917 927 1955 rebus
951 1914 1124 1952 urbanis.
1185 1914 1243 1951 Ut
1273 1912 1382 1950 enim
1412 1910 1628 1949 admodum
1654 1909 1875 1948 adolescens

481 2002 576 2027 cum
596 1986 728 2031 fratre,
761 1984 844 2038 pari
870 1982 1015 2036 pietate
1044 1990 1082 2019 et
1110 1978 1299 2018 industria
1326 1977 1506 2031 praedito,
1538 1986 1715 2030 paternas
1738 1975 1877 2014 inimi-

482 2054 595 2093 citias
617 2065 758 2106 magna
778 2063 872 2088 cum
892 2048 1017 2100 gloria
1036 2046 1089 2085 est
1109 2045 1350 2099 persecutuS,
1381 2045 1421 2082 in
1444 2043 1576 2082 Afiam
1598 2042 1764 2095 quaestor
1784 2055 1878 2094 pro·

481 2120 624 2165 fectus,
656 2118 714 2156 ibi
735 2115 954 2170 permultos
977 2126 1098 2151 annos
1130 2111 1354 2150 admirabili
1380 2109 1549 2163 quadam
1572 2108 1686 2147 laude
1717 2108 1879 2161 provin-

486 2186 556 2225 ciae
594 2183 780 2238 praefuit:
814 2179 955 2219 deinde
986 2178 1120 2216 absens
1152 2177 1277 2216 factus
1310 2175 1449 2221 audilis,
1481 2175 1674 2213 continuo
1708 2183 1877 2226 praetor:

488 2251 654 2304 (licebat
675 2249 783 2287 enim
803 2247 968 2285 celerius
990 2245 1088 2297 legis
1109 2243 1292 2296 praemio)
1316 2241 1400 2294 post
1422 2242 1461 2279 in
1485 2240 1688 2279 Africam:
1722 2239 1812 2277 inde
1833 2238 1879 2276 ad

487 2316 753 2359 consulatum,
799 2326 918 2365 quem
958 2313 1012 2349 ita
1049 2310 1174 2363 geffit,
1225 2318 1269 2346 ut
1309 2307 1558 2359 diligentiam
1597 2306 1882 2344 admirarentur

488 2396 642 2426 omnes,
675 2379 882 2432 ingenium
916 2376 1198 2430 agnoscerent:
1237 2373 1321 2426 post
1351 2373 1398 2410 ad
1433 2371 1758 2410 Mithridaticum
1794 2370 1881 2408 bel-

491 2449 578 2486 lum
614 2445 748 2484 miffus
783 2459 804 2482 a
836 2444 983 2487 senatu,
1029 2456 1109 2480 non
1144 2441 1264 2479 modo
1294 2439 1526 2492 opinionem
1557 2438 1653 2475 vicit
1682 2436 1881 2481 omnium,

491 2526 580 2566 quae
619 2511 667 2549 de
703 2512 849 2550 virtute
887 2510 970 2562 ejus
1009 2517 1104 2553 erat,
1156 2506 1219 2545 sed
1259 2507 1378 2544 etiam
1416 2504 1583 2557 gloriam
1622 2503 1881 2556 superiorum.

492 2577 621 2631 quue
650 2590 696 2615 eo
727 2575 806 2615 fuit
837 2574 1075 2620 mirabilius,
1106 2572 1214 2626 quod
1247 2571 1294 2610 ab
1329 2585 1375 2610 eo
1407 2570 1490 2609 laus
1522 2568 1773 2622 imperatoria
1803 2581 1883 2606 nou

1490 2636 1528 2674 A
1559 2648 1581 2675 2
