2330 2983
493 307 570 347 354
798 289 1571 329 TUSCULANARUM

490 393 621 444 Qam
641 389 722 428 haec
741 387 901 442 pulchra
920 398 1042 442 putet,
1071 389 1150 442 ipse
1163 389 1245 441 jam
1265 388 1380 434 dicet,

623 458 826 495 Fortunam
843 455 951 509 ipsam
969 455 1106 494 anteibo
1111 455 1278 508 fhrtunis
1296 455 1391 493 meis.

532 523 706 561 XXXII.
729 522 826 560 Haec
845 521 976 560 laetitia
994 534 1112 574 quam
1132 521 1254 574 turpis
1274 521 1332 566 fit,
1351 520 1435 559 satis
1456 520 1509 558 est
1527 518 1728 573 diligenter
1746 527 1873 558 atten-

489 589 643 627 dentem
663 587 815 640 penitus
835 587 973 626 videre.
1015 587 1069 626 Et
1088 596 1132 625 ut
1150 596 1278 640 turpes
1299 586 1399 631 sunt,
1420 586 1489 638 qui
1507 585 1671 624 efferunt
1690 585 1726 624 se
1744 585 1876 624 laetitia

490 663 590 699 tum,
611 666 702 691 cum
723 651 903 691 fruuntur
921 652 1086 691 venereis
1116 651 1376 704 voluptatibus
1393 670 1405 696 3
1436 651 1485 690 fic
1505 651 1692 704 flagitiofi,
1727 652 1796 703 qui
1814 663 1874 689 ms

490 719 729 758 inflammato
748 719 877 756 animo
896 717 1188 770 concupiscunt.
1218 719 1345 755 Totus
1365 729 1453 755 vero
1472 717 1553 761 iste,
1573 717 1641 769 qui
1659 717 1777 769 vulgo
1806 730 1875 769 ap-

489 787 653 839 pellatur
671 797 791 829 amor,
813 785 922 835 (nec,
938 782 1106 827 hercule,
1127 782 1294 827 invenio,
1311 794 1389 833 quo
1409 782 1564 820 nomine
1583 781 1658 820 alio
1676 781 1788 834 poffit
1805 795 1875 834 ap-

491 850 646 903 pellari)
669 857 780 887 tantae
799 847 963 886 levitatis
982 847 1049 892 est,
1079 856 1122 886 ut
1141 845 1240 885 nihil
1260 845 1425 891 videam,
1461 845 1567 898 quod
1585 854 1721 899 putem
1741 843 1876 884 confe-

491 916 666 955 rendum.
699 915 831 965 Qem
851 913 1046 958 Caecilius,

791 1009 801 1019 .
822 1009 831 1018 .
855 1009 865 1018 .
890 1009 898 1018 .
922 981 1043 1018 Deum
1061 978 1125 1032 qui
1139 991 1207 1017 non
1211 978 1390 1031 stammam
1401 983 1526 1030 putet,

626 1047 710 1085 Aut
714 1045 882 1097 stultum,
911 1054 979 1083 aut
996 1058 1117 1083 rerum
1135 1043 1194 1097 ‘ff’
1210 1043 1412 1097 imperitum
1429 1042 1594 1097 exssimet
1606 1058 1622 1082 .-

628 1111 702 1150 Cui
716 1111 753 1149 in
771 1125 879 1149 manu
882 1110 953 1161 stt,
983 1124 1082 1163 quem
1100 1109 1159 1163 eſji‘
1178 1109 1364 1149 dementem
1382 1109 1486 1154 velit,

626 1178 887 1229 Qemstzperje,
907 1189 1005 1229 quem
1010 1175 1158 1229 stznari,
1188 1189 1287 1228 quem
1306 1175 1342 1213 in
1361 1173 1517 1213 morbum
1536 1173 1646 1226 injici,

627 1243 740 1293 Qem
758 1241 886 1280 contra*
904 1241 1035 1284 amari,
1064 1254 1164 1294 quem
1179 1240 1348 1291 arcffri,
1369 1254 1468 1292 quem
1486 1239 1614 1292 expeti.

494 1311 532 1347 O
553 1307 771 1361 praeclaram
791 1305 1088 1344 emendatricem
1105 1305 1205 1350 vitae‚
1231 1304 1451 1343 Poeticam!
1483 1317 1568 1356 quae
1588 1305 1790 1350 Amorem,
1811 1304 1880 1343 fla-

492 1374 580 1428 gitii
598 1382 636 1411 et
655 1371 818 1410 levitatis
839 1372 1046 1416 auctorem,
1074 1371 1116 1408 in
1135 1369 1302 1408 concilio
1322 1370 1498 1408 Deorum
1518 1368 1786 1408 collocandum
1806 1382 1882 1422 pu-

492 1449 562 1479 tet.
594 1440 656 1477 De
675 1437 866 1476 comoedia
885 1437 1021 1490 loquor
1036 1455 1048 1482 ς
1084 1449 1182 1488 quae,
1213 1435 1240 1474 fi
1259 1434 1341 1474 haec
1361 1435 1504 1488 flagitia
1522 1448 1600 1473 non
1619 1435 1882 1488 probaremus,

493 1505 600 1544 nulla
627 1503 716 1541 effet
745 1503 918 1541 omnino.
978 1501 1087 1553 Qid
1119 1501 1171 1539 ait
1191 1514 1237 1540 ex
1257 1501 1439 1554 tragoedia
1464 1501 1639 1554 princeps
1668 1500 1733 1539 ille
1753 1502 1881 1553 Argo-

494 1579 698 1610 nautarum
716 1569 729 1606 ?
1463 1611 1469 1617 ¹

632 1632 689 1675 Tu
707 1649 759 1673 me
776 1634 905 1673 amoris
923 1633 1048 1686 magis,
1079 1647 1184 1686 quam
1202 1632 1354 1677 honoris,
1371 1631 1575 1685 strvavg'sti
1584 1633 1727 1685 gratia.

495 1701 605 1753 Qid
623 1700 741 1753 ergo?
771 1699 836 1737 hic
867 1712 974 1736 amor
994 1698 1144 1737 Medeae
1174 1707 1315 1751 quanta
1342 1697 1580 1736 miseriarum
1609 1697 1791 1736 excitavit
1820 1696 1883 1735 in-

495 1765 653 1806 cendia!
686 1767 818 1817 Atque
848 1777 890 1801 ea
911 1772 1037 1801 tamen
1058 1763 1158 1816 apud
1178 1763 1298 1802 alium
1324 1772 1476 1815 poetam
1496 1763 1594 1816 patri
1613 1763 1737 1802 dicere
1756 1761 1882 1807 audet,

495 1833 530 1872 se
549 1833 755 1884 conjugem
774 1827 945 1868 habuisse

631 1898 751 1941 Illum,
773 1898 888 1935 Amor
907 1909 1005 1948 quem
1023 1894 1180 1939 dederat,
1201 1894 1264 1947 qui
1271 1895 1357 1946 plus
1369 1895 1478 1946 pollet
1489 1894 1674 1947 potiorque
1691 1893 1736 1946 cst
1748 1903 1872 1946 patre.

553 1963 745 2002 XXXIII.
778 1961 848 1999 Sed
882 1969 1010 2012 poetas
1030 1959 1158 1997 ludere
1178 1959 1355 2004 sinamus,
1377 1973 1543 2011 quorum
1577 1958 1719 1997 fabulis
1749 1959 1790 1996 in
1809 1957 1884 1996 hoc

498 2029 642 2082 flagitio
657 2026 788 2065 versari
808 2025 933 2078 ipsum
954 2024 1127 2063 videmus
1144 2025 1294 2075 Jovem.
1317 2024 1379 2062 Ad
1400 2024 1595 2076 magistros
1611 2024 1776 2068 virtutis,
1794 2022 1884 2076 phi-

497 2091 690 2146 losophos,
723 2090 917 2129 veniamus
930 2107 942 2134 5
974 2089 1041 2141 qui
1068 2102 1238 2132 amorem
1259 2097 1398 2141 negant
1433 2088 1551 2141 stupri
1585 2087 1668 2132 ess‘e,
1703 2098 1740 2125 et
1772 2089 1811 2125 in
1841 2100 1886 2125 eo

497 2159 650 2212 litigant
670 2170 761 2195 cum
781 2155 964 2208 Epicuro,
997 2168 1073 2193 non
1093 2154 1278 2198 multum,
1311 2163 1352 2192 ut
1383 2154 1514 2207 opinio
1543 2167 1627 2191 mea
1655 2152 1741 2197 fert,
1771 2166 1884 2191 men·

499 2226 630 2263 tiente.
666 2222 764 2273 Qis
783 2221 834 2259 est
854 2221 958 2258 enim
978 2220 1043 2258 iste
1062 2233 1169 2258 amor
1188 2219 1366 2258 amicitiae
1384 2220 1396 2257 ?
1431 2221 1512 2258 Cur
1527 2232 1651 2272 neque
1670 2217 1886 2257 deformem

499 2288 774 2328 adolescentem
804 2286 1006 2338 quisquam
1041 2294 1156 2329 amat,
1192 2298 1314 2337 neque
1344 2283 1557 2324 formosum
1588 2284 1712 2323 senem
1734 2285 1746 2322 ?
1779 2282 1885 2322 Mihi

500 2354 657 2407 quidem
678 2351 758 2390 haec
792 2352 832 2389 in
852 2352 1077 2389 Graecorum
1098 2350 1300 2403 gymnasiis
1333 2360 1417 2388 nata
1446 2350 1678 2389 consuetudo
1707 2350 1883 2394 videtum

500 2421 538 2458 in
560 2419 699 2471 quibus
720 2417 779 2455 isti
796 2416 906 2455 liberi
926 2425 964 2454 et
983 2415 1141 2454 con'cessi
1164 2415 1247 2453 sunt
1268 2429 1427 2453 amores.
1461 2416 1562 2454 Bene
1581 2429 1672 2469 crgo
1692 2415 1856 2459 Ennius,

636 2486 671 2523 F
673 2483 792 2536 lagitii
801 2481 1018 2535 principium
1036 2480 1081 2533 ‹st
1099 2479 1233 2519 nudare
1252 2481 1347 2519 inter
1365 2481 1459 2519 cives
1478 2490 1639 2534 corpora.

501 2549 580 2602 Qi
604 2559 644 2587 ut
666 2549 749 2593 sint,
771 2547 874 2599 quod
891 2546 970 2585 fieri
993 2545 1091 2599 poll‘e
1111 2545 1235 2591 video,
1253 2546 1396 2599 pudici,
1414 2545 1566 2585 solliciti
1588 2556 1715 2586 tamen
1731 2555 1767 2586 et
1782 2545 1884 2585 anxii

503 2616 610 2661 sunt5
642 2628 761 2667 coque
779 2613 914 2667 magis,
936 2613 1040 2666 quod
1061 2612 1094 2651 sc
1115 2612 1180 2667 ipsi
1201 2613 1401 2654 continent
1418 2622 1456 2652 ct
1475 2622 1665 2660 coercent.
