<?xml version="1.0" encoding="UTF-8"?>
<!DOCTYPE html PUBLIC "-//W3C//DTD XHTML 1.0 Transitional//EN"
    "http://www.w3.org/TR/xhtml1/DTD/xhtml1-transitional.dtd">
<html xmlns="http://www.w3.org/1999/xhtml" xml:lang="en" lang="en">
 <head>
  <title>
</title>
<meta http-equiv="Content-Type" content="text/html;charset=utf-8" />
  <meta name='ocr-system' content='tesseract 3.04.00' />
  <meta name='ocr-capabilities' content='ocr_page ocr_carea ocr_par ocr_line ocrx_word'/>
</head>
<body>
  <div class='ocr_page' id='page_1' title='image "./operacumindicibu02ciceuoft_0448.png"; bbox 0 0 2330 2983; ppageno 0'>
   <div class='ocr_carea' id='block_1_1' title="bbox 540 264 1682 326">
    <p class='ocr_par' dir='ltr' id='par_1_1' title="bbox 540 264 1682 326">
     <span class='ocr_line' id='line_1_1' title="bbox 540 264 1682 326; baseline -0.009 -11"><span class='ocrx_word' id='word_1_1' title='bbox 540 287 622 326; x_wconf 83' lang='lat'>440</span> <span class='ocrx_word' id='word_1_2' title='bbox 804 270 898 311; x_wconf 86' lang='lat' dir='ltr'>DE</span> <span class='ocrx_word' id='word_1_3' title='bbox 956 266 1284 309; x_wconf 81' lang='lat' dir='ltr'>NATURA</span> <span class='ocrx_word' id='word_1_4' title='bbox 1342 264 1682 307; x_wconf 78' lang='lat' dir='ltr'>DEORUM</span> 
     </span>
    </p>
   </div>
   <div class='ocr_carea' id='block_1_2' title="bbox 539 366 1953 2661">
    <p class='ocr_par' dir='ltr' id='par_1_2' title="bbox 540 366 1941 488">
     <span class='ocr_line' id='line_1_2' title="bbox 540 366 1941 420; baseline -0.004 -9"><span class='ocrx_word' id='word_1_5' title='bbox 540 372 701 413; x_wconf 88' lang='lat' dir='ltr'>vetustas</span> <span class='ocrx_word' id='word_1_6' title='bbox 721 370 883 409; x_wconf 86' lang='lat' dir='ltr'>mentita</span> <span class='ocrx_word' id='word_1_7' title='bbox 908 369 967 414; x_wconf 87' lang='lat' dir='ltr'>fit,</span> <span class='ocrx_word' id='word_1_8' title='bbox 997 368 1135 407; x_wconf 88' lang='lat' dir='ltr'>statuat</span> <span class='ocrx_word' id='word_1_9' title='bbox 1154 366 1298 406; x_wconf 85' lang='lat' dir='ltr'>neceffe</span> <span class='ocrx_word' id='word_1_10' title='bbox 1322 366 1390 413; x_wconf 90' lang='lat' dir='ltr'>est,</span> <span class='ocrx_word' id='word_1_11' title='bbox 1418 366 1467 406; x_wconf 85' lang='lat' dir='ltr'>ab</span> <span class='ocrx_word' id='word_1_12' title='bbox 1496 366 1626 420; x_wconf 88' lang='lat' dir='ltr'>aliqua</span> <span class='ocrx_word' id='word_1_13' title='bbox 1654 374 1786 405; x_wconf 89' lang='lat' dir='ltr'>mente</span> <span class='ocrx_word' id='word_1_14' title='bbox 1816 375 1941 406; x_wconf 83' lang='lat' dir='ltr'>tantos</span> 
     </span>
     <span class='ocr_line' id='line_1_3' title="bbox 541 435 1072 488; baseline -0.009 -11"><span class='ocrx_word' id='word_1_15' title='bbox 541 448 684 478; x_wconf 86' lang='lat' dir='ltr'>naturae</span> <span class='ocrx_word' id='word_1_16' title='bbox 704 444 834 475; x_wconf 89' lang='lat' dir='ltr'>motus</span> <span class='ocrx_word' id='word_1_17' title='bbox 852 435 1072 488; x_wconf 84' lang='lat' dir='ltr'>gubernari.</span> 
     </span>
    </p>

    <p class='ocr_par' dir='ltr' id='par_1_3' title="bbox 539 498 1948 1278">
     <span class='ocr_line' id='line_1_4' title="bbox 582 498 1945 556; baseline -0.004 -14"><span class='ocrx_word' id='word_1_18' title='bbox 582 505 654 542; x_wconf 94' lang='lat' dir='ltr'>VI.</span> <span class='ocrx_word' id='word_1_19' title='bbox 675 501 911 556; x_wconf 76' lang='lat' dir='ltr'>Chrysippus</span> <span class='ocrx_word' id='word_1_20' title='bbox 932 501 1106 554; x_wconf 85' lang='lat' dir='ltr'>quidem,</span> <span class='ocrx_word' id='word_1_21' title='bbox 1124 513 1345 553; x_wconf 85' lang='lat' dir='ltr'>quanquam</span> <span class='ocrx_word' id='word_1_22' title='bbox 1358 498 1411 538; x_wconf 90' lang='lat' dir='ltr'>est</span> <span class='ocrx_word' id='word_1_23' title='bbox 1429 499 1614 538; x_wconf 89' lang='lat' dir='ltr'>acerrimo</span> <span class='ocrx_word' id='word_1_24' title='bbox 1630 498 1800 552; x_wconf 88' lang='lat' dir='ltr'>ingenio,</span> <span class='ocrx_word' id='word_1_25' title='bbox 1814 506 1945 537; x_wconf 87' lang='lat' dir='ltr'>tamen</span> 
     </span>
     <span class='ocr_line' id='line_1_5' title="bbox 539 564 1943 621; baseline -0.004 -13"><span class='ocrx_word' id='word_1_26' title='bbox 539 583 584 608; x_wconf 88' lang='lat' dir='ltr'>ea</span> <span class='ocrx_word' id='word_1_27' title='bbox 597 569 708 615; x_wconf 90' lang='lat' dir='ltr'>dicit,</span> <span class='ocrx_word' id='word_1_28' title='bbox 726 577 770 608; x_wconf 90' lang='lat' dir='ltr'>ut</span> <span class='ocrx_word' id='word_1_29' title='bbox 788 567 836 606; x_wconf 87' lang='lat' dir='ltr'>ab</span> <span class='ocrx_word' id='word_1_30' title='bbox 855 567 935 621; x_wconf 91' lang='lat' dir='ltr'>ipsa</span> <span class='ocrx_word' id='word_1_31' title='bbox 954 576 1087 606; x_wconf 89' lang='lat' dir='ltr'>natura</span> <span class='ocrx_word' id='word_1_32' title='bbox 1105 566 1289 612; x_wconf 88' lang='lat' dir='ltr'>didicisse,</span> <span class='ocrx_word' id='word_1_33' title='bbox 1306 579 1385 605; x_wconf 90' lang='lat' dir='ltr'>non</span> <span class='ocrx_word' id='word_1_34' title='bbox 1400 575 1444 605; x_wconf 91' lang='lat' dir='ltr'>ut</span> <span class='ocrx_word' id='word_1_35' title='bbox 1458 565 1537 619; x_wconf 90' lang='lat' dir='ltr'>ipse</span> <span class='ocrx_word' id='word_1_36' title='bbox 1553 564 1739 618; x_wconf 80' lang='lat' dir='ltr'>reperisse,</span> <span class='ocrx_word' id='word_1_37' title='bbox 1755 564 1943 603; x_wconf 86' lang='lat' dir='ltr'>videatur.</span> 
     </span>
     <span class='ocr_line' id='line_1_6' title="bbox 543 629 1945 687; baseline -0.005 -13"><span class='ocrx_word' id='word_1_38' title='bbox 543 636 582 674; x_wconf 87' lang='lat' dir='ltr'>Si</span> <span class='ocrx_word' id='word_1_39' title='bbox 601 635 722 679; x_wconf 88' lang='lat' dir='ltr'>enim,</span> <span class='ocrx_word' id='word_1_40' title='bbox 742 633 886 687; x_wconf 90' lang='lat' dir='ltr'>inquit,</span> <span class='ocrx_word' id='word_1_41' title='bbox 907 633 960 672; x_wconf 89' lang='lat' dir='ltr'>est</span> <span class='ocrx_word' id='word_1_42' title='bbox 975 633 1121 686; x_wconf 92' lang='lat' dir='ltr'>aliquid</span> <span class='ocrx_word' id='word_1_43' title='bbox 1141 633 1182 671; x_wconf 89' lang='lat' dir='ltr'>in</span> <span class='ocrx_word' id='word_1_44' title='bbox 1203 645 1330 671; x_wconf 87' lang='lat' dir='ltr'>rerum</span> <span class='ocrx_word' id='word_1_45' title='bbox 1344 640 1490 677; x_wconf 86' lang='lat' dir='ltr'>natura,</span> <span class='ocrx_word' id='word_1_46' title='bbox 1507 631 1611 684; x_wconf 92' lang='lat' dir='ltr'>quod</span> <span class='ocrx_word' id='word_1_47' title='bbox 1627 629 1798 669; x_wconf 91' lang='lat' dir='ltr'>hominis</span> <span class='ocrx_word' id='word_1_48' title='bbox 1820 641 1945 674; x_wconf 89' lang='lat' dir='ltr'>mens,</span> 
     </span>
     <span class='ocr_line' id='line_1_7' title="bbox 542 694 1944 753; baseline -0.004 -14"><span class='ocrx_word' id='word_1_49' title='bbox 542 700 649 753; x_wconf 91' lang='lat' dir='ltr'>quod</span> <span class='ocrx_word' id='word_1_50' title='bbox 670 700 779 744; x_wconf 90' lang='lat' dir='ltr'>ratio,</span> <span class='ocrx_word' id='word_1_51' title='bbox 812 696 917 751; x_wconf 91' lang='lat' dir='ltr'>quod</span> <span class='ocrx_word' id='word_1_52' title='bbox 936 698 1007 743; x_wconf 85' lang='lat' dir='ltr'>vis,</span> <span class='ocrx_word' id='word_1_53' title='bbox 1043 697 1148 750; x_wconf 90' lang='lat' dir='ltr'>quod</span> <span class='ocrx_word' id='word_1_54' title='bbox 1168 697 1329 751; x_wconf 87' lang='lat' dir='ltr'>potestas</span> <span class='ocrx_word' id='word_1_55' title='bbox 1349 696 1518 735; x_wconf 88' lang='lat' dir='ltr'>humana</span> <span class='ocrx_word' id='word_1_56' title='bbox 1536 696 1685 735; x_wconf 82' lang='lat' dir='ltr'>efficere</span> <span class='ocrx_word' id='word_1_57' title='bbox 1706 708 1784 734; x_wconf 89' lang='lat' dir='ltr'>non</span> <span class='ocrx_word' id='word_1_58' title='bbox 1803 694 1944 749; x_wconf 68' lang='lat' dir='ltr'>possit,</span> 
     </span>
     <span class='ocr_line' id='line_1_8' title="bbox 541 760 1947 817; baseline -0.005 -12"><span class='ocrx_word' id='word_1_59' title='bbox 541 767 595 805; x_wconf 89' lang='lat' dir='ltr'>est</span> <span class='ocrx_word' id='word_1_60' title='bbox 614 775 714 804; x_wconf 89' lang='lat' dir='ltr'>certe</span> <span class='ocrx_word' id='word_1_61' title='bbox 734 766 787 810; x_wconf 90' lang='lat' dir='ltr'>id,</span> <span class='ocrx_word' id='word_1_62' title='bbox 809 764 915 817; x_wconf 92' lang='lat' dir='ltr'>quod</span> <span class='ocrx_word' id='word_1_63' title='bbox 934 763 1035 802; x_wconf 89' lang='lat' dir='ltr'>illud</span> <span class='ocrx_word' id='word_1_64' title='bbox 1053 763 1187 808; x_wconf 88' lang='lat' dir='ltr'>efficit,</span> <span class='ocrx_word' id='word_1_65' title='bbox 1207 762 1369 802; x_wconf 91' lang='lat' dir='ltr'>homine</span> <span class='ocrx_word' id='word_1_66' title='bbox 1389 763 1542 801; x_wconf 87' lang='lat' dir='ltr'>melius.</span> <span class='ocrx_word' id='word_1_67' title='bbox 1568 762 1692 814; x_wconf 86' lang='lat' dir='ltr'>Atqui</span> <span class='ocrx_word' id='word_1_68' title='bbox 1713 774 1770 800; x_wconf 91' lang='lat' dir='ltr'>res</span> <span class='ocrx_word' id='word_1_69' title='bbox 1785 760 1947 799; x_wconf 81' lang='lat' dir='ltr'>caelestes</span> 
     </span>
     <span class='ocr_line' id='line_1_9' title="bbox 541 825 1948 884; baseline -0.005 -13"><span class='ocrx_word' id='word_1_70' title='bbox 541 832 754 884; x_wconf 88' lang='lat' dir='ltr'>omnesque</span> <span class='ocrx_word' id='word_1_71' title='bbox 772 844 838 875; x_wconf 80' lang='lat' dir='ltr'>eae,</span> <span class='ocrx_word' id='word_1_72' title='bbox 873 843 1037 882; x_wconf 89' lang='lat' dir='ltr'>quarum</span> <span class='ocrx_word' id='word_1_73' title='bbox 1058 828 1111 867; x_wconf 92' lang='lat' dir='ltr'>est</span> <span class='ocrx_word' id='word_1_74' title='bbox 1136 828 1230 868; x_wconf 89' lang='lat' dir='ltr'>ordo</span> <span class='ocrx_word' id='word_1_75' title='bbox 1250 829 1516 882; x_wconf 90' lang='lat' dir='ltr'>sempiternus,</span> <span class='ocrx_word' id='word_1_76' title='bbox 1550 828 1597 865; x_wconf 90' lang='lat' dir='ltr'>ab</span> <span class='ocrx_word' id='word_1_77' title='bbox 1623 826 1786 865; x_wconf 88' lang='lat' dir='ltr'>homine</span> <span class='ocrx_word' id='word_1_78' title='bbox 1805 825 1948 864; x_wconf 87' lang='lat' dir='ltr'>confici</span> 
     </span>
     <span class='ocr_line' id='line_1_10' title="bbox 543 890 1945 950; baseline -0.004 -15"><span class='ocrx_word' id='word_1_79' title='bbox 543 911 622 936; x_wconf 90' lang='lat' dir='ltr'>non</span> <span class='ocrx_word' id='word_1_80' title='bbox 642 895 808 950; x_wconf 83' lang='lat' dir='ltr'>possunt.</span> <span class='ocrx_word' id='word_1_81' title='bbox 832 895 900 933; x_wconf 87' lang='lat' dir='ltr'>Est</span> <span class='ocrx_word' id='word_1_82' title='bbox 919 895 1038 948; x_wconf 90' lang='lat' dir='ltr'>igitur</span> <span class='ocrx_word' id='word_1_83' title='bbox 1058 894 1112 940; x_wconf 90' lang='lat' dir='ltr'>id,</span> <span class='ocrx_word' id='word_1_84' title='bbox 1131 892 1210 947; x_wconf 88' lang='lat' dir='ltr'>quo</span> <span class='ocrx_word' id='word_1_85' title='bbox 1229 894 1297 932; x_wconf 89' lang='lat' dir='ltr'>illa</span> <span class='ocrx_word' id='word_1_86' title='bbox 1316 893 1592 938; x_wconf 88' lang='lat' dir='ltr'>conficiuntur,</span> <span class='ocrx_word' id='word_1_87' title='bbox 1610 891 1770 931; x_wconf 89' lang='lat' dir='ltr'>homine</span> <span class='ocrx_word' id='word_1_88' title='bbox 1790 890 1945 930; x_wconf 87' lang='lat' dir='ltr'>melius.</span> 
     </span>
     <span class='ocr_line' id='line_1_11' title="bbox 542 956 1948 1015; baseline -0.005 -14"><span class='ocrx_word' id='word_1_89' title='bbox 542 963 590 1002; x_wconf 91' lang='lat' dir='ltr'>Id</span> <span class='ocrx_word' id='word_1_90' title='bbox 609 971 739 1001; x_wconf 90' lang='lat' dir='ltr'>autem</span> <span class='ocrx_word' id='word_1_91' title='bbox 758 961 853 1015; x_wconf 91' lang='lat' dir='ltr'>quid</span> <span class='ocrx_word' id='word_1_92' title='bbox 883 961 1014 1014; x_wconf 90' lang='lat' dir='ltr'>potius</span> <span class='ocrx_word' id='word_1_93' title='bbox 1033 960 1189 1006; x_wconf 85' lang='lat' dir='ltr'>dixeris,</span> <span class='ocrx_word' id='word_1_94' title='bbox 1223 973 1342 1013; x_wconf 88' lang='lat' dir='ltr'>quam</span> <span class='ocrx_word' id='word_1_95' title='bbox 1362 960 1494 998; x_wconf 90' lang='lat' dir='ltr'>Deum</span> <span class='ocrx_word' id='word_1_96' title='bbox 1511 958 1524 995; x_wconf 89' lang='lat'>?</span> <span class='ocrx_word' id='word_1_97' title='bbox 1557 958 1716 996; x_wconf 88' lang='lat' dir='ltr'>Etenim</span> <span class='ocrx_word' id='word_1_98' title='bbox 1732 956 1759 995; x_wconf 77' lang='lat' dir='ltr'>si</span> <span class='ocrx_word' id='word_1_99' title='bbox 1779 956 1850 996; x_wconf 92' lang='lat' dir='ltr'>Dii</span> <span class='ocrx_word' id='word_1_100' title='bbox 1869 968 1948 995; x_wconf 91' lang='lat' dir='ltr'>non</span> 
     </span>
     <span class='ocr_line' id='line_1_12' title="bbox 544 1023 1948 1082; baseline -0.004 -15"><span class='ocrx_word' id='word_1_101' title='bbox 544 1030 646 1074; x_wconf 88' lang='lat' dir='ltr'>sunt,</span> <span class='ocrx_word' id='word_1_102' title='bbox 663 1029 758 1082; x_wconf 92' lang='lat' dir='ltr'>quid</span> <span class='ocrx_word' id='word_1_103' title='bbox 773 1028 844 1067; x_wconf 85' lang='lat' dir='ltr'>effe</span> <span class='ocrx_word' id='word_1_104' title='bbox 858 1027 979 1081; x_wconf 90' lang='lat' dir='ltr'>potest</span> <span class='ocrx_word' id='word_1_105' title='bbox 995 1028 1035 1066; x_wconf 92' lang='lat' dir='ltr'>in</span> <span class='ocrx_word' id='word_1_106' title='bbox 1051 1040 1181 1066; x_wconf 89' lang='lat' dir='ltr'>rerum</span> <span class='ocrx_word' id='word_1_107' title='bbox 1201 1036 1334 1066; x_wconf 84' lang='lat' dir='ltr'>natura</span> <span class='ocrx_word' id='word_1_108' title='bbox 1345 1025 1505 1065; x_wconf 89' lang='lat' dir='ltr'>homine</span> <span class='ocrx_word' id='word_1_109' title='bbox 1520 1025 1660 1064; x_wconf 87' lang='lat' dir='ltr'>melius</span> <span class='ocrx_word' id='word_1_110' title='bbox 1677 1025 1690 1061; x_wconf 93' lang='lat'>?</span> <span class='ocrx_word' id='word_1_111' title='bbox 1712 1024 1761 1064; x_wconf 85' lang='lat' dir='ltr'>Iu</span> <span class='ocrx_word' id='word_1_112' title='bbox 1775 1036 1821 1062; x_wconf 92' lang='lat' dir='ltr'>eo</span> <span class='ocrx_word' id='word_1_113' title='bbox 1840 1023 1948 1061; x_wconf 89' lang='lat' dir='ltr'>enim</span> 
     </span>
     <span class='ocr_line' id='line_1_13' title="bbox 543 1088 1947 1147; baseline -0.004 -13"><span class='ocrx_word' id='word_1_114' title='bbox 543 1096 624 1134; x_wconf 84' lang='lat' dir='ltr'>solo</span> <span class='ocrx_word' id='word_1_115' title='bbox 644 1095 740 1134; x_wconf 87' lang='lat' dir='ltr'>ratio</span> <span class='ocrx_word' id='word_1_116' title='bbox 759 1094 824 1140; x_wconf 89' lang='lat' dir='ltr'>est,</span> <span class='ocrx_word' id='word_1_117' title='bbox 846 1108 922 1147; x_wconf 92' lang='lat' dir='ltr'>qua</span> <span class='ocrx_word' id='word_1_118' title='bbox 941 1092 1040 1132; x_wconf 88' lang='lat' dir='ltr'>nihil</span> <span class='ocrx_word' id='word_1_119' title='bbox 1060 1093 1183 1146; x_wconf 89' lang='lat' dir='ltr'>potest</span> <span class='ocrx_word' id='word_1_120' title='bbox 1203 1093 1273 1132; x_wconf 86' lang='lat' dir='ltr'>effe</span> <span class='ocrx_word' id='word_1_121' title='bbox 1290 1091 1540 1146; x_wconf 87' lang='lat' dir='ltr'>praestantius.</span> <span class='ocrx_word' id='word_1_122' title='bbox 1563 1090 1649 1130; x_wconf 82' lang='lat' dir='ltr'>Effe</span> <span class='ocrx_word' id='word_1_123' title='bbox 1669 1099 1799 1129; x_wconf 88' lang='lat' dir='ltr'>autem</span> <span class='ocrx_word' id='word_1_124' title='bbox 1813 1088 1947 1128; x_wconf 87' lang='lat' dir='ltr'>homi-</span> 
     </span>
     <span class='ocr_line' id='line_1_14' title="bbox 545 1154 1948 1213; baseline -0.004 -15"><span class='ocrx_word' id='word_1_125' title='bbox 545 1174 649 1206; x_wconf 89' lang='lat' dir='ltr'>nem,</span> <span class='ocrx_word' id='word_1_126' title='bbox 659 1161 729 1213; x_wconf 90' lang='lat' dir='ltr'>qui</span> <span class='ocrx_word' id='word_1_127' title='bbox 743 1159 842 1198; x_wconf 84' lang='lat' dir='ltr'>nihil</span> <span class='ocrx_word' id='word_1_128' title='bbox 857 1160 896 1197; x_wconf 89' lang='lat' dir='ltr'>in</span> <span class='ocrx_word' id='word_1_129' title='bbox 909 1159 1019 1197; x_wconf 92' lang='lat' dir='ltr'>omni</span> <span class='ocrx_word' id='word_1_130' title='bbox 1032 1159 1180 1197; x_wconf 89' lang='lat' dir='ltr'>mundo</span> <span class='ocrx_word' id='word_1_131' title='bbox 1194 1158 1332 1197; x_wconf 83' lang='lat' dir='ltr'>melius</span> <span class='ocrx_word' id='word_1_132' title='bbox 1345 1157 1416 1196; x_wconf 77' lang='lat' dir='ltr'>esse</span> <span class='ocrx_word' id='word_1_133' title='bbox 1424 1171 1540 1209; x_wconf 91' lang='lat' dir='ltr'>quam</span> <span class='ocrx_word' id='word_1_134' title='bbox 1551 1156 1584 1195; x_wconf 90' lang='lat' dir='ltr'>se</span> <span class='ocrx_word' id='word_1_135' title='bbox 1596 1165 1720 1211; x_wconf 89' lang='lat' dir='ltr'>putet,</span> <span class='ocrx_word' id='word_1_136' title='bbox 1729 1154 1948 1209; x_wconf 85' lang='lat' dir='ltr'>desipientis</span> 
     </span>
     <span class='ocr_line' id='line_1_15' title="bbox 542 1221 1944 1278; baseline -0.003 -14"><span class='ocrx_word' id='word_1_137' title='bbox 542 1226 766 1278; x_wconf 67' lang='lat' dir='ltr'>arrogantiae</span> <span class='ocrx_word' id='word_1_138' title='bbox 785 1224 850 1263; x_wconf 93' lang='lat' dir='ltr'>est.</span> <span class='ocrx_word' id='word_1_139' title='bbox 873 1226 980 1276; x_wconf 90' lang='lat' dir='ltr'>Ergo</span> <span class='ocrx_word' id='word_1_140' title='bbox 999 1224 1052 1262; x_wconf 92' lang='lat' dir='ltr'>est</span> <span class='ocrx_word' id='word_1_141' title='bbox 1068 1224 1213 1276; x_wconf 89' lang='lat' dir='ltr'>aliquid</span> <span class='ocrx_word' id='word_1_142' title='bbox 1235 1223 1372 1262; x_wconf 90' lang='lat' dir='ltr'>melius</span> <span class='ocrx_word' id='word_1_143' title='bbox 1392 1238 1400 1261; x_wconf 90' lang='lat'>:</span> <span class='ocrx_word' id='word_1_144' title='bbox 1423 1222 1476 1261; x_wconf 86' lang='lat' dir='ltr'>est</span> <span class='ocrx_word' id='word_1_145' title='bbox 1494 1222 1614 1275; x_wconf 90' lang='lat' dir='ltr'>igitur</span> <span class='ocrx_word' id='word_1_146' title='bbox 1632 1221 1805 1276; x_wconf 68' lang='lat' dir='ltr'>profecto</span> <span class='ocrx_word' id='word_1_147' title='bbox 1821 1222 1944 1260; x_wconf 90' lang='lat' dir='ltr'>Deus.</span> 
     </span>
    </p>

    <p class='ocr_par' dir='ltr' id='par_1_4' title="bbox 543 1287 1952 1671">
     <span class='ocr_line' id='line_1_16' title="bbox 600 1287 1949 1343; baseline -0.004 -13"><span class='ocrx_word' id='word_1_148' title='bbox 600 1293 665 1330; x_wconf 91' lang='lat' dir='ltr'>An</span> <span class='ocrx_word' id='word_1_149' title='bbox 685 1304 787 1336; x_wconf 91' lang='lat' dir='ltr'>vero,</span> <span class='ocrx_word' id='word_1_150' title='bbox 822 1290 848 1328; x_wconf 87' lang='lat' dir='ltr'>fi</span> <span class='ocrx_word' id='word_1_151' title='bbox 869 1290 1033 1328; x_wconf 90' lang='lat' dir='ltr'>domum</span> <span class='ocrx_word' id='word_1_152' title='bbox 1063 1303 1243 1343; x_wconf 84' lang='lat' dir='ltr'>magnam</span> <span class='ocrx_word' id='word_1_153' title='bbox 1263 1288 1547 1343; x_wconf 88' lang='lat' dir='ltr'>pulchramque</span> <span class='ocrx_word' id='word_1_154' title='bbox 1566 1288 1719 1333; x_wconf 88' lang='lat' dir='ltr'>videris,</span> <span class='ocrx_word' id='word_1_155' title='bbox 1751 1301 1829 1326; x_wconf 92' lang='lat' dir='ltr'>non</span> <span class='ocrx_word' id='word_1_156' title='bbox 1859 1287 1949 1340; x_wconf 88' lang='lat' dir='ltr'>pos-</span> 
     </span>
     <span class='ocr_line' id='line_1_17' title="bbox 543 1353 1950 1402; baseline -0.004 -7"><span class='ocrx_word' id='word_1_157' title='bbox 543 1357 591 1396; x_wconf 85' lang='lat' dir='ltr'>fis</span> <span class='ocrx_word' id='word_1_158' title='bbox 610 1356 762 1402; x_wconf 90' lang='lat' dir='ltr'>adduci,</span> <span class='ocrx_word' id='word_1_159' title='bbox 784 1364 840 1401; x_wconf 91' lang='lat' dir='ltr'>ut,</span> <span class='ocrx_word' id='word_1_160' title='bbox 872 1355 989 1393; x_wconf 88' lang='lat' dir='ltr'>etiam</span> <span class='ocrx_word' id='word_1_161' title='bbox 1010 1355 1038 1393; x_wconf 91' lang='lat' dir='ltr'>s1</span> <span class='ocrx_word' id='word_1_162' title='bbox 1063 1355 1270 1394; x_wconf 89' lang='lat' dir='ltr'>dominum</span> <span class='ocrx_word' id='word_1_163' title='bbox 1300 1367 1378 1393; x_wconf 88' lang='lat' dir='ltr'>non</span> <span class='ocrx_word' id='word_1_164' title='bbox 1406 1354 1547 1398; x_wconf 89' lang='lat' dir='ltr'>videas,</span> <span class='ocrx_word' id='word_1_165' title='bbox 1579 1353 1757 1392; x_wconf 88' lang='lat' dir='ltr'>muribus</span> <span class='ocrx_word' id='word_1_166' title='bbox 1782 1353 1893 1391; x_wconf 91' lang='lat' dir='ltr'>illam</span> <span class='ocrx_word' id='word_1_167' title='bbox 1911 1360 1950 1391; x_wconf 84' lang='lat' dir='ltr'>et</span> 
     </span>
     <span class='ocr_line' id='line_1_18' title="bbox 544 1418 1951 1475; baseline -0.004 -13"><span class='ocrx_word' id='word_1_168' title='bbox 544 1423 718 1463; x_wconf 89' lang='lat' dir='ltr'>mustelis</span> <span class='ocrx_word' id='word_1_169' title='bbox 739 1422 964 1462; x_wconf 85' lang='lat' dir='ltr'>aedificatam</span> <span class='ocrx_word' id='word_1_170' title='bbox 985 1431 1096 1475; x_wconf 90' lang='lat' dir='ltr'>putes</span> <span class='ocrx_word' id='word_1_171' title='bbox 1113 1440 1125 1468; x_wconf 68' lang='grc' dir='ltr'><strong><em>ς</em></strong></span> <span class='ocrx_word' id='word_1_172' title='bbox 1149 1430 1302 1460; x_wconf 85' lang='lat' dir='ltr'>tantum</span> <span class='ocrx_word' id='word_1_173' title='bbox 1322 1434 1411 1459; x_wconf 92' lang='lat' dir='ltr'>vero</span> <span class='ocrx_word' id='word_1_174' title='bbox 1430 1429 1612 1459; x_wconf 86' lang='lat' dir='ltr'>ornatum</span> <span class='ocrx_word' id='word_1_175' title='bbox 1628 1418 1781 1464; x_wconf 88' lang='lat' dir='ltr'>mundi,</span> <span class='ocrx_word' id='word_1_176' title='bbox 1803 1427 1951 1457; x_wconf 87' lang='lat' dir='ltr'>tantam</span> 
     </span>
     <span class='ocr_line' id='line_1_19' title="bbox 543 1484 1952 1542; baseline -0.004 -14"><span class='ocrx_word' id='word_1_177' title='bbox 543 1490 766 1529; x_wconf 88' lang='lat' dir='ltr'>varietatem</span> <span class='ocrx_word' id='word_1_178' title='bbox 786 1487 1199 1542; x_wconf 89' lang='lat' dir='ltr'>pulchritudinemque</span> <span class='ocrx_word' id='word_1_179' title='bbox 1231 1500 1359 1526; x_wconf 90' lang='lat' dir='ltr'>rerum</span> <span class='ocrx_word' id='word_1_180' title='bbox 1378 1486 1603 1531; x_wconf 89' lang='lat' dir='ltr'>caelestium,</span> <span class='ocrx_word' id='word_1_181' title='bbox 1636 1494 1782 1524; x_wconf 89' lang='lat' dir='ltr'>tantam</span> <span class='ocrx_word' id='word_1_182' title='bbox 1806 1484 1889 1523; x_wconf 90' lang='lat' dir='ltr'>vim</span> <span class='ocrx_word' id='word_1_183' title='bbox 1912 1493 1952 1523; x_wconf 89' lang='lat' dir='ltr'>et</span> 
     </span>
     <span class='ocr_line' id='line_1_20' title="bbox 546 1551 1951 1608; baseline -0.003 -15"><span class='ocrx_word' id='word_1_184' title='bbox 546 1555 859 1608; x_wconf 87' lang='lat' dir='ltr'>magnitudinem</span> <span class='ocrx_word' id='word_1_185' title='bbox 889 1555 1004 1592; x_wconf 90' lang='lat' dir='ltr'>maris</span> <span class='ocrx_word' id='word_1_186' title='bbox 1023 1562 1139 1606; x_wconf 89' lang='lat' dir='ltr'>atque</span> <span class='ocrx_word' id='word_1_187' title='bbox 1159 1563 1360 1598; x_wconf 89' lang='lat' dir='ltr'>terrarum,</span> <span class='ocrx_word' id='word_1_188' title='bbox 1392 1553 1420 1591; x_wconf 84' lang='lat' dir='ltr'><strong>fi</strong></span> <span class='ocrx_word' id='word_1_189' title='bbox 1451 1562 1580 1598; x_wconf 90' lang='lat' dir='ltr'>tuum,</span> <span class='ocrx_word' id='word_1_190' title='bbox 1612 1565 1655 1590; x_wconf 89' lang='lat' dir='ltr'>ac</span> <span class='ocrx_word' id='word_1_191' title='bbox 1675 1565 1754 1590; x_wconf 92' lang='lat' dir='ltr'>non</span> <span class='ocrx_word' id='word_1_192' title='bbox 1775 1551 1951 1590; x_wconf 88' lang='lat' dir='ltr'>Deorum</span> 
     </span>
     <span class='ocr_line' id='line_1_21' title="bbox 545 1616 1921 1671; baseline -0.004 -12"><span class='ocrx_word' id='word_1_193' title='bbox 545 1620 831 1659; x_wconf 88' lang='lat' dir='ltr'>immortalium</span> <span class='ocrx_word' id='word_1_194' title='bbox 852 1619 1113 1662; x_wconf 89' lang='lat' dir='ltr'>domicilium,</span> <span class='ocrx_word' id='word_1_195' title='bbox 1135 1626 1260 1671; x_wconf 88' lang='lat' dir='ltr'>putes,</span> <span class='ocrx_word' id='word_1_196' title='bbox 1282 1630 1411 1655; x_wconf 89' lang='lat' dir='ltr'>nonne</span> <span class='ocrx_word' id='word_1_197' title='bbox 1430 1617 1541 1670; x_wconf 90' lang='lat' dir='ltr'>plane</span> <span class='ocrx_word' id='word_1_198' title='bbox 1556 1617 1722 1670; x_wconf 80' lang='lat' dir='ltr'>desipere</span> <span class='ocrx_word' id='word_1_199' title='bbox 1741 1616 1921 1655; x_wconf 86' lang='lat' dir='ltr'>videare?</span> 
     </span>
    </p>

    <p class='ocr_par' dir='ltr' id='par_1_5' title="bbox 546 1681 1953 2118">
     <span class='ocr_line' id='line_1_22' title="bbox 602 1681 1949 1736; baseline -0.004 -12"><span class='ocrx_word' id='word_1_200' title='bbox 602 1687 667 1725; x_wconf 90' lang='lat' dir='ltr'>An</span> <span class='ocrx_word' id='word_1_201' title='bbox 699 1699 747 1723; x_wconf 90' lang='lat' dir='ltr'>ne</span> <span class='ocrx_word' id='word_1_202' title='bbox 777 1684 853 1722; x_wconf 93' lang='lat' dir='ltr'>hoc</span> <span class='ocrx_word' id='word_1_203' title='bbox 875 1684 1034 1736; x_wconf 91' lang='lat' dir='ltr'>quidem</span> <span class='ocrx_word' id='word_1_204' title='bbox 1062 1683 1336 1736; x_wconf 79' lang='lat' dir='ltr'>intelligimus,</span> <span class='ocrx_word' id='word_1_205' title='bbox 1368 1683 1501 1721; x_wconf 85' lang='lat' dir='ltr'>omnia</span> <span class='ocrx_word' id='word_1_206' title='bbox 1521 1682 1651 1735; x_wconf 89' lang='lat' dir='ltr'>supera</span> <span class='ocrx_word' id='word_1_207' title='bbox 1669 1681 1740 1720; x_wconf 81' lang='lat' dir='ltr'>effe</span> <span class='ocrx_word' id='word_1_208' title='bbox 1758 1681 1949 1720; x_wconf 84' lang='lat' dir='ltr'>meliora?</span> 
     </span>
     <span class='ocr_line' id='line_1_23' title="bbox 547 1745 1949 1800; baseline -0.004 -10"><span class='ocrx_word' id='word_1_209' title='bbox 547 1761 687 1790; x_wconf 87' lang='lat' dir='ltr'>terram</span> <span class='ocrx_word' id='word_1_210' title='bbox 706 1760 835 1788; x_wconf 92' lang='lat' dir='ltr'>autem</span> <span class='ocrx_word' id='word_1_211' title='bbox 855 1748 924 1786; x_wconf 89' lang='lat' dir='ltr'>esse</span> <span class='ocrx_word' id='word_1_212' title='bbox 945 1749 1137 1794; x_wconf 88' lang='lat' dir='ltr'>infimam,</span> <span class='ocrx_word' id='word_1_213' title='bbox 1159 1761 1277 1800; x_wconf 89' lang='lat' dir='ltr'>quam</span> <span class='ocrx_word' id='word_1_214' title='bbox 1297 1747 1535 1786; x_wconf 85' lang='lat' dir='ltr'>craffiffimus</span> <span class='ocrx_word' id='word_1_215' title='bbox 1553 1745 1844 1786; x_wconf 84' lang='lat' dir='ltr'>circumfundat</span> <span class='ocrx_word' id='word_1_216' title='bbox 1864 1747 1949 1784; x_wconf 86' lang='lat' dir='ltr'>aer?</span> 
     </span>
     <span class='ocr_line' id='line_1_24' title="bbox 547 1813 1948 1869; baseline -0.004 -13"><span class='ocrx_word' id='word_1_217' title='bbox 547 1826 591 1856; x_wconf 88' lang='lat' dir='ltr'>ut</span> <span class='ocrx_word' id='word_1_218' title='bbox 611 1818 661 1855; x_wconf 94' lang='lat' dir='ltr'>ob</span> <span class='ocrx_word' id='word_1_219' title='bbox 681 1830 766 1855; x_wconf 88' lang='lat' dir='ltr'>eam</span> <span class='ocrx_word' id='word_1_220' title='bbox 787 1815 906 1869; x_wconf 87' lang='lat' dir='ltr'>ipsam</span> <span class='ocrx_word' id='word_1_221' title='bbox 932 1814 1098 1860; x_wconf 88' lang='lat' dir='ltr'>causam,</span> <span class='ocrx_word' id='word_1_222' title='bbox 1131 1813 1236 1867; x_wconf 92' lang='lat' dir='ltr'>quod</span> <span class='ocrx_word' id='word_1_223' title='bbox 1255 1814 1373 1852; x_wconf 90' lang='lat' dir='ltr'>etiam</span> <span class='ocrx_word' id='word_1_224' title='bbox 1393 1813 1625 1866; x_wconf 88' lang='lat' dir='ltr'>quibusdam</span> <span class='ocrx_word' id='word_1_225' title='bbox 1646 1813 1868 1866; x_wconf 84' lang='lat' dir='ltr'>regionibus</span> <span class='ocrx_word' id='word_1_226' title='bbox 1888 1822 1948 1851; x_wconf 86' lang='lat' dir='ltr'>at-</span> 
     </span>
     <span class='ocr_line' id='line_1_25' title="bbox 547 1877 1951 1937; baseline -0.004 -15"><span class='ocrx_word' id='word_1_227' title='bbox 547 1897 623 1937; x_wconf 89' lang='lat' dir='ltr'>que</span> <span class='ocrx_word' id='word_1_228' title='bbox 650 1882 811 1921; x_wconf 88' lang='lat' dir='ltr'>urbibus</span> <span class='ocrx_word' id='word_1_229' title='bbox 831 1881 1052 1934; x_wconf 86' lang='lat' dir='ltr'>contingere</span> <span class='ocrx_word' id='word_1_230' title='bbox 1072 1880 1262 1925; x_wconf 87' lang='lat' dir='ltr'>videmus,</span> <span class='ocrx_word' id='word_1_231' title='bbox 1283 1878 1480 1918; x_wconf 87' lang='lat' dir='ltr'>hebetiora</span> <span class='ocrx_word' id='word_1_232' title='bbox 1499 1888 1542 1917; x_wconf 92' lang='lat' dir='ltr'>ut</span> <span class='ocrx_word' id='word_1_233' title='bbox 1561 1879 1632 1917; x_wconf 76' lang='lat' dir='ltr'>sint</span> <span class='ocrx_word' id='word_1_234' title='bbox 1656 1877 1868 1917; x_wconf 90' lang='lat' dir='ltr'>hominum</span> <span class='ocrx_word' id='word_1_235' title='bbox 1887 1879 1951 1916; x_wconf 86' lang='lat' dir='ltr'>in-</span> 
     </span>
     <span class='ocr_line' id='line_1_26' title="bbox 546 1943 1953 2002; baseline -0.004 -15"><span class='ocrx_word' id='word_1_236' title='bbox 546 1950 660 2002; x_wconf 88' lang='lat' dir='ltr'>genia</span> <span class='ocrx_word' id='word_1_237' title='bbox 679 1957 834 2001; x_wconf 88' lang='lat' dir='ltr'>propter</span> <span class='ocrx_word' id='word_1_238' title='bbox 852 1947 936 1984; x_wconf 77' lang='lat' dir='ltr'>caeli</span> <span class='ocrx_word' id='word_1_239' title='bbox 956 1947 1169 1999; x_wconf 86' lang='lat' dir='ltr'>pleniorem</span> <span class='ocrx_word' id='word_1_240' title='bbox 1190 1954 1380 1991; x_wconf 88' lang='lat' dir='ltr'>naturam,</span> <span class='ocrx_word' id='word_1_241' title='bbox 1408 1944 1484 1984; x_wconf 88' lang='lat' dir='ltr'>hoc</span> <span class='ocrx_word' id='word_1_242' title='bbox 1505 1945 1608 1983; x_wconf 91' lang='lat' dir='ltr'>idem</span> <span class='ocrx_word' id='word_1_243' title='bbox 1628 1945 1759 1998; x_wconf 91' lang='lat' dir='ltr'>generi</span> <span class='ocrx_word' id='word_1_244' title='bbox 1778 1943 1953 1982; x_wconf 85' lang='lat' dir='ltr'>humano</span> 
     </span>
     <span class='ocr_line' id='line_1_27' title="bbox 549 2010 1951 2066; baseline -0.004 -13"><span class='ocrx_word' id='word_1_245' title='bbox 549 2015 730 2059; x_wconf 87' lang='lat' dir='ltr'>evenerit,</span> <span class='ocrx_word' id='word_1_246' title='bbox 745 2013 849 2066; x_wconf 84' lang='lat' dir='ltr'>quod</span> <span class='ocrx_word' id='word_1_247' title='bbox 869 2014 909 2050; x_wconf 88' lang='lat' dir='ltr'>in</span> <span class='ocrx_word' id='word_1_248' title='bbox 930 2021 1038 2057; x_wconf 87' lang='lat' dir='ltr'>terra,</span> <span class='ocrx_word' id='word_1_249' title='bbox 1061 2011 1136 2050; x_wconf 88' lang='lat' dir='ltr'>hoc</span> <span class='ocrx_word' id='word_1_250' title='bbox 1156 2012 1222 2056; x_wconf 91' lang='lat' dir='ltr'>est,</span> <span class='ocrx_word' id='word_1_251' title='bbox 1240 2012 1280 2049; x_wconf 93' lang='lat' dir='ltr'>in</span> <span class='ocrx_word' id='word_1_252' title='bbox 1295 2011 1511 2050; x_wconf 73' lang='lat' dir='ltr'>crassissima</span> <span class='ocrx_word' id='word_1_253' title='bbox 1526 2012 1679 2063; x_wconf 89' lang='lat' dir='ltr'>regione</span> <span class='ocrx_word' id='word_1_254' title='bbox 1696 2010 1849 2055; x_wconf 89' lang='lat' dir='ltr'>mundi,</span> <span class='ocrx_word' id='word_1_255' title='bbox 1867 2010 1951 2048; x_wconf 89' lang='lat' dir='ltr'>col-</span> 
     </span>
     <span class='ocr_line' id='line_1_28' title="bbox 549 2080 840 2118; baseline -0.003 0"><span class='ocrx_word' id='word_1_256' title='bbox 549 2080 666 2118; x_wconf 86' lang='lat' dir='ltr'>locati</span> <span class='ocrx_word' id='word_1_257' title='bbox 687 2080 772 2118; x_wconf 85' lang='lat' dir='ltr'>sint.</span> <span class='ocrx_word' id='word_1_258' title='bbox 836 2082 840 2085; x_wconf 87' lang='grc'><strong>’</strong></span> 
     </span>
    </p>

    <p class='ocr_par' dir='ltr' id='par_1_6' title="bbox 548 2141 1951 2661">
     <span class='ocr_line' id='line_1_29' title="bbox 610 2141 1951 2197; baseline -0.004 -13"><span class='ocrx_word' id='word_1_259' title='bbox 610 2147 663 2184; x_wconf 88' lang='lat' dir='ltr'>Et</span> <span class='ocrx_word' id='word_1_260' title='bbox 683 2155 811 2184; x_wconf 84' lang='lat' dir='ltr'>tamen</span> <span class='ocrx_word' id='word_1_261' title='bbox 832 2157 878 2182; x_wconf 89' lang='lat' dir='ltr'>ex</span> <span class='ocrx_word' id='word_1_262' title='bbox 910 2144 986 2197; x_wconf 83' lang='lat' dir='ltr'>ipsa</span> <span class='ocrx_word' id='word_1_263' title='bbox 1017 2143 1225 2182; x_wconf 88' lang='lat' dir='ltr'>hominum</span> <span class='ocrx_word' id='word_1_264' title='bbox 1248 2142 1396 2182; x_wconf 86' lang='lat' dir='ltr'>solertia</span> <span class='ocrx_word' id='word_1_265' title='bbox 1414 2141 1486 2181; x_wconf 74' lang='lat' dir='ltr'>ess‘e</span> <span class='ocrx_word' id='word_1_266' title='bbox 1505 2142 1675 2194; x_wconf 85' lang='lat' dir='ltr'>aliquam</span> <span class='ocrx_word' id='word_1_267' title='bbox 1696 2149 1884 2186; x_wconf 88' lang='lat' dir='ltr'>mentem,</span> <span class='ocrx_word' id='word_1_268' title='bbox 1915 2151 1951 2179; x_wconf 85' lang='lat' dir='ltr'>et</span> 
     </span>
     <span class='ocr_line' id='line_1_30' title="bbox 549 2207 1951 2264; baseline -0.004 -13"><span class='ocrx_word' id='word_1_269' title='bbox 549 2227 634 2251; x_wconf 88' lang='lat' dir='ltr'>eam</span> <span class='ocrx_word' id='word_1_270' title='bbox 665 2212 824 2264; x_wconf 88' lang='lat' dir='ltr'>quidem</span> <span class='ocrx_word' id='word_1_271' title='bbox 850 2211 1033 2248; x_wconf 87' lang='lat' dir='ltr'>acriorem</span> <span class='ocrx_word' id='word_1_272' title='bbox 1064 2219 1101 2247; x_wconf 90' lang='lat' dir='ltr'>et</span> <span class='ocrx_word' id='word_1_273' title='bbox 1122 2210 1307 2255; x_wconf 87' lang='lat' dir='ltr'>divinam,</span> <span class='ocrx_word' id='word_1_274' title='bbox 1339 2209 1555 2248; x_wconf 88' lang='lat' dir='ltr'>existimare</span> <span class='ocrx_word' id='word_1_275' title='bbox 1576 2208 1776 2246; x_wconf 83' lang='lat' dir='ltr'>debemus.</span> <span class='ocrx_word' id='word_1_276' title='bbox 1838 2207 1951 2245; x_wconf 87' lang='lat' dir='ltr'>Unde</span> 
     </span>
     <span class='ocr_line' id='line_1_31' title="bbox 548 2274 1948 2329; baseline -0.004 -12"><span class='ocrx_word' id='word_1_277' title='bbox 548 2279 655 2317; x_wconf 84' lang='lat' dir='ltr'>enim</span> <span class='ocrx_word' id='word_1_278' title='bbox 676 2277 774 2316; x_wconf 88' lang='lat' dir='ltr'>hanc</span> <span class='ocrx_word' id='word_1_279' title='bbox 796 2276 916 2315; x_wconf 90' lang='lat' dir='ltr'>homo</span> <span class='ocrx_word' id='word_1_280' title='bbox 946 2277 1106 2329; x_wconf 81' lang='lat' dir='ltr'>arripuit</span> <span class='ocrx_word' id='word_1_281' title='bbox 1125 2277 1137 2313; x_wconf 91' lang='lat'>?</span> <span class='ocrx_word' id='word_1_282' title='bbox 1170 2285 1211 2314; x_wconf 90' lang='lat' dir='ltr'>ut</span> <span class='ocrx_word' id='word_1_283' title='bbox 1231 2277 1283 2314; x_wconf 86' lang='lat' dir='ltr'>ait</span> <span class='ocrx_word' id='word_1_284' title='bbox 1309 2276 1411 2329; x_wconf 88' lang='lat' dir='ltr'>apud</span> <span class='ocrx_word' id='word_1_285' title='bbox 1430 2274 1731 2328; x_wconf 86' lang='lat' dir='ltr'>Xenophontem</span> <span class='ocrx_word' id='word_1_286' title='bbox 1764 2276 1948 2312; x_wconf 84' lang='lat' dir='ltr'>Socrates.</span> 
     </span>
     <span class='ocr_line' id='line_1_32' title="bbox 552 2341 1951 2398; baseline -0.004 -15"><span class='ocrx_word' id='word_1_287' title='bbox 552 2346 661 2398; x_wconf 84' lang='lat' dir='ltr'>Qin</span> <span class='ocrx_word' id='word_1_288' title='bbox 682 2354 719 2382; x_wconf 89' lang='lat' dir='ltr'>et</span> <span class='ocrx_word' id='word_1_289' title='bbox 739 2343 959 2387; x_wconf 88' lang='lat' dir='ltr'>humorem,</span> <span class='ocrx_word' id='word_1_290' title='bbox 982 2353 1019 2380; x_wconf 91' lang='lat' dir='ltr'>et</span> <span class='ocrx_word' id='word_1_291' title='bbox 1035 2343 1216 2388; x_wconf 83' lang='lat' dir='ltr'>calorem,</span> <span class='ocrx_word' id='word_1_292' title='bbox 1235 2343 1302 2395; x_wconf 87' lang='lat' dir='ltr'>qui</span> <span class='ocrx_word' id='word_1_293' title='bbox 1323 2343 1374 2380; x_wconf 89' lang='lat' dir='ltr'>cst</span> <span class='ocrx_word' id='word_1_294' title='bbox 1396 2341 1500 2380; x_wconf 89' lang='lat' dir='ltr'>fusus</span> <span class='ocrx_word' id='word_1_295' title='bbox 1521 2341 1560 2379; x_wconf 89' lang='lat' dir='ltr'>in</span> <span class='ocrx_word' id='word_1_296' title='bbox 1582 2354 1754 2394; x_wconf 82' lang='lat' dir='ltr'>corpore,</span> <span class='ocrx_word' id='word_1_297' title='bbox 1776 2350 1813 2378; x_wconf 90' lang='lat' dir='ltr'>ct</span> <span class='ocrx_word' id='word_1_298' title='bbox 1834 2350 1951 2378; x_wconf 86' lang='lat' dir='ltr'>terre-</span> 
     </span>
     <span class='ocr_line' id='line_1_33' title="bbox 553 2407 1950 2464; baseline -0.004 -14"><span class='ocrx_word' id='word_1_299' title='bbox 553 2426 639 2450; x_wconf 89' lang='lat' dir='ltr'>nam</span> <span class='ocrx_word' id='word_1_300' title='bbox 672 2411 791 2464; x_wconf 82' lang='lat' dir='ltr'>ipsam</span> <span class='ocrx_word' id='word_1_301' title='bbox 812 2410 997 2448; x_wconf 88' lang='lat' dir='ltr'>viscerum</span> <span class='ocrx_word' id='word_1_302' title='bbox 1020 2409 1264 2454; x_wconf 85' lang='lat' dir='ltr'>soliditatem,</span> <span class='ocrx_word' id='word_1_303' title='bbox 1300 2409 1479 2447; x_wconf 88' lang='lat' dir='ltr'>animum</span> <span class='ocrx_word' id='word_1_304' title='bbox 1501 2409 1667 2460; x_wconf 84' lang='lat' dir='ltr'>denique</span> <span class='ocrx_word' id='word_1_305' title='bbox 1695 2408 1807 2446; x_wconf 88' lang='lat' dir='ltr'>illum</span> <span class='ocrx_word' id='word_1_306' title='bbox 1837 2407 1950 2461; x_wconf 83' lang='lat' dir='ltr'>spira·</span> 
     </span>
     <span class='ocr_line' id='line_1_34' title="bbox 553 2473 1951 2529; baseline -0.004 -15"><span class='ocrx_word' id='word_1_307' title='bbox 553 2477 671 2514; x_wconf 79' lang='lat' dir='ltr'>bilem</span> <span class='ocrx_word' id='word_1_308' title='bbox 695 2477 718 2514; x_wconf 84' lang='lat' dir='ltr'>si</span> <span class='ocrx_word' id='word_1_309' title='bbox 741 2476 826 2529; x_wconf 87' lang='lat' dir='ltr'>quis</span> <span class='ocrx_word' id='word_1_310' title='bbox 847 2484 989 2528; x_wconf 78' lang='lat' dir='ltr'>quaerat</span> <span class='ocrx_word' id='word_1_311' title='bbox 1011 2475 1110 2513; x_wconf 88' lang='lat' dir='ltr'>unde</span> <span class='ocrx_word' id='word_1_312' title='bbox 1132 2474 1332 2519; x_wconf 77' lang='lat' dir='ltr'>habemus,</span> <span class='ocrx_word' id='word_1_313' title='bbox 1355 2484 1507 2527; x_wconf 78' lang='lat' dir='ltr'>apparet</span> <span class='ocrx_word' id='word_1_314' title='bbox 1528 2492 1536 2516; x_wconf 84' lang='lat'>;</span> <span class='ocrx_word' id='word_1_315' title='bbox 1569 2473 1675 2526; x_wconf 68' lang='lat' dir='ltr'>quod</span> <span class='ocrx_word' id='word_1_316' title='bbox 1695 2473 1798 2511; x_wconf 88' lang='lat' dir='ltr'>aliud</span> <span class='ocrx_word' id='word_1_317' title='bbox 1816 2486 1835 2510; x_wconf 83' lang='lat' dir='ltr'>a</span> <span class='ocrx_word' id='word_1_318' title='bbox 1857 2482 1951 2511; x_wconf 79' lang='lat' dir='ltr'>terra</span> 
     </span>
     <span class='ocr_line' id='line_1_35' title="bbox 552 2539 1949 2595; baseline -0.004 -15"><span class='ocrx_word' id='word_1_319' title='bbox 552 2542 796 2595; x_wconf 70' lang='lat' dir='ltr'>sumpsimus,</span> <span class='ocrx_word' id='word_1_320' title='bbox 826 2541 927 2579; x_wconf 83' lang='lat' dir='ltr'>aliud</span> <span class='ocrx_word' id='word_1_321' title='bbox 950 2541 996 2579; x_wconf 89' lang='lat' dir='ltr'>ab</span> <span class='ocrx_word' id='word_1_322' title='bbox 1024 2540 1202 2586; x_wconf 86' lang='lat' dir='ltr'>humore,</span> <span class='ocrx_word' id='word_1_323' title='bbox 1237 2540 1341 2579; x_wconf 88' lang='lat' dir='ltr'>aliud</span> <span class='ocrx_word' id='word_1_324' title='bbox 1367 2540 1414 2578; x_wconf 84' lang='lat' dir='ltr'>ab</span> <span class='ocrx_word' id='word_1_325' title='bbox 1447 2540 1549 2592; x_wconf 78' lang='lat' dir='ltr'>igne,</span> <span class='ocrx_word' id='word_1_326' title='bbox 1583 2539 1684 2577; x_wconf 80' lang='lat' dir='ltr'>aliud</span> <span class='ocrx_word' id='word_1_327' title='bbox 1712 2539 1759 2577; x_wconf 85' lang='lat' dir='ltr'>ab</span> <span class='ocrx_word' id='word_1_328' title='bbox 1790 2551 1870 2576; x_wconf 84' lang='lat' dir='ltr'>acre</span> <span class='ocrx_word' id='word_1_329' title='bbox 1890 2551 1949 2579; x_wconf 84' lang='lat' dir='ltr'>eo,</span> 
     </span>
     <span class='ocr_line' id='line_1_36' title="bbox 551 2608 1039 2661; baseline 0.002 -16"><span class='ocrx_word' id='word_1_330' title='bbox 551 2622 669 2661; x_wconf 83' lang='lat' dir='ltr'>quem</span> <span class='ocrx_word' id='word_1_331' title='bbox 692 2608 823 2661; x_wconf 85' lang='lat' dir='ltr'>spiritu</span> <span class='ocrx_word' id='word_1_332' title='bbox 844 2608 1039 2646; x_wconf 81' lang='lat' dir='ltr'>ducimus.</span> 
     </span>
    </p>
   </div>
  </div>
 </body>
</html>
