2330 2983
747 167 1023 206 LIBER
1080 166 1505 207 TERTIUS.
1744 182 1826 222 499

427 267 547 318 Qod
566 267 592 306 fi
612 267 711 320 ignis
731 281 778 305 ex
798 267 870 305 sese
891 267 968 320 ipse
984 268 1125 305 animal
1145 267 1210 312 est,
1233 267 1338 306 nulla
1358 266 1393 305 se
1413 267 1484 305 alia
1503 266 1734 306 admiscente
1756 283 1823 307 na-

428 342 525 379 tura,
548 334 732 387 quoniam
754 334 798 377 is,
813 347 906 371 cum
926 333 1021 371 inest
1041 334 1079 372 in
1096 334 1321 386 corporibus
1339 333 1487 378 nostris,
1507 334 1625 372 efficit
1646 343 1689 372 ut
1708 335 1825 372 senti-

429 413 553 445 amus,
575 414 652 438 non
672 400 794 452 potest
813 399 890 451 ipse
910 399 981 436 effe
1001 400 1076 437 fine
1096 400 1214 438 sensu.
1244 400 1388 438 Rursus
1410 400 1539 439 eadem
1561 400 1638 438 dici
1657 401 1823 453 poffunt.

429 465 635 518 Qidquid
654 465 706 503 est
726 465 845 509 enim,
867 465 971 516 quod
995 463 1142 503 sensum
1161 464 1311 509 habeat,
1338 466 1378 503 id
1395 466 1537 504 neceffe
1557 466 1609 504 est
1635 466 1768 505 sentiat
1788 476 1826 505 et

428 531 682 583 voluptatem,
717 539 755 569 et
774 530 946 568 dolorem
965 544 973 567 :
1007 530 1051 568 ad
1075 544 1193 582 quem
1213 539 1343 568 autem
1363 531 1474 568 dolor
1493 532 1632 575 veniat,
1664 533 1709 570 ad
1730 546 1824 570 eun-

427 597 518 635 dem
534 598 651 635 etiam
672 597 874 634 interitum
894 597 1035 635 venire.
1059 597 1117 634 lta
1137 595 1194 641 fit,
1218 605 1259 634 ut
1279 609 1326 634 ne
1346 596 1475 648 ignem
1497 597 1658 649 quidem
1677 599 1825 637 efficere

426 663 571 715 poffitis
593 672 793 702 aeternum.

484 729 594 780 Qid
613 729 746 767 enim?
778 742 855 768 non
882 728 1024 767 eisdem
1043 728 1151 767 vobis
1183 728 1322 782 placet,
1352 741 1513 767 omnem
1544 729 1675 782 ignem
1704 729 1825 782 pastus

428 795 599 848 indigere
616 795 629 832 ?
659 809 730 834 nec
750 807 971 849 permanere
991 795 1072 834 ullo
1088 795 1206 834 modo
1224 795 1339 849 poffe,
1369 795 1438 834 nifi
1454 796 1601 834 alatur?
1632 795 1682 833 ali
1698 806 1827 835 autem

428 860 564 907 solem,
596 862 742 906 lunam,
774 862 921 915 reliqua
952 861 1044 900 astra
1075 862 1199 914 aquis,
1230 861 1302 900 alia
1321 861 1515 906 dulcibus,
1546 861 1618 899 alia
1637 863 1793 901 marinis
1811 864 1825 899 ?

430 926 609 979 Eamque
626 927 778 965 causam
800 926 1005 966 Cleanthes
1025 927 1145 972 affert,
1173 941 1243 966 cur
1262 927 1298 965 se
1317 927 1370 966 sol
1397 926 1547 972 referat,
1584 941 1652 965 nec
1672 928 1827 980 longius

427 992 689 1044 progrediatur
704 993 888 1031 solstitiali
908 993 1013 1038 orbe,
1030 994 1203 1045 itemque
1222 994 1403 1038 brumali,
1421 1007 1467 1031 ne
1486 994 1641 1045 longius
1662 993 1828 1032 discedat

429 1071 451 1094 a
483 1058 585 1097 cibo.
632 1059 724 1097 Hoc
754 1068 884 1098 totum
914 1059 1027 1112 quale
1046 1059 1104 1104 fit,
1137 1073 1254 1098 mox:
1286 1072 1390 1097 nunc
1410 1069 1539 1097 autem
1558 1060 1826 1105 concludatur,

429 1122 542 1168 illud,
575 1125 679 1176 quod
699 1126 853 1163 interire
872 1125 997 1177 poffit,
1030 1126 1070 1162 id
1101 1134 1286 1162 aeternum
1306 1138 1385 1162 non
1410 1125 1480 1163 effe
1499 1125 1656 1163 natura:
1694 1126 1828 1178 ignem

427 1197 557 1227 autem
577 1190 825 1228 interiturum
844 1189 929 1235 effe,
947 1189 1017 1228 nisi
1037 1189 1158 1227 alatur
1175 1204 1184 1228 :
1216 1203 1296 1228 non
1315 1189 1385 1228 effe
1404 1190 1525 1243 igitur
1543 1190 1677 1228 natura
1696 1191 1828 1244 ignem

430 1253 725 1307 sempiternum.

484 1321 577 1359 XV.
599 1320 767 1372 Qalem
787 1329 917 1359 autem
937 1321 1070 1359 Deum
1089 1320 1303 1373 intelligere
1322 1333 1391 1359 nos
1408 1319 1604 1374 poffumus
1624 1320 1730 1359 nulla
1749 1323 1828 1360 vir-

429 1394 514 1424 tute
530 1386 734 1439 praeditum
751 1387 764 1423 ?
787 1386 896 1438 Qid
914 1387 1020 1424 enim
1036 1387 1048 1423 ?
1072 1387 1366 1439 prudentiamne
1379 1387 1466 1425 Deo
1481 1387 1697 1425 tribuemus
1713 1388 1726 1425 ?
1744 1402 1830 1440 quae

428 1452 576 1490 constat
593 1465 640 1490 ex
660 1451 816 1490 scientia
832 1465 959 1490 rerum
980 1452 1170 1490 bonarum
1187 1461 1225 1490 et
1241 1452 1443 1498 malarum,
1464 1461 1516 1498 et,
1535 1466 1603 1491 nec
1624 1453 1828 1499 bonarum,

431 1531 503 1556 nec
534 1518 738 1557 malarum.
785 1518 862 1557 Cui
894 1518 987 1556 mali
1018 1517 1118 1556 nihil
1145 1518 1211 1564 est,
1242 1531 1313 1556 nec
1339 1518 1409 1557 effe
1442 1519 1579 1571 potest,
1610 1519 1705 1571 quid
1735 1518 1830 1558 huic

428 1597 526 1636 opus
557 1583 609 1621 est
636 1584 784 1620 delectu
816 1584 1008 1620 bonorum
1039 1593 1078 1619 et
1104 1583 1328 1620 malorum?
1360 1583 1468 1634 Qid
1488 1593 1618 1621 autem
1650 1585 1830 1623 ratione?

430 1649 527 1702 quid
542 1648 798 1700 intelligentia
813 1648 826 1684 ?
858 1648 999 1700 quibus
1021 1647 1169 1686 utimur
1185 1648 1231 1686 ad
1251 1662 1334 1687 eam
1352 1662 1448 1694 rem,
1466 1658 1510 1688 ut
1529 1651 1667 1703 apertis
1689 1651 1830 1689 obscu-

428 1728 470 1753 ra
485 1713 735 1766 affequamur.
767 1715 822 1752 At
837 1713 1045 1751 obscurum
1062 1714 1149 1751 Deo
1165 1711 1264 1751 nihil
1280 1714 1402 1766 potest
1420 1714 1504 1752 effe.
1537 1715 1644 1754 Nam
1666 1717 1828 1768 justitia,

428 1795 516 1834 quae
536 1780 648 1818 suum
669 1781 809 1832 cuique
830 1779 1036 1824 distribuit,
1067 1779 1161 1831 quid
1181 1779 1348 1832 pertinet
1367 1779 1413 1817 ad
1435 1781 1538 1819 Deos
1558 1781 1571 1817 ?
1605 1782 1832 1822 Hominum

429 1847 536 1884 enim
557 1846 709 1884 societas
738 1855 776 1883 et
795 1846 1069 1890 communitas,
1105 1854 1147 1883 ut
1168 1858 1232 1883 vos
1264 1845 1407 1890 dicitis,
1432 1846 1622 1898 justitiam
1653 1861 1829 1900 procrea-

430 1911 501 1950 vit.
538 1912 814 1963 Temperantia
834 1920 962 1949 autem
982 1911 1126 1950 constat
1145 1924 1192 1949 ex
1213 1911 1547 1964 praetermittendis
1566 1913 1828 1966 voluptatibus

428 1976 602 2029 corporis
618 1995 630 2021 ,ς
663 1977 728 2014 cui
748 1977 774 2015 fi
794 1977 902 2016 locus
922 1978 964 2015 in
983 1978 1076 2015 caelo
1095 1977 1161 2022 est,
1190 1976 1244 2015 est
1263 1977 1379 2015 etiam
1399 1977 1675 2031 voluptatibus.
1722 1981 1829 2019 Nam

429 2042 540 2082 fortis
561 2042 669 2080 Deus
700 2043 867 2096 intelligi
897 2044 966 2095 qu‘i
986 2043 1133 2097 potest?
1166 2043 1206 2081 in
1237 2043 1380 2088 dolore,
1411 2057 1458 2083 an
1478 2044 1518 2082 in
1539 2044 1681 2090 labore,
1712 2059 1759 2084 an
1788 2047 1830 2085 in

428 2108 624 2162 periculo?
646 2123 814 2161 quorum
829 2111 962 2148 Deum
984 2109 1082 2148 nihil
1102 2110 1271 2162 attingit.
1303 2110 1390 2149 Nec
1410 2111 1556 2149 ratione
1575 2112 1696 2165 igitur
1715 2122 1829 2151 uten-

430 2184 525 2220 tem,
539 2188 609 2213 nec
629 2176 769 2213 virtute
789 2176 867 2214 ulla
885 2177 1104 2229 praeditum,
1122 2177 1254 2215 Deum
1274 2177 1489 2231 intelligere
1509 2179 1578 2231 qui
1597 2179 1794 2231 poffumus
1813 2181 1828 2217 ?

486 2241 574 2279 Nec
607 2254 697 2279 vero
730 2241 838 2294 vulgi
868 2251 982 2295 atque
1013 2243 1285 2296 imperitorum
1304 2244 1496 2283 inscitiam
1523 2244 1711 2297 despicere
1740 2246 1829 2298 pos-

433 2307 530 2352 sum,
561 2320 654 2345 cum
675 2321 715 2346 ea
734 2309 942 2354 considero,
975 2323 1060 2362 quae
1079 2310 1262 2349 dicuntur
1292 2325 1311 2349 a
1339 2312 1474 2349 Stoicis
1493 2327 1502 2349 ;
1534 2311 1620 2349 sunt
1639 2312 1744 2349 enim
1765 2313 1830 2350 illa

433 2374 717 2427 imperitorum.
760 2375 909 2414 Piscem
931 2378 1014 2428 Syri
1034 2387 1271 2417 venerantur.
1311 2379 1445 2416 Omne
1459 2376 1536 2415 fere
1555 2391 1674 2430 genus
1692 2378 1829 2416 bestia-

435 2453 522 2478 rum
543 2440 719 2493 AEgyptii
736 2442 1061 2481 consecraverunt.
1094 2444 1182 2494 Jam
1199 2457 1286 2482 vero
1303 2444 1341 2481 in
1359 2444 1508 2482 Graecia
1522 2443 1666 2482 multos
1687 2442 1831 2482 habent

433 2518 482 2545 ex
512 2505 739 2547 hominibus
773 2508 891 2559 Deos,
923 2509 1182 2556 Alabandum,
1214 2509 1404 2549 Alabandi
1421 2528 1431 2553 ;
1463 2510 1629 2556 Tenedi,
1646 2511 1799 2550 Tenem
1815 2528 1827 2555 ς

1364 2576 1402 2613 R
1422 2589 1438 2613 r
1459 2589 1476 2614 r
1507 2588 1527 2614 2
