2330 2983
754 221 1452 280 IUIBERPRIMUS.
1723 237 1797 279 275

408 322 514 361 sensu
546 321 793 374 molestiaque
825 335 1031 360 careamus.
1064 322 1128 360 Sin
1149 331 1276 361 autem
1298 322 1394 361 nihil
1424 322 1724 368 denuntiabitur,
1755 338 1800 363 eo

408 396 537 425 tamen
558 387 673 425 fimus
693 387 837 431 animo,
868 396 911 424 ut
930 385 1157 425 horribilem
1177 387 1290 426 illum
1312 388 1415 426 diem
1436 387 1532 432 aliis,
1565 389 1674 426 nobis
1697 388 1796 428 faus-

408 461 495 491 tum
527 460 721 504 putemus,
752 450 929 503 nihilque
961 452 1002 489 in
1037 451 1146 488 malis
1175 452 1376 496 ducamus,
1407 453 1511 504 quod
1531 453 1574 491 fit
1591 454 1649 491 vel
1670 468 1691 492 a
1710 455 1798 493 Diis

406 516 705 560 immortalibus,
735 516 794 553 vel
815 529 835 553 a
854 525 986 554 natura
1005 525 1158 568 parente
1177 516 1370 560 omnium,
1392 517 1658 557 constitutum.
1704 520 1798 558 Non

406 581 509 620 enim
531 591 672 620 temere
691 593 761 619 nec
789 579 951 619 fortuito
971 580 1038 619 sati
1071 589 1109 619 et
1129 581 1243 619 creati
1264 580 1408 626 sumus,
1439 581 1499 619 sed
1528 582 1699 634 profecto
1723 584 1797 623 fuit

406 648 582 700 quaedam
614 648 684 692 vis,
729 660 813 699 quae
846 647 974 700 generi
1005 646 1218 685 consuleret
1251 645 1423 686 humano
1435 665 1447 692 ς
1493 660 1563 685 nec
1596 649 1636 686 id
1661 651 1797 702 gigne-

405 725 476 759 ret,
496 724 560 753 aut
579 714 707 758 aleret,
728 713 847 766 quod,
877 727 970 752 cum
989 713 1252 752 exanclavisset
1279 727 1413 753 omnes
1432 712 1593 760 labores,
1622 724 1706 754 tum
1736 717 1796 754 in-

405 781 549 818 cideret
568 781 609 818 in
629 780 764 818 mortis
785 779 933 819 malum
953 779 1242 833 sempiternum.
1296 780 1457 818 Portum
1477 781 1605 833 potius
1624 791 1798 834 paratum

405 846 516 884 nobis
551 855 589 884 et
618 844 840 898 perfugium
867 854 1073 898 putemus,
1105 858 1183 898 quo
1218 844 1367 884 utinam
1400 845 1494 883 velis
1513 845 1621 899 paffis
1642 847 1795 900 pervehi

405 912 540 951 liceat!
564 912 630 950 Sin
650 910 870 950 reflantibus
889 911 1012 950 ventis
1031 911 1264 964 rejiciemur‚
1283 920 1411 951 tamen
1430 912 1566 951 eodem
1585 912 1700 966 paulo
1719 923 1796 953 tar-

403 979 489 1017 dius
509 977 717 1016 referamur
735 976 875 1016 neceffe
894 977 961 1016 est.
993 977 1111 1029 Qod
1131 986 1258 1017 autem
1276 978 1458 1017 omnibus
1478 978 1620 1017 neceffe
1639 979 1704 1025 est,
1734 980 1797 1019 id-

402 1057 451 1082 ne
471 1043 654 1081 miserum
673 1041 743 1080 esse
762 1043 830 1080 uni
851 1042 971 1096 potest
990 1043 1003 1081 ?

430 1109 564 1149 Habes
598 1107 813 1161 epilogum,
840 1121 888 1147 ne
918 1107 1012 1160 quid
1041 1108 1331 1161 praetermiss‘um
1365 1117 1430 1147 aut
1460 1109 1637 1148 relietum
1669 1120 1794 1163 putes.

402 1178 632 1215 AumToR.
665 1174 752 1227 Ego
776 1187 880 1213 vero.
926 1175 980 1213 Et
998 1173 1158 1227 quidem
1190 1173 1283 1213 fecit
1301 1175 1420 1214 etiam
1449 1175 1516 1213 iste
1535 1189 1597 1214 me
1622 1176 1795 1231 epilogus

401 1241 627 1280 firmiorem.
660 1240 874 1279 MARCUS.
898 1240 1076 1293 Optime,
1097 1241 1272 1293 inquam.
1304 1241 1374 1279 Sed
1393 1254 1498 1281 nunc
1514 1241 1673 1294 quidem
1692 1243 1795 1281 vale-

401 1307 530 1347 tudini
549 1307 762 1345 tribuamus
796 1306 957 1360 aliquid.
1003 1307 1095 1345 Cras
1118 1316 1262 1352 autem,
1291 1314 1330 1345 et
1357 1315 1454 1360 quot
1483 1306 1561 1345 dies
1579 1307 1720 1346 erimus
1754 1308 1795 1347 in

404 1372 639 1417 Tusculano,
669 1384 824 1425 agamus
850 1371 947 1416 haec,
978 1380 1016 1410 et
1035 1385 1077 1410 ea
1094 1372 1348 1426 podffimum,
1370 1386 1456 1425 quae
1475 1372 1705 1412 levationem
1723 1371 1794 1412 ha-

403 1439 518 1477 beant
536 1437 823 1491 aegritudinum,
844 1436 1114 1485 formidinum,
1135 1438 1392 1492 cupiditatum
1407 1457 1420 1485 ;
1451 1439 1519 1492 qui
1535 1439 1643 1479 omni
1663 1453 1683 1479 e
1701 1438 1795 1493 phi·

400 1501 577 1558 losophia
593 1503 646 1543 est
664 1502 810 1544 fruetus
826 1503 1054 1543 uberrimus.

1327 2609 1491 2650 Mmz
