2330 2983
608 223 685 264 ²90
899 205 1686 246 ‘TUSCULANARUM

605 308 785 347 Abducet
799 305 1003 350 Patrocles,
1023 305 1150 350 credo,
1168 314 1211 343 ut
1226 304 1388 343 collocet
1407 304 1447 342 in
1468 304 1603 349 cubili,
1617 313 1661 342 ut
1676 303 1813 343 vulnus
1828 305 1989 358 obliget,

605 373 632 411 fi
652 371 808 424 quidem
828 370 948 409 homo
966 370 1053 408 effet
1064 388 1077 415 ς
1108 370 1170 408 sed
1189 368 1287 408 nihil
1307 369 1386 408 vidi
1406 369 1550 408 minus.
1589 371 1738 422 Qaerit
1756 370 1875 414 enim,
1897 371 1991 422 quid
2049 375 2051 378 '

605 438 732 475 astum
753 436 810 474 sit.

741 502 912 553 Eloquere
926 518 937 546 ς
969 514 1025 539 res
1037 499 1225 552 Argivdm
1237 500 1364 553 praelio
1383 509 1425 539 ut
1430 502 1474 553 st’
1479 500 1644 553 stistinet.

608 566 701 605 Non
721 565 842 618 potest
860 565 966 603 effari
987 572 1136 603 tantum
1157 564 1282 610 distis,
1314 574 1505 617 quantum
1524 564 1632 603 factis
1653 565 1818 617 suppetit
1838 564 1989 604 laboris.

741 632 881 684 Qieste
900 631 1028 683 igitur,
1057 639 1092 668 et
1112 631 1242 669 vulnus
1260 631 1383 682 alliga.

608 697 739 737 Etiam
759 697 785 735 fi
806 696 1023 748 Eurypylus
1044 695 1176 747 posset,
1208 708 1285 733 non
1304 695 1423 747 pofl‘et
1441 695 1619 747 AEsopus.

1232 760 1304 799 Ubi
1302 761 1465 812 fortuna
1485 760 1653 799 HeeJoris·

748 825 916 878 Nostram
934 838 1050 864 acrem
1068 826 1175 863 aciem
1194 824 1401 862 inclinatam
1423 854 1431 862 .
1458 854 1466 862 .
1489 854 1498 862 .

606 900 646 930 et
664 899 796 929 caetera
813 889 978 942 explicat
998 890 1038 927 in
1059 889 1201 927 dolore.
1243 887 1304 927 Sic
1334 888 1387 926 est
1405 888 1510 926 enirn
1541 887 1798 940 intemperans
1818 887 1993 926 militaris

607 956 648 994 in
668 954 759 994 forti
787 955 870 994 viro
889 953 1021 1006 gloria.
1070 954 1176 1006 Ergo
1205 951 1287 991 haec
1306 961 1502 992 veteranus
1532 953 1643 991 miles
1673 951 1795 991 facere
1824 953 1964 1006 poterit
1979 970 1993 998 ς

607 1021 740 1059 doetus
759 1020 817 1059 vir
835 1019 1051 1072 sapiensque
1070 1031 1148 1058 non
1167 1018 1335 1071 poterit?
1357 1017 1428 1057 Ille
1447 1031 1535 1058 vero
1553 1017 1707 1063 melius,
1724 1031 1768 1057 ac
1782 1031 1861 1057 non
1880 1017 1995 1071 paulo

608 1086 781 1139 quidem.

669 1151 741 1190 Sed
773 1150 821 1188 de
853 1149 1126 1188 consuetudine
1155 1148 1281 1188 adhuc
1314 1149 1594 1188 exercitationis
1624 1150 1762 1203 loquor
1776 1168 1788 1195 5
1820 1149 1995 1188 nondum

608 1216 657 1255 de
686 1216 830 1254 ratione
861 1224 899 1253 et
928 1215 1121 1267 sapientia.
1152 1215 1328 1253 Aniculae
1348 1215 1441 1268 saepe
1459 1215 1628 1254 inediam
1648 1216 1812 1254 biduum
1831 1224 1897 1253 aut
1923 1215 1995 1253 tri-

608 1281 731 1319 duum
750 1279 892 1318 ferunt.
914 1279 1070 1317 Subduc
1089 1279 1224 1317 cibum
1243 1293 1365 1318 unum
1379 1280 1482 1317 diem
1498 1279 1672 1318 athletae:
1695 1281 1833 1330 Jovem
1849 1280 1994 1330 Olym·

607 1345 734 1398 pium,
754 1358 845 1383 eum
864 1343 1004 1396 ipsum,
1030 1344 1094 1382 cui
1121 1344 1156 1381 se
1174 1344 1379 1388 exercebit,
1407 1344 1630 1397 implorabit
1642 1362 1654 1389 ;
1685 1343 1780 1382 ferre
1798 1357 1874 1382 non
1894 1343 1996 1396 poffe

607 1410 802 1449 clamabit.
834 1408 1130 1448 Consuetudinis
1151 1422 1289 1462 magna
1307 1409 1362 1447 vis
1383 1409 1447 1447 est.
1490 1411 1715 1448 PernoCtant
1732 1418 1926 1447 venatores
1956 1409 1996 1446 in

608 1476 720 1514 nive:
741 1475 779 1512 in
800 1474 997 1512 montibus
1018 1474 1076 1512 uri
1095 1474 1130 1511 se
1149 1475 1360 1526 patiuntur.
1385 1474 1478 1512 Inde
1492 1475 1641 1527 pugiles
1659 1474 1829 1513 caestibus
1849 1473 1995 1512 contusi

609 1553 656 1578 ne
675 1538 932 1592 ingemiscunt
952 1538 1124 1590 quidem.
1157 1539 1227 1576 Sed
1247 1539 1341 1590 quid
1359 1537 1444 1583 hos,
1461 1539 1600 1590 quibus
1616 1539 1891 1592 Olympiorum
1911 1539 1994 1577 vic-

608 1605 705 1643 toria
725 1602 954 1641 Consulatus
984 1603 1050 1641 ille
1080 1603 1259 1655 antiquus
1283 1603 1460 1642 videtur?
1492 1604 1743 1649 Gladiatores,
1774 1614 1838 1643 aut
1858 1604 1996 1657 perditi

610 1668 801 1713 homines,
830 1676 896 1705 aut
922 1667 1082 1712 barbari,
1115 1680 1206 1720 quas
1237 1667 1364 1720 plagas
1384 1667 1608 1721 perferunt?
1654 1671 1745 1720 Qo
1775 1669 1892 1707 modo
1922 1669 1994 1713 illi,

608 1734 677 1785 qui
699 1733 795 1770 bene
814 1731 976 1770 instituti
996 1731 1096 1776 sunt,
1127 1732 1296 1784 accipere
1321 1733 1472 1785 plagam
1491 1734 1654 1778 malunt,
1687 1747 1803 1785 quam
1834 1734 1996 1785 turpiter

610 1798 756 1836 vitare?
788 1797 920 1848 Qam
940 1796 1033 1849 saepe
1064 1806 1216 1849 apparet
1250 1795 1347 1834 nihil
1368 1811 1430 1835 eos
1451 1799 1580 1842 malle,
1611 1812 1727 1850 quarn
1748 1799 1805 1836 vel
1837 1799 1997 1836 domino

608 1862 830 1907 satisfacere,
862 1861 920 1899 vel
952 1862 1124 1914 populo?
1156 1862 1327 1900 Mittunt
1359 1863 1475 1901 etiam
1506 1863 1726 1901 vulneribus
1757 1863 1921 1901 confecti
1952 1864 1996 1900 ad

609 1929 801 1972 dominos,
832 1927 900 1978 qui
930 1936 1113 1978 quaerant,
1144 1927 1237 1978 quid
1268 1928 1414 1966 velint:
1447 1929 1472 1966 si
1504 1928 1735 1966 satisfaCtum
1762 1929 1808 1967 iis
1828 1942 1903 1966 non
1939 1920 2003 1972 sit,

609 1994 644 2031 se
664 1993 760 2030 velle
780 1991 1021 2029 decumbere.
1072 1991 1171 2043 Qis
1203 1992 1406 2030 mediocris
1426 1993 1609 2044 gladiator
1630 1994 1819 2044 ingemuit
1838 1994 1850 2028 ?
1896 1994 1995 2044 Qis

609 2059 762 2096 vultum
794 2057 957 2095 mutavit
992 2056 1191 2108 unquam?
1223 2056 1322 2107 Qis
1343 2070 1418 2095 non
1439 2057 1556 2095 modo
1588 2058 1701 2101 stetit,
1726 2071 1857 2095 verum
1880 2058 1995 2095 ctiam

610 2123 807 2166 decubuit,
830 2122 1019 2174 turpiter?
1053 2122 1168 2172 Qis,
1185 2135 1275 2159 cum
1296 2122 1544 2167 decubuisset,
1567 2122 1710 2160 ferrum
1732 2124 1894 2175 recipere
1912 2124 1994 2174 jus-

610 2190 683 2233 sus,
713 2188 859 2227 collum
880 2187 1097 2225 contraxit?
1137 2189 1311 2225 Tantum
1332 2188 1567 2234 exercitatio,
1589 2189 1802 2233 meditatio,
1835 2189 1994 2226 consuc-

610 2254 702 2291 tudo
723 2253 832 2290 valet.
866 2252 969 2304 Ergo
989 2251 1062 2290 hoc
1084 2252 1222 2304 poterit

747 2317 897 2361 Samnis,
914 2319 1072 2370 spurcus
1091 2318 1199 2360 homo,
1230 2318 1313 2356 vita*
1331 2319 1392 2356 illa*
1409 2318 1527 2371 dignu'
1547 2320 1680 2372 locoque·
1695 2335 1707 2357 :

610 2384 664 2419 vir
697 2393 804 2420 natus
838 2382 882 2419 ad
913 2382 1089 2434 gloriam,
1121 2382 1239 2420 ullam
1271 2393 1415 2434 partem
1448 2385 1564 2422 animi
1599 2395 1674 2422 tam
1697 2384 1855 2422 mollem
1877 2383 1994 2422 habe·

611 2449 679 2490 bit,
702 2462 817 2499 quarn
840 2462 914 2486 non
948 2448 1195 2485 meditatione
1225 2457 1262 2485 et
1284 2449 1424 2487 ratione
1446 2450 1662 2487 corroboret
1682 2450 1693 2486 ?
1728 2450 1890 2488 Crudele
1912 2449 1995 2502 gla-

609 2514 797 2552 diatorum
821 2514 1074 2567 spectaculum
1099 2522 1137 2553 et
1156 2511 1414 2554 inhumanum
1445 2515 1640 2554 nonnullis
1673 2515 1788 2554 videri
1809 2514 1927 2558 solct;
1959 2524 1995 2552 ct
