2330 2983
615 218 667 257 74
926 206 1710 247 ACADEMICORUM

670 301 842 340 Plurima
861 311 988 340 autem
1009 303 1047 340 in
1068 303 1134 340 illa
1154 304 1263 341 tertia
1277 303 1528 357 philosophiae
1544 314 1648 357 parte
1664 306 1840 344 mutavit.
1873 307 1918 345 In
1934 318 2015 360 qua

612 369 786 420 primum
816 367 862 405 de
892 367 1055 406 sensibus
1081 369 1168 421 ipsis
1189 369 1362 421 quaedam
1383 371 1481 408 dixit
1503 384 1621 415 nova;
1654 385 1750 424 quos
1764 372 1918 424 junROS
1937 373 2009 411 effe

613 431 758 470 censuit
778 446 798 470 e
817 433 981 485 quadani
997 434 1098 485 quasi
1120 435 1349 487 impulfione
1370 436 1502 474 oblata
1513 437 1744 475 extrinsecus
1762 452 1771 475 :
1803 451 1919 490 quam
1942 438 2011 476 ille

612 494 797 543 φαντασίαν,
820 511 886 536 nos
907 499 1020 551 vifizm
1038 500 1273 552 appellemus
1294 501 1411 546 licet;
1443 510 1480 539 et
1514 511 1709 540 teneamus
1740 501 1815 540 hoc
1845 504 2015 541 verbum

612 562 794 614 quidem5
827 564 898 601 erit
917 565 1021 602 enim
1038 565 1224 603 utendum
1246 567 1284 603 in
1306 567 1456 619 reliquo
1477 567 1647 606 sermone
1676 569 1823 621 saepius.
1868 569 1940 606 Sed
1960 568 2005 606 ad

611 626 706 672 haec,
721 642 805 680 quae
825 629 900 666 visa
918 629 1004 667 sunt
1023 639 1060 667 et
1076 631 1179 682 quasi
1200 641 1355 684 accepta-
1373 632 1554 676 sensibus,
1569 633 1810 671 affensionem
1832 633 2010 687 adjungit*

610 693 830 731 animorum
845 723 857 738 ‚
880 708 995 746 quam
1015 695 1086 732 ess'e
1106 696 1189 733 vult
1208 697 1247 734 in
1268 697 1379 734 nobis
1399 697 1574 750 positam,
1595 708 1633 736 et
1652 698 1920 737 voluntariam.

665 759 763 798 Visis
784 773 859 797 non
880 761 1062 798 omnibus
1089 761 1318 814 adjungebat
1338 762 1470 807 fidem,
1493 763 1552 800 sed
1572 764 1618 801 iis
1639 763 1778 808 solum,
1806 778 1891 816 quae
1912 778 2005 817 pro-

609 824 731 877 priam
751 825 944 877 quandam
974 824 1158 864 haberent
1177 826 1471 865 declarationem
1503 841 1633 866 earum
1665 841 1808 874 rerum,
1839 843 1924 882 quae
1943 830 2014 867 vi·-

608 889 798 927 derentur.
845 890 889 927 Id
921 898 1050 928 autem
1081 891 1220 935 visum,
1249 905 1342 929 cum
1363 892 1488 945 ipsum
1507 906 1577 945 per
1595 892 1631 931 se
1650 903 1886 938 cerneretur,
1910 908 2007 933 com-

599 954 840 1007 prehetgfibile.
872 955 904 993 F
907 956 1017 993 eretis
1037 955 1118 994 haec
1136 957 1149 994 ?
1180 957 1265 996 Nos
1285 971 1386 1002 vero,
1407 958 1563 1010 inquit:
1594 972 1764 1011 quonam
1783 960 1889 998 enim
1914 973 2007 999 mo-

607 1020 657 1059 do
675 1017 880 1061 κατέλητπν
898 1021 1073 1059 diceres?
1105 1023 1189 1068 Sed,
1220 1036 1313 1061 cum
1332 1033 1534 1077 acceptum
1560 1025 1644 1076 jam
1674 1034 1712 1063 et
1746 1026 2003 1078 approbatum

606 1085 708 1130 estet,
743 1086 1066 1139 comprehetfionem
1096 1088 1325 1140 appellabat,
1356 1088 1520 1127 similem
1541 1090 1588 1127 iis
1617 1091 1744 1135 rebus,
1779 1104 1863 1143 quae
1884 1105 2009 1129 manu·

604 1151 906 1203 prenderentur;
941 1165 988 1190 ex
1008 1167 1087 1205 quo
1105 1154 1221 1191 etiam
1242 1167 1383 1192 nomen
1404 1153 1479 1192 hoc
1505 1155 1676 1200 duxerat,
1708 1169 1800 1194 cum
1820 1169 1866 1194 eo
1886 1157 2007 1195 verbo

605 1226 692 1255 ante
723 1230 838 1255 nemo
868 1217 934 1255 tali
968 1218 1007 1255 in
1039 1231 1077 1256 re
1098 1219 1184 1256 usus
1203 1218 1315 1257 esset:
1347 1219 1600 1272 plurimisque
1625 1221 1728 1259 idem
1749 1222 1856 1260 novis
1872 1223 2007 1272 *verbis

608 1284 722 1333 (nova
741 1283 844 1321 enim
865 1283 1032 1334 dicebat)
1048 1284 1134 1322 usus
1153 1285 1219 1322 est.
1243 1285 1361 1337 Qod
1381 1295 1509 1323 autem
1525 1296 1606 1323 erat
1622 1286 1727 1324 sensu
1742 1287 2005 1340 comprehen-

605 1348 703 1393 sum,
736 1348 775 1386 id
801 1348 927 1401 ipsum
944 1348 1086 1402 stnstzm
1105 1350 1319 1403 appellabat
1331 1368 1343 1395 3
1375 1359 1426 1395 et,
1447 1351 1473 1389 fi
1494 1351 1547 1389 ita
1564 1361 1643 1389 erat
1662 1352 2000 1405 comprehensum,

605 1424 647 1451 ut
676 1414 840 1452 convelli
871 1415 1016 1453 ratione
1049 1429 1125 1453 non
1157 1415 1289 1468 posset,
1305 1417 1522 1469 stientiam:
1553 1416 1607 1455 fin
1627 1417 1749 1462 aliter,
1784 1418 2004 1472 irgscientiam

604 1480 851 1525 nominabat;
883 1493 929 1518 ex
950 1494 1027 1532 qua
1045 1481 1217 1519 existeret
1236 1483 1352 1520 etiam
1372 1483 1496 1535 opinio,
1519 1496 1604 1535 quae
1622 1483 1710 1522 esset
1730 1484 1940 1531 imbecilla,
1961 1495 2006 1524 et

603 1559 695 1584 cum
715 1545 808 1584 falso
827 1546 1105 1598 incognitoque
1125 1548 1361 1587 communis.

658 1611 728 1649 Sed
763 1612 860 1649 inter
895 1611 1148 1651 scientiamet
1182 1613 1434 1658 inscientiam,
1465 1613 1844 1668 comprehensionem
1874 1616 2005 1662 illam,-

602 1691 718 1730 quam
738 1677 833 1722 dixi,
865 1677 1075 1716 collocabat
1091 1697 1103 1723 ς
1134 1693 1296 1732 eamque
1316 1692 1438 1732 neque
1459 1680 1498 1718 in
1519 1681 1643 1725 reffis,
1672 1695 1794 1734 neque
1813 1682 1853 1720 in
1875 1683 2001 1735 pravis

601 1743 838 1787 numerabat,
884 1743 945 1781 sed
976 1743 1044 1782 soli
1077 1745 1310 1784 credendum
1342 1745 1412 1784 effe
1446 1746 1623 1785 dicebat:
1668 1761 1690 1785 e
1723 1761 1801 1800 quo
1832 1747 2002 1787 sensibus

595 1809 711 1847 etiam
731 1808 847 1846 fidem
870 1809 1074 1855 tribuebat,
1107 1810 1229 1863 quod,
1259 1821 1302 1849 ut
1332 1811 1442 1864 supra
1459 1812 1554 1857 dixi,
1591 1812 1880 1866 comprehensio
1900 1813 2000 1852 faeta

601 1873 763 1912 sensibus
784 1885 821 1912 et
853 1888 936 1913 vera
955 1875 1025 1913 effe
1056 1876 1113 1914 illi
1144 1886 1181 1914 et
1212 1876 1333 1915 fidelis
1365 1878 1589 1916 videbatur:
1623 1892 1699 1918 non
1726 1879 1831 1932 quod
1850 1880 2001 1925 omnia,

599 1954 684 1993 quae
702 1940 818 1978 ess‘ent
848 1942 888 1978 in
920 1954 972 1986 re,
1005 1941 1369 1995 comprehenderet;
1399 1943 1459 1981 sed
1479 1945 1570 1996 quia
1595 1943 1709 1990 nihil,
1741 1945 1845 1997 quod
1865 1946 1996 1984 cadere

600 2007 639 2044 in
660 2020 741 2044 eam
763 2005 896 2059 poffet,
918 2007 1159 2059 relinqueret,
1190 2009 1372 2061 quodque
1394 2019 1524 2047 natura
1544 2010 1646 2061 quasi
1674 2024 1850 2049 normam
1874 2011 1996 2050 scien·

601 2073 660 2110 iia·
680 2082 716 2110 et
737 2073 971 2125 principium
989 2073 1042 2111 sui
1064 2074 1232 2120 dedisset,
1256 2075 1355 2113 unde
1373 2075 1497 2128 postea
1512 2076 1687 2114 notiones
1704 2090 1829 2115 rerum
1852 2077 1889 2115 in
1910 2079 1994 2115 ani-

600 2139 674 2176 mis
696 2138 1035 2191 imprimerentur;
1067 2153 1087 2176 e
1119 2140 1259 2192 quibus
1282 2154 1356 2179 non
1379 2141 1565 2194 principia
1596 2141 1733 2186 solum,
1762 2142 1823 2180 sed
1844 2143 1994 2181 latiores

598 2203 771 2256 quaedam
793 2204 836 2242 ad
860 2205 1044 2243 rationem
1067 2206 1331 2244 inveniendam
1353 2208 1435 2250 vim,
1457 2207 1707 2260 reperiuntur.
1724 2209 1903 2247 Errorem
1924 2223 1993 2246 au-

595 2279 686 2314 tem,
716 2280 753 2308 et
775 2271 1043 2315 temeritatem,
1074 2281 1111 2309 et
1133 2272 1401 2325 ignorantiam,
1432 2283 1470 2310 et
1496 2274 1773 2326 opinationem,
1808 2285 1845 2312 et
1873 2274 1993 2327 suspi-

597 2337 763 2381 cionem,
794 2346 830 2374 et
858 2351 934 2375 uno
966 2339 1120 2376 nominc
1140 2340 1283 2382 omnia,
1315 2354 1400 2392 quze
1418 2338 1531 2377 essent
1551 2340 1673 2378 aliena
1700 2340 1818 2379 firma*
1838 2351 1875 2378 ct
1896 2354 1992 2379 con-

599 2403 725 2440 stantis
746 2402 970 2449 assensionis,
992 2418 1011 2442 a
1032 2405 1169 2443 virtute
1192 2405 1444 2459 sapientiaque
1465 2407 1694 2445 removebat.
1737 2409 1866 2460 Atque
1887 2407 1924 2445 in
1946 2407 1993 2446 iis

597 2467 672 2506 sere
691 2471 947 2509 commutatio
965 2471 1130 2512 consistit
1150 2473 1292 2518 omnis,
1323 2471 1569 2527 diffensioquc
1593 2474 1760 2513 Zenonis
1781 2487 1801 2513 a
1821 2473 1991 2527 superio-

597 2534 713 2574 ribus.
