2330 2983
508 234 587 286 326
814 225 1594 267 TUSCULANARUM

503 333 597 386 plus
615 339 730 375 certe,
751 341 868 381 quam
886 326 1150 379 nosmetipsos,
1165 325 1385 378 diligamus.
1417 325 1538 371 Nam,
1557 325 1660 378 quod
1679 325 1800 372 aiunt,
1820 327 1900 380 ple-

508 397 641 448 rosque
672 393 994 433 consolationibus
1025 390 1125 430 nihil
1146 391 1275 436 levari,
1309 391 1618 445 adjunguntque,
1650 392 1902 432 consolatores

502 461 605 515 ipsos
625 458 800 498 confiteri
831 457 866 495 se
886 456 1056 502 miseros,
1087 469 1180 494 cum
1211 457 1257 495 ad
1287 469 1349 495 eos
1384 457 1577 510 impetum
1608 457 1719 496 suum
1749 457 1904 496 fortuna

501 524 735 565 converterit
751 542 763 569 3
794 532 1004 574 utrumque
1033 521 1259 560 dissolvitur.
1306 525 1402 561 Sunt
1430 523 1536 561 enim
1566 523 1633 561 ista
1662 537 1739 561 non
1760 532 1903 562 naturae

501 593 611 637 vitia,
643 591 704 630 sed
723 589 859 643 culpae.
906 588 1117 626 stultitiam
1147 597 1277 627 autem
1296 588 1467 626 accusare
1487 589 1662 641 quamvis
1682 589 1833 642 copiose
1852 589 1902 627 li-

500 667 580 697 cet.
611 658 717 697 Nam
737 665 775 694 et
794 655 862 708 qui
881 668 958 693 non
978 654 1164 699 levantur,
1185 655 1253 707 ipsi
1283 655 1328 692 ad
1350 655 1540 693 miseriam
1561 656 1726 694 invitant
1742 674 1754 700 ;
1778 664 1816 694 et
1835 655 1903 708 qui

499 724 589 762 »suos
609 723 713 761 casus
734 721 843 759 aliter
867 719 1010 764 ferunt,
1031 728 1146 772 atque
1166 729 1209 757 ut
1229 721 1398 758 auetores
1419 721 1502 758 aliis
1529 721 1597 772 ipfi
1617 720 1789 766 fuerunt,
1824 734 1903 759 non

502 791 589 829 sunt
607 787 813 827 vitiofiores
833 799 951 838 quam
971 784 1050 824 fere
1069 786 1256 838 plerique,
1274 786 1342 837 qui
1362 787 1460 823 avar-i
1480 799 1621 830 avaros,
1637 786 1768 838 gloriae
1787 787 1902 839 cupi-

499 856 570 894 dos
589 853 756 907 gloriofi,
784 849 1080 904 reprehendunt.
1112 850 1181 888 Est
1198 850 1305 888 enim
1325 851 1526 903 proprium
1547 850 1717 889 stultitiae
1737 851 1902 890 aliorum

502 921 596 959 vitia
614 931 779 962 cernere,
799 915 974 955 oblivisci
990 915 1162 954 suorum.
1213 915 1284 954 Sed
1304 915 1490 954 nimirum
1513 915 1589 955 hoc
1609 917 1828 955 maximum
1847 915 1901 954 est

500 986 825 1039 experimentum,
855 995 948 1020 cum
978 981 1124 1020 constet
1153 981 1421 1034 aegritudinem
1456 981 1637 1020 vetustate
1671 982 1770 1028 tolli,
1800 981 1900 1021 hanc

501 1053 584 1091 vim
604 1065 682 1090 non
702 1049 772 1088 efle
792 1050 833 1087 in
864 1049 925 1087 die
953 1049 1128 1101 positam,
1159 1048 1221 1087 sed
1241 1049 1282 1087 in
1301 1049 1533 1101 cogitatione
1552 1049 1746 1088 diuturna.
1792 1049 1899 1088 Nam

501 1118 528 1157 fi
548 1126 586 1156 et
605 1117 736 1155 eadem
756 1128 812 1153 res
833 1115 900 1159 est,
931 1123 969 1152 et
990 1114 1094 1152 idem
1127 1113 1179 1152 est
1199 1113 1320 1153 homo
1335 1133 1347 1159 5
1379 1115 1448 1167 qui
1466 1115 1588 1167 potest
1608 1115 1822 1168 quidquam
1852 1115 1899 1153 de

494 1183 631 1222 dolore
660 1179 815 1224 mutari,
847 1179 873 1217 fi
904 1192 1027 1232 neque
1056 1179 1103 1217 de
1131 1193 1190 1225 eo,
1220 1187 1377 1232 propter
1404 1179 1510 1232 quod
1528 1180 1646 1225 dolet,
1682 1180 1897 1233 quidquam

496 1247 554 1286 est
573 1255 782 1289 mutatum,
801 1257 928 1296 neque
948 1244 994 1282 de
1017 1257 1076 1288 eo,
1097 1245 1165 1295 qui
1185 1244 1289 1282 dolet
1307 1245 1320 1280 ?
1353 1245 1548 1296 Cogitatio
1566 1245 1686 1296 igitur
1702 1245 1896 1290 diuturna,

493 1311 599 1350 mihil
619 1309 690 1348 effe
710 1311 750 1348 in
771 1322 809 1347 re
829 1309 937 1354 mali,
958 1308 1082 1347 dolori
1101 1308 1290 1354 medetur,
1312 1321 1390 1345 non
1411 1308 1489 1361 ipsa
1508 1308 1753 1348 diuturnitas.

552 1377 704 1416 XXXI.
750 1375 832 1414 Hic
865 1373 966 1413 mihi
1001 1373 1165 1412 afferunt
1195 1373 1480 1412 mediocritates
1496 1392 1508 1418 ς
1540 1387 1624 1427 quae
1651 1374 1678 1413 fi
1709 1375 1896 1414 naturales

494 1443 599 1489 sunt,
631 1441 725 1495 quid
753 1453 850 1493 opus
870 1440 922 1478 est
941 1439 1230 1479 consolatione?
1262 1440 1412 1479 Natura
1440 1440 1547 1478 enim
1578 1440 1655 1493 ipsa
1674 1441 1896 1480 terminabit

495 1509 690 1549 modum:
722 1506 776 1545 s1n
807 1506 1034 1558 opinabiles,
1066 1506 1199 1559 opinio
1219 1514 1298 1544 tota
1318 1506 1486 1544 tollatur.
1533 1506 1628 1544 Satis
1658 1507 1807 1545 dietum
1826 1506 1897 1545 effe

493 1575 673 1618 arbitror,
696 1571 963 1625 aegritudinem
984 1570 1055 1609 effe
1075 1571 1298 1623 opinionem
1315 1571 1412 1609 mali
1431 1571 1636 1623 praesentis,
1658 1572 1698 1609 in
1719 1585 1794 1625 qua
1806 1572 1895 1625 opi-

498 1641 612 1679 nione
632 1638 730 1676 illud
750 1637 850 1682 insit,
872 1646 915 1674 ut
935 1636 1201 1689 aegritudinem
1222 1635 1405 1689 suscipere
1423 1646 1607 1689 oporteat.
1649 1637 1820 1675 Additur
1849 1638 1896 1675 ad

496 1705 595 1744 hanc
616 1704 881 1742 definitionem
915 1715 935 1739 a
955 1703 1114 1740 Zenone
1133 1703 1244 1747 reste,
1281 1711 1323 1739 ut
1343 1701 1409 1739 illa
1428 1702 1562 1754 opinio
1582 1702 1771 1755 praesentis
1798 1703 1893 1741 mali

497 1773 542 1811 fit
562 1783 705 1810 recens.
749 1770 840 1807 Hoc
860 1777 988 1806 autem
1008 1767 1168 1805 verbum
1189 1767 1239 1805 fic
1259 1768 1539 1820 interpretatur,
1569 1778 1610 1807 ut
1643 1782 1721 1807 non
1741 1777 1893 1808 tantum

497 1838 595 1876 illud
616 1848 742 1875 recens
762 1834 833 1873 effe
852 1834 958 1879 velit,
981 1833 1084 1885 quod
1114 1833 1228 1886 paulo
1247 1842 1333 1871 ante
1353 1833 1532 1872 acciderit
1547 1851 1560 1879 ς
1590 1834 1666 1878 sed,
1687 1847 1804 1886 quam
1825 1836 1893 1874 diu

496 1903 537 1941 in
560 1903 629 1940 illo
647 1902 804 1954 opinato
823 1899 927 1937 malo
946 1899 1002 1937 vis
1023 1899 1196 1951 quaedam
1218 1898 1319 1944 infit,
1341 1908 1379 1937 et
1398 1899 1536 1952 vigeat,
1559 1908 1597 1938 et
1616 1898 1754 1938 habeat
1769 1914 1894 1953 quan-

496 1969 586 2006 dam
606 1967 854 2009 viriditatem,
887 1974 967 2003 tam
988 1964 1053 2002 diu
1080 1965 1293 2017 appelletur
1319 1978 1474 2003 recens:
1507 1975 1549 2003 ut
1580 1965 1782 2004 Artemifia
1810 1966 1890 2011 illa,

497 2031 679 2076 Mausoli,
717 2031 838 2069 Cariae
858 2031 970 2082 regis,
1006 2043 1115 2074 uxor,
1149 2043 1233 2081 quae
1255 2029 1383 2068 nobile
1403 2030 1501 2067 illud
1523 2030 1769 2068 Halicarnasii
1799 2030 1892 2071 fecit

497 2098 731 2151 sepulcrum,
763 2097 949 2150 quamdiu
968 2096 1079 2142 vixit,
1101 2096 1197 2134 vixit
1217 2096 1256 2134 in
1277 2096 1398 2140 luctu,
1424 2096 1638 2149 eodemque
1657 2096 1774 2135 etiam
1794 2111 1891 2137 con·

494 2164 593 2203 festa
611 2163 824 2202 contabuit.
857 2163 965 2201 Huic
985 2172 1063 2200 erat
1083 2162 1149 2200 illa
1167 2162 1300 2216 opinio
1317 2162 1491 2215 quotidie
1511 2175 1638 2202 recens
1655 2181 1666 2207 ς
1698 2177 1783 2216 quae
1804 2173 1890 2203 tum

495 2230 661 2281 denique
689 2242 765 2267 non
797 2228 1057 2281 appellabatur
1086 2241 1230 2273 recens,
1261 2242 1352 2267 cum
1386 2227 1567 2266 vetustate
1585 2229 1745 2267 exaruit.
1792 2229 1890 2268 Haec

495 2295 614 2347 igitur
637 2294 765 2332 officia
795 2295 881 2332 sunt
911 2293 1207 2339 consolantium,
1240 2294 1373 2332 tollere
1406 2294 1671 2346 aegritudinem
1699 2293 1889 2340 funditus,

494 2370 559 2399 aut
580 2359 716 2404 sedare,
752 2369 817 2397 aut
837 2357 1031 2397 detrahere
1053 2373 1168 2411 quam
1192 2359 1423 2411 plurimum,
1444 2368 1508 2397 aut
1536 2359 1784 2413 supprimere,
1818 2372 1889 2399 nec

492 2426 572 2478 pati
595 2438 745 2462 manare
766 2424 933 2477 longius,
955 2434 1018 2462 aut
1037 2424 1082 2462 ad
1102 2425 1215 2462 aliam
1237 2424 1444 2462 traducere.

552 2492 661 2534 Sunt,
693 2490 760 2542 qui
793 2504 915 2528 unum
946 2490 1118 2528 officium
1139 2489 1368 2528 consolantis
1396 2499 1544 2542 putent,
1577 2491 1711 2528 docere
1740 2490 1888 2529 malum

489 2555 592 2595 illud
611 2556 772 2594 omnino
790 2570 865 2596 non
882 2554 966 2601 csse,
984 2565 1027 2594 ut
1044 2554 1221 2595 Cleanthi
1235 2555 1372 2608 placet.
1395 2557 1505 2601 Sunt,
1523 2555 1592 2609 qui
1607 2568 1684 2595 non
1701 2567 1884 2609 magnum
