2330 2983
715 238 988 277 LIBER
1045 239 1465 278 TERTIUS.
1703 253 1785 294 495

394 340 496 391 Saepe
515 338 628 383 dixti,
660 337 757 376 nihil
779 338 861 376 fieri
892 338 967 376 fine
994 339 1094 383 Deo,
1126 352 1195 376 nec
1215 338 1335 376 ullam
1366 339 1447 376 vim
1465 338 1535 376 effe
1555 347 1710 385 naturae,
1741 350 1784 378 ut

394 403 450 441 sui
469 403 660 442 diffimilia
678 403 797 455 posset
816 403 1008 455 effingere.
1052 404 1272 441 Concedam
1303 418 1380 442 non
1413 405 1529 442 modo
1548 405 1784 443 animantem

393 479 431 507 et
461 469 668 521 sapientem
701 468 772 506 esse
805 468 1012 513 mundum,
1042 468 1103 506 sed
1131 469 1330 507 fidicinem
1356 471 1473 508 etiam
1501 480 1539 509 et
1565 471 1782 516 tibicinem,

393 535 577 587 quoniam
597 546 727 571 earum
747 547 901 585 quoque
919 534 1059 571 artium
1078 534 1257 572 homines
1278 547 1325 571 ex
1345 547 1390 571 eo
1409 545 1668 586 procreantur.
1704 538 1783 576 Ni-

393 599 449 637 hil
471 600 590 652 igitur
609 598 717 636 affert
737 608 841 650 pater
859 599 926 636 iste
947 599 1179 643 Stoicorum,
1207 612 1321 650 quare
1342 600 1535 638 mundum
1556 602 1699 639 ratione
1728 604 1785 640 uti

392 674 588 717 putemus,
610 677 680 701 nec
700 677 769 701 cur
787 664 1022 702 animantem
1044 664 1204 716 quidem
1224 663 1307 702 effe.
1340 665 1434 703 Non
1455 665 1507 703 est
1526 666 1645 718 igitur
1666 681 1782 704 mun-

392 730 461 768 dus
483 730 615 768 Deus:
647 739 683 767 et
705 738 831 767 tamen
853 728 950 766 nihil
970 729 1023 767 est
1041 743 1086 768 eo
1106 730 1259 768 melius.
1296 729 1412 768 Nihil
1433 731 1485 769 est
1505 733 1610 769 enim
1630 746 1674 770 eo
1695 733 1784 785 pul-

393 795 536 840 chrius,
567 793 666 832 nihil
693 795 803 832 nobis
834 795 1043 840 salutarius,
1074 794 1174 833 nihil
1204 796 1372 834 ornatius
1403 797 1566 849 asped'tu,
1598 808 1786 850 motuque

393 861 639 899 constantius.
682 861 800 912 Qod
822 861 847 898 fi
869 861 1036 899 mundus
1058 862 1253 900 universus
1279 876 1356 900 non
1382 863 1434 900 est
1454 864 1576 908 Deus,
1605 878 1651 902 ne
1672 864 1785 902 stellae

393 927 567 978 quidem,
598 939 690 978 quas
723 936 764 964 tu
785 927 1080 964 innumerabiles
1102 928 1142 965 in
1166 928 1342 965 Deorum
1365 942 1526 967 numero
1547 930 1753 981 reponebas
1771 947 1783 973 ς

394 1005 558 1043 quarum
579 1000 616 1028 te
635 991 764 1029 cursus
785 992 987 1043 aequabiles
1008 993 1216 1044 aeternique
1241 993 1500 1031 delectabant:
1533 1008 1602 1031 nec
1632 993 1785 1032 meher-

392 1057 478 1094 cule
498 1057 660 1108 injuria:
684 1057 769 1094 sunt
789 1057 893 1095 enim
914 1057 1144 1102 admirabili,
1162 1058 1456 1110 incredibilique
1470 1059 1691 1098 constantia.
1715 1060 1786 1097 Sed

391 1135 469 1159 non
489 1123 633 1166 omnia,
664 1123 794 1167 Balbe,
826 1137 910 1174 quae
943 1123 1072 1160 cursus
1103 1132 1226 1160 certos
1257 1132 1294 1160 et
1314 1124 1526 1170 constantes
1558 1123 1715 1169 habent,
1745 1137 1788 1162 ea

393 1188 479 1226 Deo
498 1188 626 1240 potius
648 1188 848 1226 tribuenda
867 1187 967 1232 sunt,
989 1201 1105 1239 quam
1122 1197 1279 1226 naturae.

452 1254 505 1291 X.
537 1254 645 1305 Qid
672 1253 898 1292 Chalcidico
923 1254 1072 1305 Euripo
1091 1253 1132 1298 in
1153 1263 1263 1291 motu
1283 1253 1496 1292 identidem
1516 1256 1786 1307 reciprocando

393 1327 502 1372 putas
524 1319 604 1356 fieri
625 1318 726 1371 poffe
746 1319 976 1358 constantius
995 1320 1007 1355 ?
1039 1319 1133 1371 quid
1164 1318 1263 1357 freto
1290 1320 1502 1358 Siciliensi?
1524 1321 1618 1373 quid
1639 1320 1787 1359 Oceani

394 1382 540 1422 fervore
558 1384 634 1422 illis
655 1385 695 1422 in
714 1384 824 1430 locis,

532 1452 716 1504 Europam
732 1451 949 1505 Libyamque
968 1461 1086 1505 rapax
1105 1451 1168 1490 ubi
1183 1451 1314 1491 dividit
1333 1452 1427 1491 unda
1442 1453 1463 1491 ἕ

395 1516 531 1568 Qid?
563 1516 668 1555 aestus
688 1518 887 1563 maritimi,
919 1518 978 1555 vel
999 1518 1281 1571 HispanienseS,
1302 1518 1362 1556 vel
1384 1519 1610 1563 Britannici,
1631 1532 1787 1557 eorum-

395 1595 469 1633 que
499 1582 610 1619 certis
645 1583 884 1633 temporibus
915 1582 974 1618 vel
1007 1582 1182 1625 accessus,
1213 1583 1273 1618 vel
1299 1582 1473 1626 recessus,
1504 1583 1579 1620 fine
1600 1583 1686 1621 Deo
1705 1583 1787 1621 fieri

394 1659 521 1683 nonne
541 1643 723 1697 possunt?
755 1644 868 1688 Vide,
896 1643 1034 1696 quaesO,
1066 1644 1093 1682 fi
1113 1645 1240 1683 omnis
1271 1656 1415 1691 motus,
1448 1648 1668 1699 omniaque,
1703 1662 1789 1700 quae

394 1710 507 1747 certis
538 1709 775 1761 temporibus
805 1709 980 1747 ordinem
1012 1709 1123 1746 suum
1153 1709 1388 1754 conservant,
1429 1711 1558 1748 divina
1591 1712 1786 1758 ducimus,

392 1788 442 1813 ne
462 1775 637 1813 tertianas
657 1775 817 1827 quidem
836 1773 972 1819 febres,
1003 1783 1041 1810 et
1062 1783 1275 1825 quartanas,
1306 1775 1450 1813 divinas
1479 1776 1550 1814 effe
1579 1776 1786 1816 dicendum

394 1839 453 1885 fit,
475 1853 640 1892 quarum
661 1840 866 1878 reversione
885 1849 923 1878 et
951 1848 1061 1878 motu
1081 1840 1176 1891 quid
1196 1839 1316 1892 potest
1331 1840 1401 1879 effe
1420 1841 1650 1880 constantius
1671 1843 1684 1879 ?
1716 1843 1787 1881 Sed

394 1905 574 1943 omnium
595 1905 731 1943 talium
751 1918 878 1944 rerum
899 1906 992 1944 ratio
1019 1905 1208 1943 reddenda
1226 1905 1292 1944 est.
1335 1907 1453 1957 Qod
1472 1921 1536 1946 vos
1556 1921 1646 1945 cum
1664 1907 1791 1946 facere

395 1985 474 2009 non
492 1971 661 2024 potestiS,
684 1981 866 2024 tanquam
886 1972 925 2009 in
946 1985 1062 2017 aram,
1084 1970 1295 2024 confugitis
1315 1972 1362 2009 ad
1381 1973 1528 2011 Deum.

450 2037 502 2074 Et
523 2035 760 2089 Chrysippus
792 2037 864 2075 tibi
895 2046 1004 2075 acute
1029 2037 1155 2075 dicere
1173 2037 1385 2083 videbatur,
1415 2037 1536 2076 homo
1567 2039 1641 2077 fine
1668 2039 1788 2077 dubio

396 2103 565 2141 versutus
582 2112 619 2141 et
638 2103 817 2142 callidus:
844 2104 1027 2156 (Vetfittos
1047 2117 1110 2141 eos
1126 2103 1289 2156 appello,
1307 2118 1474 2156 quorum
1491 2105 1662 2143 celeriter
1677 2119 1787 2144 mens

396 2169 584 2212 versatur,
629 2168 767 2207 callidos
797 2179 941 2215 autem,
971 2183 1152 2222 quorum,
1184 2178 1368 2222 tanquam
1397 2184 1532 2209 manus
1567 2185 1692 2224 opere,
1737 2172 1787 2210 fic

397 2235 546 2272 animus
567 2234 649 2278 usu,
670 2234 878 2273 concalluit
890 2236 922 2287 5)
944 2236 975 2273 is
996 2236 1129 2288 igitur,
1161 2243 1188 2259 “
1210 2237 1247 2274 Si
1267 2236 1413 2289 aliquid
1431 2237 1496 2282 est,
1518 2237 1660 2289 inquit,
1681 2238 1787 2289 quod

400 2308 427 2324 “
448 2299 568 2338 homo
587 2300 734 2338 efficere
766 2314 842 2339 non
871 2302 1007 2354 poflit;
1038 2302 1107 2353 qui
1136 2301 1176 2339 id
1205 2302 1337 2347 efficit,
1370 2303 1506 2341 melior
1531 2302 1582 2340 est
1601 2302 1786 2341 homine:

400 2373 426 2389 “
447 2364 568 2403 homo
597 2375 725 2403 autem
756 2365 850 2412 haec,
883 2381 966 2419 quae
998 2367 1037 2405 in
1057 2367 1204 2405 mundo
1225 2367 1326 2413 sunt,
1358 2369 1504 2406 efficere
1532 2382 1608 2405 non
1635 2367 1784 2419 potest:

402 2440 427 2455 “
450 2432 516 2483 qui
537 2432 663 2484 potuit
693 2432 824 2484 igitur,
856 2434 887 2471 is
909 2433 1055 2487 praestat
1073 2433 1239 2472 homini.
1282 2435 1450 2472 Homini
1471 2442 1599 2471 autem
1619 2434 1787 2485 praestare

404 2504 430 2520 “
452 2497 537 2548 quis
559 2496 684 2549 possit,
706 2497 774 2535 nisi
790 2499 925 2536 Deus?
957 2499 1023 2537 Est
1042 2499 1160 2551 igitur
1176 2500 1322 2537 Deus.'’

456 2562 552 2600 Haec
583 2562 713 2601 omnia
744 2563 784 2601 in
818 2563 968 2610 eodem,
1004 2577 1083 2617 quo
1115 2564 1181 2602 illa
1216 2564 1397 2609 Zenonis,
1427 2577 1549 2604 errore
1581 2563 1786 2602 versantur.
