2330 2983
765 253 1039 296 LIBER
1100 253 1459 296 PRIMUS.
1723 269 1802 310 423

421 368 460 399 et
479 360 598 399 Deos.
647 358 801 409 Qibus
821 358 1031 397 mediocres
1050 356 1228 401 homines
1258 371 1337 396 non
1366 357 1420 396 ita
1448 356 1556 404 valde
1585 367 1804 404 moventur,

422 423 484 462 his
502 424 568 461 ilie
584 422 725 461 clamat
743 423 922 466 omnium
942 421 1164 459 mortalium
1183 430 1330 460 mentes
1355 421 1427 459 effe
1453 422 1679 474 perterritas.
1725 424 1807 460 Tot

423 489 546 526 millia
565 487 850 531 latrocinantur,
882 494 1006 524 morte
1027 486 1228 538 propofita.
1272 486 1354 524 Alii
1374 487 1517 531 omnia,
1538 500 1622 539 quae
1640 487 1806 539 possunt,

422 551 508 590 fana
526 552 751 604 compilant.
782 550 919 595 Credo,
940 558 1005 588 aut
1024 549 1110 588 illos
1130 549 1266 588 mortis
1286 549 1403 588 timor
1423 559 1549 596 terret,
1570 560 1635 589 aut
1653 551 1722 591 hos
1745 565 1806 591 re-

419 616 591 668 ligionis.

472 681 562 725 Sed,
597 680 781 732 quoniam
808 692 889 718 non
919 679 1031 717 audes
1065 679 1167 731 (jam
1196 678 1305 717 enim
1326 692 1419 718 cum
1450 679 1530 732 ipso
1549 680 1721 732 Epicuro
1747 680 1806 718 lo-

420 746 539 797 quar)
575 758 710 797 negare
727 744 798 782 effe
818 745 922 783 Deos
939 762 950 789 ;
982 744 1076 796 quid
1095 743 1161 788 est,
1189 744 1299 795 quod
1318 752 1355 782 te
1383 744 1570 797 impediat
1589 754 1655 782 aut
1673 744 1812 790 solem,-

423 819 488 848 aut
507 809 653 854 lunam,
674 818 738 848 aut
757 809 964 855 mundum,
998 818 1063 847 aut
1083 817 1254 858 mentem
1279 809 1449 861 aliquam
1468 809 1737 863 sempiternam
1767 811 1809 848 in

424 876 599 914 Deorum
617 884 750 913 natura
779 875 945 928 ponere?
976 875 1192 927 Nunquam
1211 875 1303 920 vidi,
1329 875 1474 927 inquis,
1504 876 1672 914 animam
1691 877 1809 914 ratio-

423 940 483 978 nis
503 940 726 991 consiliique
746 940 972 993 participem
993 940 1032 977 in
1053 940 1130 977 ulla
1144 939 1228 984 alia,
1248 939 1319 989 nifi
1338 938 1507 978 humana
1519 939 1654 992 figura.
1676 940 1808 991 Qid?

420 1004 510 1042 solis
541 1018 637 1042 num
665 1005 866 1056 quidnam,
900 1014 964 1051 aut
982 1005 1097 1050 lunae,
1131 1013 1196 1042 aut
1225 1005 1399 1057 quinque
1417 1006 1626 1044 errantium
1646 1005 1810 1043 fiderum

422 1070 544 1107 fimile
558 1070 689 1108 >vidisti
706 1071 719 1107 ?
750 1070 828 1115 Sol,
847 1070 994 1108 duabus
1016 1071 1127 1108 unius
1146 1070 1248 1108 orbis
1269 1070 1418 1108 ultimis
1437 1071 1607 1123 partibus
1627 1069 1809 1108 definiens

420 1144 591 1180 motum,
611 1135 741 1174 cursus
760 1148 904 1173 annuos
934 1134 1104 1174 conficit.
1154 1135 1284 1186 Hujus
1313 1133 1413 1172 hanc
1432 1134 1693 1173 lustrationem
1712 1135 1810 1186 ejus-

424 1199 512 1238 dem
532 1200 681 1238 incensa
700 1200 811 1238 radiis
831 1198 1024 1237 menstruo
1043 1198 1162 1251 spatio
1191 1198 1283 1235 luna
1307 1199 1492 1250 complet.
1537 1200 1723 1251 Qinque
1742 1213 1810 1237 au·-

421 1274 504 1302 zem
523 1266 650 1309 stellae,
678 1265 851 1302 eundem
870 1264 1005 1302 orbem
1021 1272 1210 1307 tenentes,
1239 1262 1321 1300 aliae
1350 1264 1507 1315 propius
1537 1276 1559 1300 a
1578 1264 1699 1309 terris,
1730 1265 1811 1304 aliae

426 1329 623 1372 remotius,
663 1329 710 1366 ab
746 1328 879 1366 iisdem
905 1327 1125 1380 principiis,
1163 1327 1372 1379 disparibus
1399 1328 1644 1380 temporibus
1677 1328 1812 1367 eadem

426 1393 542 1445 spatia
559 1393 784 1431 conficiunt.
816 1393 929 1431 Num
948 1392 1042 1444 quid
1058 1392 1145 1436 tale,
1167 1392 1348 1444 Epicure,
1365 1391 1489 1430 vidisti
1507 1393 1520 1429 ?
1552 1393 1616 1430 Ne
1635 1392 1679 1431 fit
1695 1393 1814 1444 igitur

427 1458 494 1502 sol,
516 1472 563 1496 ne
582 1458 685 1503 luna,
707 1470 754 1495 ne
773 1457 886 1496 stellae
901 1475 914 1502 3
945 1456 1129 1510 quoniam
1148 1455 1247 1495 nihil
1268 1457 1337 1494 effe
1364 1457 1498 1509 potest,
1529 1457 1597 1495 nifi
1618 1457 1723 1509 quod
1751 1466 1809 1495 at-

425 1523 599 1575 tigImus,
616 1532 680 1561 aut
699 1523 880 1561 vidimus.
912 1523 1020 1573 Qid
1036 1524 1048 1559 ?
1070 1523 1200 1560 Deum
1219 1521 1346 1574 ipsum
1365 1535 1510 1560 numne
1529 1522 1653 1560 vidisti
1671 1523 1685 1558 ?
1730 1523 1813 1560 Cur

424 1589 544 1640 igitur
563 1589 683 1625 credis
703 1586 802 1624 effe?
833 1587 1037 1625 Tollamus
1054 1599 1144 1638 ergo
1163 1586 1307 1630 omnia,
1328 1600 1412 1638 quae
1430 1595 1495 1624 aut
1509 1585 1664 1624 historia
1683 1587 1815 1631 nobis,

424 1662 490 1691 aut
509 1653 604 1690 ratio
623 1665 732 1696 nova,
753 1651 875 1690 affert.
907 1652 964 1689 Ita
984 1651 1041 1696 fit,
1072 1660 1116 1699 ut
1135 1651 1397 1689 mediterranei
1417 1665 1519 1689 mare
1539 1651 1609 1689 effe
1628 1664 1704 1689 non
1725 1665 1810 1690 cre-

421 1713 528 1750 dant.
570 1713 668 1764 Qae
687 1712 774 1750 sunt
794 1720 906 1750 tantae
924 1712 1044 1750 animi
1062 1711 1255 1763 angustiae,
1276 1720 1333 1755 ut,
1361 1711 1387 1749 fi
1408 1710 1558 1762 Seriphi
1577 1721 1686 1750 natus
1706 1711 1810 1757 effes,

424 1792 494 1816 nec
516 1792 688 1830 unquam
706 1777 866 1830 egressus
896 1791 942 1816 ex
961 1776 1095 1821 insula,
1125 1777 1166 1814 in
1186 1789 1260 1828 qua
1285 1775 1498 1828 lepusculos
1518 1776 1812 1829 vulpeculasque

424 1843 519 1895 saepe
547 1843 709 1887 vidiffes‚
744 1856 820 1881 non
850 1843 1017 1881 crederes
1048 1842 1173 1880 leones
1204 1850 1242 1879 et
1271 1839 1469 1894 pantheras
1489 1841 1574 1887 effe,
1605 1856 1697 1880 cum
1723 1843 1810 1887 tibi,

424 1907 553 1960 quales
572 1907 702 1951 effent,
723 1907 912 1945 diceretur
929 1907 941 1943 ?
972 1907 998 1945 fi
1017 1920 1104 1946 vero
1122 1906 1168 1944 de
1192 1905 1394 1959 elephanto
1412 1906 1498 1958 quis
1518 1907 1672 1952 diceret,
1694 1908 1817 1946 etiam*

425 1973 537 2010 rideri
558 1981 594 2010 te
614 1972 791 2025 putares?

479 2043 652 2081 XXXII.
684 2043 736 2079 Et
756 2050 798 2079 tu
818 2041 990 2093 quidem,
1011 2041 1151 2086 Vellei,
1164 2054 1250 2079 vnon
1269 2041 1390 2079 vestro
1409 2054 1528 2085 more,
1556 2040 1617 2078 sed
1638 2041 1809 2079 dialecti-

425 2120 574 2151 corum,
599 2107 701 2158 (quae
720 2105 891 2145 funditus
911 2119 1003 2159 gens
1023 2105 1140 2144 vestra
1159 2119 1235 2143 non
1256 2106 1380 2158 novit)
1412 2106 1628 2158 argumenti
1658 2106 1808 2144 senten-

426 2173 522 2211 tiam
541 2172 768 2210 conclufisti.
800 2173 933 2210 Beatos
952 2171 1023 2209 effe
1041 2172 1145 2209 Deos
1166 2171 1364 2223 sumpsisti.
1396 2172 1671 2210 Concedimus.
1713 2173 1808 2209 Bea-

428 2247 511 2276 tum
534 2247 661 2275 autem
681 2237 755 2274 fine
775 2237 914 2274 virtute
933 2237 1130 2274 neminem
1149 2236 1220 2274 effe
1233 2236 1346 2290 poffe.
1370 2238 1415 2276 ld
1435 2251 1588 2290 quoque
1604 2238 1750 2281 damus,
1772 2245 1810 2274 et

429 2303 591 2341 libenter
605 2302 776 2354 quidem.
800 2302 994 2340 Virtutem
1016 2312 1142 2340 autem
1159 2302 1234 2340 fine
1251 2303 1394 2341 ratione
1414 2304 1579 2341 constare
1598 2316 1674 2340 non
1694 2301 1808 2354 poffe.

429 2367 640 2405 Conveniat
659 2367 697 2404 id
715 2380 868 2419 quoque
900 2367 1041 2405 necesse
1060 2367 1124 2406 est.
1175 2369 1381 2421 Adjungis,
1413 2370 1499 2407 Nec
1521 2368 1704 2406 rationem
1724 2366 1808 2410 effe,

429 2432 498 2471 nifi
519 2433 557 2470 in
576 2431 744 2470 hominis
764 2431 895 2484 figura.
939 2433 1070 2484 Qem
1092 2433 1163 2471 tibi
1182 2433 1256 2472 hoc
1277 2434 1455 2471 daturum
1476 2442 1583 2485 putas
1602 2433 1614 2469 ?
1646 2432 1683 2470 Si
1703 2432 1814 2469 eninr

429 2497 482 2537 ita
500 2496 601 2544 effet,
621 2496 715 2550 quid
733 2510 828 2552 opus
847 2507 924 2537 erat
952 2507 988 2537 te
1011 2498 1197 2551 gradatim
1222 2499 1317 2537 istuc
1338 2498 1530 2551 pervenire
1547 2499 1561 2535 ?
1592 2495 1811 2550 Sumpfiffes
