2330 2983
594 257 648 295 44
912 245 976 285 M.
1034 245 1668 285 T.c1cER0le

595 338 634 375 in
657 346 858 390 utramque
869 348 1017 391 partem
1038 338 1258 391 respondere
1273 339 1483 392 poss'umus,
1502 338 1698 392 sequentes
1715 337 1989 378 tantummodo

594 404 697 454 quod
717 404 769 441 ita
789 403 911 442 visum
931 404 990 449 fit,
1022 404 1116 443 dum
1147 405 1222 443 fine
1242 405 1408 444 affensu:
1444 419 1567 457 neque
1587 415 1715 444 tamen
1735 405 1866 443 omnia
1885 404 1986 456 ejus-

593 469 699 506 modi
720 469 795 507 vifa
813 470 1025 522 approbari,
1048 469 1110 508 sed
1129 483 1184 516 ea,
1215 485 1298 523 quae
1319 471 1424 509 nulla
1451 484 1488 508 re
1509 471 1799 524 impedirentur.
1842 471 1939 508 Haec
1960 470 1988 507 fi

593 533 702 572 vobis
722 548 799 573 non
827 535 1047 588 probamus,
1079 536 1150 574 sint
1180 535 1269 574 falsa
1299 536 1381 574 sane
1396 555 1408 582 3
1440 536 1623 575 invidiosa
1642 545 1743 574 certe
1774 549 1851 574 non
1882 534 1985 573 sunt.

592 600 686 638 Non
707 601 811 638 enim
831 600 959 639 lucem
979 601 1189 654 eripimus;
1212 602 1273 639 sed
1293 615 1347 647 ea,
1376 616 1459 654 quae
1480 615 1545 641 vos
1568 603 1713 655 percipi
1728 599 1987 654 comprehen-

592 665 724 718 dique,
746 665 877 704 eadem
897 679 980 711 nos,
1002 666 1028 705 fi
1049 667 1166 705 modo
1186 667 1398 720 probabilia
1418 668 1502 712 sint,
1523 668 1641 705 videri
1660 667 1841 705 dicimus.

645 731 840 770 XXXIII.
873 732 933 770 Sic
952 733 1071 784 igitur
1090 732 1248 771 induc'to
1267 742 1304 770 et
1321 732 1527 771 constituto
1546 731 1749 785 probabili,
1774 741 1814 769 et
1831 745 1877 770 eo
1895 731 1990 784 qui-

591 796 681 834 dem
701 797 893 849 expedito,
915 797 1052 842 soluto,
1082 797 1218 841 libero,
1250 798 1356 836 nulla
1385 812 1424 836 re
1443 797 1656 850 implicato,
1677 797 1780 835 vides
1799 795 1992 849 profecto,

592 861 996 914 Luculle‚jacerejam
1012 862 1111 900 illud
1127 871 1240 901 tuum
1258 863 1534 916 perspicuitatis
1550 862 1822 916 patrocinium.
1846 861 1990 900 Iisdem

589 927 696 966 enim
722 925 787 966 hic
807 927 965 981 sapiens,
996 928 1043 966 de
1063 941 1141 980 quo
1160 928 1312 980 loquor,
1342 928 1480 974 oeulis,
1508 929 1650 981 quibus
1672 927 1739 966 iste
1757 926 1890 972 vester,
1911 941 1987 966 cae-

591 993 689 1038 lum,
720 1002 873 1038 terram,
895 1007 998 1032 mare
1018 993 1232 1033 intuebitur
1248 1013 1260 1040 ς
1292 993 1427 1032 iisdem
1449 994 1613 1032 senfibus
1635 994 1793 1046 reliqua,
1812 1007 1898 1045 quae
1916 992 1986 1032 sub

590 1072 783 1112 quemque
802 1060 950 1098 sensum
971 1060 1125 1105 cadunt,
1155 1059 1304 1098 sentiet.
1346 1061 1457 1098 Mare
1480 1059 1591 1105 illud,
1612 1059 1716 1112 quod
1737 1072 1839 1097 nunc
1861 1059 1985 1097 Favo-

591 1125 656 1163 nio
676 1125 848 1163 nascente
867 1139 1103 1179 purpureum
1122 1125 1284 1171 videtur,
1306 1125 1409 1164 idem
1427 1125 1519 1164 huic
1540 1125 1666 1164 nostro
1684 1125 1890 1169 videbitur,
1916 1137 1986 1162 nee

590 1200 717 1228 tamen
739 1191 953 1229 assentietur
967 1208 979 1236 ς
1002 1192 1093 1243 quia
1111 1191 1390 1244 nobismetipsis
1411 1191 1527 1230 modo
1547 1191 1752 1229 caeruleum
1772 1190 1987 1234 videbatur,

590 1269 702 1293 mane
722 1255 863 1294 flavum
875 1274 887 1301 ς
910 1256 1094 1308 quodque
1112 1270 1229 1301 nunc,
1252 1257 1342 1308 quia
1360 1269 1380 1294 a
1399 1255 1475 1294 sole
1495 1256 1674 1301 collucet,
1692 1255 1847 1294 albescit
1866 1264 1905 1293 et
1923 1254 1985 1292 vi-

590 1321 686 1365 brat,
719 1320 974 1373 diffimileque
993 1321 1046 1359 est
1065 1322 1246 1374 proximo
1272 1322 1307 1359 ei
1327 1321 1563 1359 continenti:
1596 1330 1654 1365 ut,
1689 1321 1806 1358 etiam
1825 1321 1851 1359 si
1871 1319 1986 1373 poffis

590 1387 775 1425 rationem
796 1387 962 1432 reddere,
985 1401 1053 1425 cur
1073 1387 1112 1426 id
1132 1387 1292 1433 eveniat,
1310 1396 1438 1425 tamen
1459 1400 1535 1425 non
1555 1386 1667 1440 poffis
1688 1386 1729 1424 id
1748 1399 1881 1425 verum
1897 1385 1990 1432 esse,

589 1453 696 1505 quod
716 1453 914 1491 videbatur
933 1453 1070 1497 oculis,
1092 1452 1308 1491 defendere.

644 1517 760 1556 Unde
794 1518 992 1562 memoria,
1037 1518 1062 1556 si
1093 1517 1190 1556 nihil
1222 1517 1485 1570 percipimus;
1534 1519 1611 1569 (fic
1635 1519 1741 1556 enim
1772 1518 1985 1570 quaerebas)

589 1583 693 1638 quod
715 1583 925 1622 meminisse
945 1583 1033 1628 visa,
1065 1584 1133 1622 nisi
1165 1582 1451 1636 comprehensa,
1487 1597 1563 1622 non
1584 1583 1810 1636 possumus?
1844 1584 1983 1635 Qid?

591 1651 803 1702 PolyaenuS‚
834 1650 901 1703 qui
922 1663 1084 1703 magnus
1115 1649 1410 1688 mathematicus
1444 1648 1553 1688 fuisse
1573 1650 1729 1695 dicitur,
1763 1649 1812 1701 (is
1838 1649 1985 1701 postea-

588 1730 706 1768 quam
739 1715 909 1768 Epicuro
942 1715 1153 1760 assentiens,
1186 1725 1306 1754 totam
1338 1716 1587 1768 geometriam
1614 1715 1686 1753 esse
1705 1715 1837 1754 falsam
1857 1715 1984 1753 credi-

589 1782 662 1833 dit)
680 1795 774 1820 num
794 1781 860 1819 illa
878 1782 1008 1826 etiam,
1030 1795 1115 1834 quae
1135 1781 1288 1826 sciebat,
1302 1781 1447 1820 oblitus
1468 1781 1548 1820 est?
1570 1782 1711 1834 Atqui,
1727 1781 1864 1819 falsum
1880 1781 1987 1834 quod

587 1847 653 1892 est,
685 1847 723 1885 id
743 1847 888 1900 percipi
909 1860 984 1885 non
1006 1847 1141 1900 potest,
1163 1856 1206 1885 ut
1227 1846 1505 1899 nobismetipsis
1526 1846 1663 1900 placet.
1703 1847 1740 1885 Si
1762 1847 1881 1898 igitur
1900 1859 1986 1884 me-

590 1913 711 1951 moria
730 1921 995 1966 perceptarum
1016 1911 1456 1965 comprehensarumque
1477 1925 1604 1950 rerum
1624 1911 1676 1950 est
1692 1930 1703 1956 ;
1734 1911 1879 1956 omnia,
1901 1925 1988 1963 quae

589 1979 750 2032 quisque
769 1979 965 2023 meminit,
996 1977 1113 2017 habet
1142 1992 1184 2016 ea
1205 1977 1477 2031 comprehensa
1506 1987 1619 2030 atque
1641 1987 1828 2030 percepta.
1888 1977 1986 2015 Falst

588 2055 717 2083 autern
739 2043 1014 2098 comprehendi
1036 2044 1134 2083 nihil
1155 2045 1300 2097 potest;
1323 2053 1360 2082 et
1380 2044 1510 2082 omnia
1530 2043 1710 2082 meminit
1731 2046 1871 2095 Scyron
1886 2043 1987 2096 Epi-

589 2111 670 2148 curi
691 2110 882 2162 dogmata.
911 2110 1010 2148 Vera
1031 2111 1147 2162 igitur
1167 2109 1232 2148 illa
1253 2109 1337 2148 sunt
1359 2123 1461 2148 nunc
1482 2109 1626 2147 omnia.
1660 2109 1748 2147 Hoc
1771 2122 1837 2161 per
1853 2121 1916 2146 me
1935 2108 1985 2146 li-

589 2186 673 2215 cet:
697 2176 757 2215 sed
780 2176 849 2214 tibi
870 2186 934 2214 aut
953 2176 1245 2215 concedendum
1257 2175 1309 2214 est
1329 2175 1381 2215 ita
1400 2174 1485 2219 effe,
1508 2176 1612 2228 quod
1633 2175 1797 2213 minime
1818 2175 1898 2219 vis;
1920 2183 1987 2212 aut

589 2243 818 2281 memoriam
841 2241 939 2280 mihi
962 2243 1132 2281 remittas
1153 2251 1316 2295 oportet,
1352 2250 1388 2279 et
1410 2240 1520 2279 facile
1540 2241 1610 2280 ess‘e
1630 2241 1664 2279 ei
1686 2241 1831 2284 locum,
1867 2241 1988 2279 etiam

590 2309 614 2347 si
636 2307 925 2362 comprehensio
944 2309 1217 2361 perceptioque
1239 2307 1343 2346 nulla
1365 2307 1421 2346 sit.

643 2374 751 2427 Qid
773 2374 838 2412 fiet
858 2374 1002 2412 artibus
1021 2374 1033 2410 ?
1055 2374 1194 2426 quibus
1212 2375 1224 2411 ?
1248 2373 1352 2418 iisne,
1377 2387 1462 2425 quae
1484 2372 1569 2426 ipsae
1591 2371 1755 2411 fatentur
1770 2372 1988 2424 conjectura

591 2440 623 2478 se
644 2441 730 2493 plus
752 2440 807 2478 uti
829 2454 945 2492 quam
968 2440 1148 2484 seientia;
1184 2453 1229 2477 an
1252 2439 1311 2484 iis,
1338 2453 1422 2492 quae
1445 2437 1593 2477 tantum
1615 2438 1668 2484 id,
1701 2437 1805 2491 quod
1821 2437 1985 2482 videtur,

591 2507 812 2559 sequuntur,
838 2521 904 2545 nec
927 2506 1068 2546 habent
1090 2507 1196 2545 istam
1218 2517 1337 2545 artem
1359 2506 1531 2550 vestram,
1553 2520 1637 2558 quae
1652 2518 1737 2543 vera
1756 2514 1794 2543 et
1815 2503 1903 2542 falsa
1922 2503 1984 2541 di-

583 2573 744 2626 judicet.
805 2573 875 2613 Sed
907 2573 971 2612 illa
991 2573 1076 2613 sunt
1097 2572 1245 2613 lumina
1279 2573 1369 2620 duo,
1401 2587 1484 2627 quae
1505 2573 1674 2613 maxime
1702 2569 1852 2610 causam
1873 2569 1982 2609 istam
