<?xml version="1.0" encoding="UTF-8"?>
<!DOCTYPE html PUBLIC "-//W3C//DTD XHTML 1.0 Transitional//EN"
    "http://www.w3.org/TR/xhtml1/DTD/xhtml1-transitional.dtd">
<html xmlns="http://www.w3.org/1999/xhtml" xml:lang="en" lang="en">
 <head>
  <title>
</title>
<meta http-equiv="Content-Type" content="text/html;charset=utf-8" />
  <meta name='ocr-system' content='tesseract 3.04.00' />
  <meta name='ocr-capabilities' content='ocr_page ocr_carea ocr_par ocr_line ocrx_word'/>
</head>
<body>
  <div class='ocr_page' id='page_1' title='image "./operacumindicibu02ciceuoft_0375.png"; bbox 0 0 2330 2983; ppageno 0'>
   <div class='ocr_carea' id='block_1_1' title="bbox 657 251 1737 304">
    <p class='ocr_par' dir='ltr' id='par_1_1' title="bbox 657 251 1737 304">
     <span class='ocr_line' id='line_1_1' title="bbox 657 251 1737 304; baseline -0.004 -12"><span class='ocrx_word' id='word_1_1' title='bbox 657 253 931 292; x_wconf 88' lang='lat' dir='ltr'>LIBER</span> <span class='ocrx_word' id='word_1_2' title='bbox 989 251 1420 304; x_wconf 66' lang='lat' dir='ltr'>QUINTUS.</span> <span class='ocrx_word' id='word_1_3' title='bbox 1660 251 1737 303; x_wconf 79' lang='lat'>367</span> 
     </span>
    </p>
   </div>
   <div class='ocr_carea' id='block_1_2' title="bbox 344 348 1740 2552">
    <p class='ocr_par' dir='ltr' id='par_1_2' title="bbox 345 348 1739 1172">
     <span class='ocr_line' id='line_1_2' title="bbox 346 348 1736 403; baseline -0.004 -12"><span class='ocrx_word' id='word_1_4' title='bbox 346 353 637 393; x_wconf 81' lang='lat' dir='ltr'>constantiffime</span> <span class='ocrx_word' id='word_1_5' title='bbox 668 353 745 390; x_wconf 90' lang='lat' dir='ltr'>dici</span> <span class='ocrx_word' id='word_1_6' title='bbox 775 351 875 390; x_wconf 87' lang='lat' dir='ltr'>mihi</span> <span class='ocrx_word' id='word_1_7' title='bbox 905 352 1094 390; x_wconf 89' lang='lat' dir='ltr'>videntur.</span> <span class='ocrx_word' id='word_1_8' title='bbox 1138 351 1244 390; x_wconf 86' lang='lat' dir='ltr'>Nam</span> <span class='ocrx_word' id='word_1_9' title='bbox 1275 360 1312 388; x_wconf 90' lang='lat' dir='ltr'>et</span> <span class='ocrx_word' id='word_1_10' title='bbox 1332 350 1398 403; x_wconf 87' lang='lat' dir='ltr'>qui</span> <span class='ocrx_word' id='word_1_11' title='bbox 1420 350 1549 388; x_wconf 82' lang='lat' dir='ltr'>beatus</span> <span class='ocrx_word' id='word_1_12' title='bbox 1569 348 1634 393; x_wconf 88' lang='lat' dir='ltr'>est,</span> <span class='ocrx_word' id='word_1_13' title='bbox 1658 363 1736 387; x_wconf 88' lang='lat' dir='ltr'>non</span> 
     </span>
     <span class='ocr_line' id='line_1_3' title="bbox 347 415 1736 471; baseline -0.003 -15"><span class='ocrx_word' id='word_1_14' title='bbox 347 419 536 471; x_wconf 88' lang='lat' dir='ltr'>intelligo,</span> <span class='ocrx_word' id='word_1_15' title='bbox 568 418 662 469; x_wconf 90' lang='lat' dir='ltr'>quid</span> <span class='ocrx_word' id='word_1_16' title='bbox 682 417 860 469; x_wconf 89' lang='lat' dir='ltr'>requirat,</span> <span class='ocrx_word' id='word_1_17' title='bbox 893 426 936 454; x_wconf 91' lang='lat' dir='ltr'>ut</span> <span class='ocrx_word' id='word_1_18' title='bbox 956 417 1000 454; x_wconf 87' lang='lat' dir='ltr'>s1t</span> <span class='ocrx_word' id='word_1_19' title='bbox 1020 416 1164 454; x_wconf 88' lang='lat' dir='ltr'>beatior</span> <span class='ocrx_word' id='word_1_20' title='bbox 1178 435 1191 460; x_wconf 88' lang='lat'>;</span> <span class='ocrx_word' id='word_1_21' title='bbox 1226 417 1240 467; x_wconf 92' lang='lat'>(</span> <span class='ocrx_word' id='word_1_22' title='bbox 1257 416 1281 454; x_wconf 87' lang='lat' dir='ltr'><strong>fi</strong></span> <span class='ocrx_word' id='word_1_23' title='bbox 1302 415 1354 453; x_wconf 87' lang='lat' dir='ltr'>est</span> <span class='ocrx_word' id='word_1_24' title='bbox 1373 415 1478 453; x_wconf 87' lang='lat' dir='ltr'>enirn</span> <span class='ocrx_word' id='word_1_25' title='bbox 1505 415 1609 467; x_wconf 91' lang='lat' dir='ltr'>quod</span> <span class='ocrx_word' id='word_1_26' title='bbox 1629 415 1736 459; x_wconf 86' lang='lat' dir='ltr'>defit,</span> 
     </span>
     <span class='ocr_line' id='line_1_4' title="bbox 347 481 1738 535; baseline -0.002 -13"><span class='ocrx_word' id='word_1_27' title='bbox 347 498 394 522; x_wconf 90' lang='lat' dir='ltr'>ne</span> <span class='ocrx_word' id='word_1_28' title='bbox 414 485 543 522; x_wconf 86' lang='lat' dir='ltr'>beatus</span> <span class='ocrx_word' id='word_1_29' title='bbox 563 483 722 535; x_wconf 89' lang='lat' dir='ltr'>quidem</span> <span class='ocrx_word' id='word_1_30' title='bbox 741 482 792 520; x_wconf 90' lang='lat' dir='ltr'>est</span> <span class='ocrx_word' id='word_1_31' title='bbox 806 483 836 534; x_wconf 67' lang='grc' dir='ltr'>ς)</span> <span class='ocrx_word' id='word_1_32' title='bbox 864 491 915 526; x_wconf 90' lang='lat' dir='ltr'>et,</span> <span class='ocrx_word' id='word_1_33' title='bbox 936 481 1041 533; x_wconf 79' lang='lat' dir='ltr'>quod</span> <span class='ocrx_word' id='word_1_34' title='bbox 1061 495 1108 519; x_wconf 88' lang='lat' dir='ltr'>ex</span> <span class='ocrx_word' id='word_1_35' title='bbox 1127 481 1269 532; x_wconf 87' lang='lat' dir='ltr'>majore</span> <span class='ocrx_word' id='word_1_36' title='bbox 1287 490 1392 532; x_wconf 84' lang='lat' dir='ltr'>parte</span> <span class='ocrx_word' id='word_1_37' title='bbox 1422 494 1738 533; x_wconf 84' lang='lat' dir='ltr'>unamquamque</span> 
     </span>
     <span class='ocr_line' id='line_1_5' title="bbox 347 545 1739 599; baseline -0.001 -14"><span class='ocrx_word' id='word_1_38' title='bbox 347 561 426 586; x_wconf 89' lang='lat' dir='ltr'>rem</span> <span class='ocrx_word' id='word_1_39' title='bbox 448 548 627 599; x_wconf 86' lang='lat' dir='ltr'>appellari</span> <span class='ocrx_word' id='word_1_40' title='bbox 642 547 874 599; x_wconf 67' lang='lat' dir='ltr'>spectarique</span> <span class='ocrx_word' id='word_1_41' title='bbox 893 546 1043 589; x_wconf 92' lang='lat' dir='ltr'>dicunt,</span> <span class='ocrx_word' id='word_1_42' title='bbox 1060 545 1112 582; x_wconf 89' lang='lat' dir='ltr'>est</span> <span class='ocrx_word' id='word_1_43' title='bbox 1125 545 1192 582; x_wconf 89' lang='lat' dir='ltr'>ubi</span> <span class='ocrx_word' id='word_1_44' title='bbox 1206 545 1243 582; x_wconf 90' lang='lat' dir='ltr'>id</span> <span class='ocrx_word' id='word_1_45' title='bbox 1260 545 1328 582; x_wconf 90' lang='lat' dir='ltr'>isto</span> <span class='ocrx_word' id='word_1_46' title='bbox 1343 545 1461 582; x_wconf 91' lang='lat' dir='ltr'>modo</span> <span class='ocrx_word' id='word_1_47' title='bbox 1477 545 1608 583; x_wconf 87' lang='lat' dir='ltr'>valeat.</span> <span class='ocrx_word' id='word_1_48' title='bbox 1633 547 1739 583; x_wconf 89' lang='lat' dir='ltr'>Cum</span> 
     </span>
     <span class='ocr_line' id='line_1_6' title="bbox 346 610 1737 664; baseline -0.002 -14"><span class='ocrx_word' id='word_1_49' title='bbox 346 625 434 650; x_wconf 87' lang='lat' dir='ltr'>vero</span> <span class='ocrx_word' id='word_1_50' title='bbox 455 613 526 650; x_wconf 85' lang='lat' dir='ltr'>tria</span> <span class='ocrx_word' id='word_1_51' title='bbox 543 625 679 664; x_wconf 85' lang='lat' dir='ltr'>genera</span> <span class='ocrx_word' id='word_1_52' title='bbox 698 612 891 649; x_wconf 83' lang='lat' dir='ltr'>malorum</span> <span class='ocrx_word' id='word_1_53' title='bbox 910 611 982 649; x_wconf 84' lang='lat' dir='ltr'>effe</span> <span class='ocrx_word' id='word_1_54' title='bbox 1000 611 1153 654; x_wconf 83' lang='lat' dir='ltr'>dicant3</span> <span class='ocrx_word' id='word_1_55' title='bbox 1175 611 1244 662; x_wconf 90' lang='lat' dir='ltr'>qui</span> <span class='ocrx_word' id='word_1_56' title='bbox 1263 610 1429 647; x_wconf 90' lang='lat' dir='ltr'>duorum</span> <span class='ocrx_word' id='word_1_57' title='bbox 1449 623 1631 662; x_wconf 85' lang='lat' dir='ltr'>generum</span> <span class='ocrx_word' id='word_1_58' title='bbox 1653 624 1737 648; x_wconf 84' lang='lat' dir='ltr'>ma-</span> 
     </span>
     <span class='ocr_line' id='line_1_7' title="bbox 346 674 1738 729; baseline -0.002 -14"><span class='ocrx_word' id='word_1_59' title='bbox 346 677 392 715; x_wconf 92' lang='lat' dir='ltr'>lis</span> <span class='ocrx_word' id='word_1_60' title='bbox 412 677 595 715; x_wconf 87' lang='lat' dir='ltr'>omnibus</span> <span class='ocrx_word' id='word_1_61' title='bbox 616 686 804 729; x_wconf 86' lang='lat' dir='ltr'>urgeatur,</span> <span class='ocrx_word' id='word_1_62' title='bbox 824 686 867 714; x_wconf 91' lang='lat' dir='ltr'>ut</span> <span class='ocrx_word' id='word_1_63' title='bbox 889 677 1020 714; x_wconf 82' lang='lat' dir='ltr'>omnia</span> <span class='ocrx_word' id='word_1_64' title='bbox 1038 675 1186 714; x_wconf 90' lang='lat' dir='ltr'>adversa</span> <span class='ocrx_word' id='word_1_65' title='bbox 1205 675 1277 713; x_wconf 79' lang='lat' dir='ltr'>sint</span> <span class='ocrx_word' id='word_1_66' title='bbox 1296 676 1336 712; x_wconf 88' lang='lat' dir='ltr'>in</span> <span class='ocrx_word' id='word_1_67' title='bbox 1357 674 1524 719; x_wconf 86' lang='lat' dir='ltr'>fortuna,</span> <span class='ocrx_word' id='word_1_68' title='bbox 1555 676 1738 713; x_wconf 87' lang='lat' dir='ltr'>omnibus</span> 
     </span>
     <span class='ocr_line' id='line_1_8' title="bbox 346 739 1739 795; baseline -0.002 -14"><span class='ocrx_word' id='word_1_69' title='bbox 346 742 565 795; x_wconf 87' lang='lat' dir='ltr'>oppreffum</span> <span class='ocrx_word' id='word_1_70' title='bbox 585 755 723 794; x_wconf 90' lang='lat' dir='ltr'>corpus</span> <span class='ocrx_word' id='word_1_71' title='bbox 747 751 785 779; x_wconf 91' lang='lat' dir='ltr'>et</span> <span class='ocrx_word' id='word_1_72' title='bbox 810 741 1030 780; x_wconf 66' lang='lat' dir='ltr'>confectum</span> <span class='ocrx_word' id='word_1_73' title='bbox 1052 741 1262 785; x_wconf 82' lang='lat' dir='ltr'>doloribus,</span> <span class='ocrx_word' id='word_1_74' title='bbox 1290 739 1382 778; x_wconf 89' lang='lat' dir='ltr'>huic</span> <span class='ocrx_word' id='word_1_75' title='bbox 1410 740 1662 793; x_wconf 86' lang='lat' dir='ltr'>paululumne</span> <span class='ocrx_word' id='word_1_76' title='bbox 1693 741 1739 778; x_wconf 87' lang='lat' dir='ltr'>ad</span> 
     </span>
     <span class='ocr_line' id='line_1_9' title="bbox 347 806 1738 851; baseline -0.001 -5"><span class='ocrx_word' id='word_1_77' title='bbox 347 808 497 846; x_wconf 90' lang='lat' dir='ltr'>beatam</span> <span class='ocrx_word' id='word_1_78' title='bbox 517 809 636 846; x_wconf 85' lang='lat' dir='ltr'>vitam</span> <span class='ocrx_word' id='word_1_79' title='bbox 656 806 773 845; x_wconf 87' lang='lat' dir='ltr'>deeffe</span> <span class='ocrx_word' id='word_1_80' title='bbox 792 807 980 851; x_wconf 81' lang='lat' dir='ltr'>dicemus,</span> <span class='ocrx_word' id='word_1_81' title='bbox 1011 820 1088 844; x_wconf 92' lang='lat' dir='ltr'>non</span> <span class='ocrx_word' id='word_1_82' title='bbox 1115 806 1233 844; x_wconf 90' lang='lat' dir='ltr'>modo</span> <span class='ocrx_word' id='word_1_83' title='bbox 1260 806 1306 843; x_wconf 91' lang='lat' dir='ltr'>ad</span> <span class='ocrx_word' id='word_1_84' title='bbox 1333 806 1615 843; x_wconf 85' lang='lat' dir='ltr'>beatiffimam?</span> <span class='ocrx_word' id='word_1_85' title='bbox 1647 807 1738 844; x_wconf 89' lang='lat' dir='ltr'>Hoc</span> 
     </span>
     <span class='ocr_line' id='line_1_10' title="bbox 347 871 1739 925; baseline -0.002 -14"><span class='ocrx_word' id='word_1_86' title='bbox 347 873 446 911; x_wconf 85' lang='lat' dir='ltr'>illud</span> <span class='ocrx_word' id='word_1_87' title='bbox 465 873 530 917; x_wconf 87' lang='lat' dir='ltr'>est,</span> <span class='ocrx_word' id='word_1_88' title='bbox 559 873 663 925; x_wconf 88' lang='lat' dir='ltr'>quod</span> <span class='ocrx_word' id='word_1_89' title='bbox 683 871 970 925; x_wconf 88' lang='lat' dir='ltr'>Theophrastus</span> <span class='ocrx_word' id='word_1_90' title='bbox 1000 872 1177 910; x_wconf 88' lang='lat' dir='ltr'>sustinere</span> <span class='ocrx_word' id='word_1_91' title='bbox 1202 885 1280 909; x_wconf 92' lang='lat' dir='ltr'>non</span> <span class='ocrx_word' id='word_1_92' title='bbox 1307 872 1447 923; x_wconf 90' lang='lat' dir='ltr'>potuit.</span> <span class='ocrx_word' id='word_1_93' title='bbox 1494 871 1614 915; x_wconf 85' lang='lat' dir='ltr'>Nam,</span> <span class='ocrx_word' id='word_1_94' title='bbox 1646 885 1739 909; x_wconf 90' lang='lat' dir='ltr'>cum</span> 
     </span>
     <span class='ocr_line' id='line_1_11' title="bbox 347 935 1737 988; baseline -0.002 -12"><span class='ocrx_word' id='word_1_95' title='bbox 347 937 539 982; x_wconf 81' lang='lat' dir='ltr'>statuiffet,</span> <span class='ocrx_word' id='word_1_96' title='bbox 571 938 735 981; x_wconf 79' lang='lat' dir='ltr'>verbera,</span> <span class='ocrx_word' id='word_1_97' title='bbox 768 946 969 982; x_wconf 87' lang='lat' dir='ltr'>tormenta,</span> <span class='ocrx_word' id='word_1_98' title='bbox 1004 937 1208 981; x_wconf 83' lang='lat' dir='ltr'>cruciatus,</span> <span class='ocrx_word' id='word_1_99' title='bbox 1240 936 1368 988; x_wconf 85' lang='lat' dir='ltr'>patriae</span> <span class='ocrx_word' id='word_1_100' title='bbox 1398 935 1617 980; x_wconf 83' lang='lat' dir='ltr'>everfiones,</span> <span class='ocrx_word' id='word_1_101' title='bbox 1653 937 1737 974; x_wconf 86' lang='lat' dir='ltr'>exi-</span> 
     </span>
     <span class='ocr_line' id='line_1_12' title="bbox 347 1000 1739 1053; baseline -0.001 -13"><span class='ocrx_word' id='word_1_102' title='bbox 347 1003 410 1048; x_wconf 85' lang='lat' dir='ltr'>lia,</span> <span class='ocrx_word' id='word_1_103' title='bbox 431 1003 612 1040; x_wconf 87' lang='lat' dir='ltr'>orbitates</span> <span class='ocrx_word' id='word_1_104' title='bbox 632 1015 812 1053; x_wconf 88' lang='lat' dir='ltr'>magnam</span> <span class='ocrx_word' id='word_1_105' title='bbox 833 1002 913 1039; x_wconf 83' lang='lat' dir='ltr'>vim</span> <span class='ocrx_word' id='word_1_106' title='bbox 939 1000 1077 1039; x_wconf 89' lang='lat' dir='ltr'>habere</span> <span class='ocrx_word' id='word_1_107' title='bbox 1096 1001 1142 1038; x_wconf 89' lang='lat' dir='ltr'>ad</span> <span class='ocrx_word' id='word_1_108' title='bbox 1161 1001 1259 1039; x_wconf 90' lang='lat' dir='ltr'>male</span> <span class='ocrx_word' id='word_1_109' title='bbox 1286 1001 1494 1052; x_wconf 89' lang='lat' dir='ltr'>misereque</span> <span class='ocrx_word' id='word_1_110' title='bbox 1514 1001 1739 1046; x_wconf 86' lang='lat' dir='ltr'>vivendum,</span> 
     </span>
     <span class='ocr_line' id='line_1_13' title="bbox 346 1065 1739 1119; baseline -0.002 -13"><span class='ocrx_word' id='word_1_111' title='bbox 346 1081 425 1106; x_wconf 91' lang='lat' dir='ltr'>non</span> <span class='ocrx_word' id='word_1_112' title='bbox 456 1068 508 1106; x_wconf 92' lang='lat' dir='ltr'>est</span> <span class='ocrx_word' id='word_1_113' title='bbox 527 1067 639 1106; x_wconf 79' lang='lat' dir='ltr'>ausus·</span> <span class='ocrx_word' id='word_1_114' title='bbox 655 1067 750 1106; x_wconf 89' lang='lat' dir='ltr'>elate</span> <span class='ocrx_word' id='word_1_115' title='bbox 781 1077 819 1105; x_wconf 92' lang='lat' dir='ltr'>et</span> <span class='ocrx_word' id='word_1_116' title='bbox 837 1067 966 1119; x_wconf 88' lang='lat' dir='ltr'>ample</span> <span class='ocrx_word' id='word_1_117' title='bbox 995 1067 1117 1119; x_wconf 90' lang='lat' dir='ltr'>loqui,</span> <span class='ocrx_word' id='word_1_118' title='bbox 1153 1080 1245 1104; x_wconf 88' lang='lat' dir='ltr'>cum</span> <span class='ocrx_word' id='word_1_119' title='bbox 1275 1065 1477 1104; x_wconf 90' lang='lat' dir='ltr'>humiliter</span> <span class='ocrx_word' id='word_1_120' title='bbox 1508 1066 1739 1118; x_wconf 84' lang='lat' dir='ltr'>demiffeque</span> 
     </span>
     <span class='ocr_line' id='line_1_14' title="bbox 345 1133 514 1172; baseline -0.006 0"><span class='ocrx_word' id='word_1_121' title='bbox 345 1133 514 1172; x_wconf 77' lang='lat' dir='ltr'>sentiret.</span> 
     </span>
    </p>

    <p class='ocr_par' dir='ltr' id='par_1_3' title="bbox 344 1198 1740 1825">
     <span class='ocr_line' id='line_1_15' title="bbox 392 1198 1738 1252; baseline -0.001 -15"><span class='ocrx_word' id='word_1_122' title='bbox 392 1200 464 1238; x_wconf 90' lang='lat' dir='ltr'>IX.</span> <span class='ocrx_word' id='word_1_123' title='bbox 487 1200 620 1251; x_wconf 84' lang='lat' dir='ltr'>Qam</span> <span class='ocrx_word' id='word_1_124' title='bbox 639 1199 748 1245; x_wconf 90' lang='lat' dir='ltr'>bene,</span> <span class='ocrx_word' id='word_1_125' title='bbox 770 1212 847 1237; x_wconf 90' lang='lat' dir='ltr'>non</span> <span class='ocrx_word' id='word_1_126' title='bbox 867 1199 1050 1252; x_wconf 60' lang='lat' dir='ltr'>quaeritur</span> <span class='ocrx_word' id='word_1_127' title='bbox 1064 1217 1077 1244; x_wconf 79' lang='lat'>3</span> <span class='ocrx_word' id='word_1_128' title='bbox 1100 1198 1312 1238; x_wconf 87' lang='lat' dir='ltr'>constanter</span> <span class='ocrx_word' id='word_1_129' title='bbox 1332 1198 1490 1250; x_wconf 86' lang='lat' dir='ltr'>quidem</span> <span class='ocrx_word' id='word_1_130' title='bbox 1511 1208 1625 1236; x_wconf 85' lang='lat' dir='ltr'>certe.</span> <span class='ocrx_word' id='word_1_131' title='bbox 1660 1199 1738 1236; x_wconf 88' lang='lat' dir='ltr'>lta-</span> 
     </span>
     <span class='ocr_line' id='line_1_16' title="bbox 345 1263 1739 1318; baseline -0.002 -15"><span class='ocrx_word' id='word_1_132' title='bbox 345 1279 419 1318; x_wconf 93' lang='lat' dir='ltr'>que</span> <span class='ocrx_word' id='word_1_133' title='bbox 454 1264 554 1303; x_wconf 86' lang='lat' dir='ltr'>mihi</span> <span class='ocrx_word' id='word_1_134' title='bbox 587 1265 736 1318; x_wconf 90' lang='lat' dir='ltr'>placere</span> <span class='ocrx_word' id='word_1_135' title='bbox 768 1279 847 1303; x_wconf 88' lang='lat' dir='ltr'>non</span> <span class='ocrx_word' id='word_1_136' title='bbox 867 1265 986 1310; x_wconf 83' lang='lat' dir='ltr'>solet,</span> <span class='ocrx_word' id='word_1_137' title='bbox 1027 1265 1295 1317; x_wconf 84' lang='lat' dir='ltr'>consequentia</span> <span class='ocrx_word' id='word_1_138' title='bbox 1327 1263 1611 1316; x_wconf 88' lang='lat' dir='ltr'>reprehendere,</span> <span class='ocrx_word' id='word_1_139' title='bbox 1647 1276 1739 1300; x_wconf 88' lang='lat' dir='ltr'>cum</span> 
     </span>
     <span class='ocr_line' id='line_1_17' title="bbox 347 1327 1738 1384; baseline -0.002 -16"><span class='ocrx_word' id='word_1_140' title='bbox 347 1332 471 1384; x_wconf 87' lang='lat' dir='ltr'>prima</span> <span class='ocrx_word' id='word_1_141' title='bbox 489 1330 724 1369; x_wconf 82' lang='lat' dir='ltr'>concesseris.</span> <span class='ocrx_word' id='word_1_142' title='bbox 770 1331 851 1368; x_wconf 90' lang='lat' dir='ltr'>Hic</span> <span class='ocrx_word' id='word_1_143' title='bbox 872 1340 1012 1374; x_wconf 88' lang='lat' dir='ltr'>autem,</span> <span class='ocrx_word' id='word_1_144' title='bbox 1045 1329 1339 1382; x_wconf 86' lang='lat' dir='ltr'>elegantiffimus</span> <span class='ocrx_word' id='word_1_145' title='bbox 1362 1329 1547 1368; x_wconf 71' lang='lat' dir='ltr'>,omnium</span> <span class='ocrx_word' id='word_1_146' title='bbox 1567 1327 1738 1381; x_wconf 88' lang='lat' dir='ltr'>philoso-</span> 
     </span>
     <span class='ocr_line' id='line_1_18' title="bbox 348 1393 1740 1448; baseline -0.003 -14"><span class='ocrx_word' id='word_1_147' title='bbox 348 1395 516 1448; x_wconf 89' lang='lat' dir='ltr'>phorum</span> <span class='ocrx_word' id='word_1_148' title='bbox 535 1404 573 1433; x_wconf 89' lang='lat' dir='ltr'>et</span> <span class='ocrx_word' id='word_1_149' title='bbox 593 1395 878 1440; x_wconf 85' lang='lat' dir='ltr'>eruditiffimus,</span> <span class='ocrx_word' id='word_1_150' title='bbox 900 1409 976 1433; x_wconf 91' lang='lat' dir='ltr'>non</span> <span class='ocrx_word' id='word_1_151' title='bbox 996 1408 1226 1447; x_wconf 89' lang='lat' dir='ltr'>magnopere</span> <span class='ocrx_word' id='word_1_152' title='bbox 1242 1393 1541 1446; x_wconf 88' lang='lat' dir='ltr'>reprehenditur,</span> <span class='ocrx_word' id='word_1_153' title='bbox 1560 1407 1652 1431; x_wconf 89' lang='lat' dir='ltr'>cum</span> <span class='ocrx_word' id='word_1_154' title='bbox 1669 1393 1740 1430; x_wconf 82' lang='lat' dir='ltr'>tria</span> 
     </span>
     <span class='ocr_line' id='line_1_19' title="bbox 347 1459 1738 1513; baseline -0.004 -14"><span class='ocrx_word' id='word_1_155' title='bbox 347 1475 484 1513; x_wconf 87' lang='lat' dir='ltr'>genera</span> <span class='ocrx_word' id='word_1_156' title='bbox 503 1461 598 1499; x_wconf 88' lang='lat' dir='ltr'>dicit</span> <span class='ocrx_word' id='word_1_157' title='bbox 628 1461 820 1499; x_wconf 86' lang='lat' dir='ltr'>bonorum</span> <span class='ocrx_word' id='word_1_158' title='bbox 834 1479 845 1505; x_wconf 75' lang='lat'>5</span> <span class='ocrx_word' id='word_1_159' title='bbox 878 1469 1034 1498; x_wconf 86' lang='lat' dir='ltr'>vexatur</span> <span class='ocrx_word' id='word_1_160' title='bbox 1053 1470 1181 1498; x_wconf 87' lang='lat' dir='ltr'>autem</span> <span class='ocrx_word' id='word_1_161' title='bbox 1201 1460 1247 1497; x_wconf 92' lang='lat' dir='ltr'>ab</span> <span class='ocrx_word' id='word_1_162' title='bbox 1277 1460 1473 1503; x_wconf 84' lang='lat' dir='ltr'>omnibus,</span> <span class='ocrx_word' id='word_1_163' title='bbox 1504 1459 1677 1510; x_wconf 89' lang='lat' dir='ltr'>primum</span> <span class='ocrx_word' id='word_1_164' title='bbox 1698 1459 1738 1495; x_wconf 89' lang='lat' dir='ltr'>in</span> 
     </span>
     <span class='ocr_line' id='line_1_20' title="bbox 347 1522 1736 1578; baseline -0.003 -15"><span class='ocrx_word' id='word_1_165' title='bbox 347 1540 392 1564; x_wconf 88' lang='lat' dir='ltr'>eo</span> <span class='ocrx_word' id='word_1_166' title='bbox 423 1527 535 1571; x_wconf 92' lang='lat' dir='ltr'>libro,</span> <span class='ocrx_word' id='word_1_167' title='bbox 571 1539 686 1577; x_wconf 90' lang='lat' dir='ltr'>quem</span> <span class='ocrx_word' id='word_1_168' title='bbox 718 1525 861 1578; x_wconf 86' lang='lat' dir='ltr'>scripfit</span> <span class='ocrx_word' id='word_1_169' title='bbox 891 1526 938 1563; x_wconf 89' lang='lat' dir='ltr'>de</span> <span class='ocrx_word' id='word_1_170' title='bbox 968 1525 1045 1562; x_wconf 87' lang='lat' dir='ltr'>vita</span> <span class='ocrx_word' id='word_1_171' title='bbox 1078 1525 1197 1568; x_wconf 90' lang='lat' dir='ltr'>beata,</span> <span class='ocrx_word' id='word_1_172' title='bbox 1232 1525 1273 1561; x_wconf 91' lang='lat' dir='ltr'>in</span> <span class='ocrx_word' id='word_1_173' title='bbox 1293 1537 1370 1575; x_wconf 90' lang='lat' dir='ltr'>quo</span> <span class='ocrx_word' id='word_1_174' title='bbox 1401 1523 1525 1560; x_wconf 89' lang='lat' dir='ltr'>multa</span> <span class='ocrx_word' id='word_1_175' title='bbox 1558 1522 1736 1574; x_wconf 87' lang='lat' dir='ltr'>disputat,</span> 
     </span>
     <span class='ocr_line' id='line_1_21' title="bbox 347 1587 1738 1643; baseline -0.003 -14"><span class='ocrx_word' id='word_1_176' title='bbox 347 1593 601 1643; x_wconf 88' lang='lat' dir='ltr'>quamobrem</span> <span class='ocrx_word' id='word_1_177' title='bbox 621 1591 668 1635; x_wconf 89' lang='lat' dir='ltr'>is,</span> <span class='ocrx_word' id='word_1_178' title='bbox 703 1591 771 1642; x_wconf 85' lang='lat' dir='ltr'>qui</span> <span class='ocrx_word' id='word_1_179' title='bbox 802 1599 1033 1642; x_wconf 83' lang='lat' dir='ltr'>torqueatur,</span> <span class='ocrx_word' id='word_1_180' title='bbox 1067 1590 1135 1641; x_wconf 90' lang='lat' dir='ltr'>qui</span> <span class='ocrx_word' id='word_1_181' title='bbox 1159 1589 1363 1633; x_wconf 88' lang='lat' dir='ltr'>crucietur,</span> <span class='ocrx_word' id='word_1_182' title='bbox 1395 1589 1526 1626; x_wconf 87' lang='lat' dir='ltr'>beatus</span> <span class='ocrx_word' id='word_1_183' title='bbox 1561 1587 1630 1625; x_wconf 85' lang='lat' dir='ltr'>effe</span> <span class='ocrx_word' id='word_1_184' title='bbox 1660 1601 1738 1625; x_wconf 88' lang='lat' dir='ltr'>non</span> 
     </span>
     <span class='ocr_line' id='line_1_22' title="bbox 345 1654 1737 1710; baseline -0.003 -16"><span class='ocrx_word' id='word_1_185' title='bbox 345 1654 469 1710; x_wconf 85' lang='lat' dir='ltr'>poffit.</span> <span class='ocrx_word' id='word_1_186' title='bbox 504 1657 548 1694; x_wconf 94' lang='lat' dir='ltr'>In</span> <span class='ocrx_word' id='word_1_187' title='bbox 568 1668 614 1693; x_wconf 88' lang='lat' dir='ltr'>eo</span> <span class='ocrx_word' id='word_1_188' title='bbox 634 1656 749 1693; x_wconf 89' lang='lat' dir='ltr'>etiam</span> <span class='ocrx_word' id='word_1_189' title='bbox 769 1664 924 1707; x_wconf 90' lang='lat' dir='ltr'>putatur</span> <span class='ocrx_word' id='word_1_190' title='bbox 955 1654 1093 1698; x_wconf 88' lang='lat' dir='ltr'>dicere,</span> <span class='ocrx_word' id='word_1_191' title='bbox 1124 1654 1165 1692; x_wconf 88' lang='lat' dir='ltr'>in</span> <span class='ocrx_word' id='word_1_192' title='bbox 1186 1664 1310 1692; x_wconf 90' lang='lat' dir='ltr'>rotam</span> <span class='ocrx_word' id='word_1_193' title='bbox 1342 1654 1490 1691; x_wconf 88' lang='lat' dir='ltr'>beatam</span> <span class='ocrx_word' id='word_1_194' title='bbox 1511 1654 1628 1690; x_wconf 84' lang='lat' dir='ltr'>vitam</span> <span class='ocrx_word' id='word_1_195' title='bbox 1660 1666 1737 1691; x_wconf 87' lang='lat' dir='ltr'>non</span> 
     </span>
     <span class='ocr_line' id='line_1_23' title="bbox 344 1718 1736 1772; baseline -0.003 -13"><span class='ocrx_word' id='word_1_196' title='bbox 344 1721 553 1759; x_wconf 85' lang='lat' dir='ltr'>ascendere.</span> <span class='ocrx_word' id='word_1_197' title='bbox 591 1720 685 1759; x_wconf 91' lang='lat' dir='ltr'>Non</span> <span class='ocrx_word' id='word_1_198' title='bbox 705 1720 865 1772; x_wconf 88' lang='lat' dir='ltr'>usquam</span> <span class='ocrx_word' id='word_1_199' title='bbox 887 1719 926 1758; x_wconf 91' lang='lat' dir='ltr'>id</span> <span class='ocrx_word' id='word_1_200' title='bbox 946 1719 1104 1771; x_wconf 89' lang='lat' dir='ltr'>quidem</span> <span class='ocrx_word' id='word_1_201' title='bbox 1125 1719 1219 1757; x_wconf 89' lang='lat' dir='ltr'>dicit</span> <span class='ocrx_word' id='word_1_202' title='bbox 1235 1719 1409 1761; x_wconf 89' lang='lat' dir='ltr'>omnino,</span> <span class='ocrx_word' id='word_1_203' title='bbox 1426 1718 1500 1762; x_wconf 91' lang='lat' dir='ltr'>sed,</span> <span class='ocrx_word' id='word_1_204' title='bbox 1523 1731 1606 1769; x_wconf 87' lang='lat' dir='ltr'>quae</span> <span class='ocrx_word' id='word_1_205' title='bbox 1627 1718 1736 1762; x_wconf 88' lang='lat' dir='ltr'>dicit,</span> 
     </span>
     <span class='ocr_line' id='line_1_24' title="bbox 345 1786 604 1825; baseline 0 -1"><span class='ocrx_word' id='word_1_206' title='bbox 345 1787 447 1825; x_wconf 80' lang='lat' dir='ltr'>idem</span> <span class='ocrx_word' id='word_1_207' title='bbox 464 1786 604 1824; x_wconf 87' lang='lat' dir='ltr'>valent.</span> 
     </span>
    </p>

    <p class='ocr_par' dir='ltr' id='par_1_4' title="bbox 345 1847 1736 2219">
     <span class='ocr_line' id='line_1_25' title="bbox 402 1847 1734 1903; baseline -0.004 -14"><span class='ocrx_word' id='word_1_208' title='bbox 402 1851 555 1890; x_wconf 85' lang='lat' dir='ltr'>Poffum</span> <span class='ocrx_word' id='word_1_209' title='bbox 576 1851 708 1903; x_wconf 87' lang='lat' dir='ltr'>igitur,</span> <span class='ocrx_word' id='word_1_210' title='bbox 730 1850 793 1888; x_wconf 87' lang='lat' dir='ltr'>cui</span> <span class='ocrx_word' id='word_1_211' title='bbox 813 1848 1071 1894; x_wconf 80' lang='lat' dir='ltr'>concesserim,</span> <span class='ocrx_word' id='word_1_212' title='bbox 1104 1849 1144 1886; x_wconf 89' lang='lat' dir='ltr'>in</span> <span class='ocrx_word' id='word_1_213' title='bbox 1163 1849 1275 1887; x_wconf 87' lang='lat' dir='ltr'>malis</span> <span class='ocrx_word' id='word_1_214' title='bbox 1294 1847 1364 1886; x_wconf 86' lang='lat' dir='ltr'>effe</span> <span class='ocrx_word' id='word_1_215' title='bbox 1383 1848 1530 1886; x_wconf 87' lang='lat' dir='ltr'>dolores</span> <span class='ocrx_word' id='word_1_216' title='bbox 1551 1847 1734 1899; x_wconf 75' lang='lat' dir='ltr'>corporis¹</span> 
     </span>
     <span class='ocr_line' id='line_1_26' title="bbox 348 1913 1736 1968; baseline -0.003 -14"><span class='ocrx_word' id='word_1_217' title='bbox 348 1917 387 1954; x_wconf 90' lang='lat' dir='ltr'>in</span> <span class='ocrx_word' id='word_1_218' title='bbox 409 1917 519 1954; x_wconf 88' lang='lat' dir='ltr'>malis</span> <span class='ocrx_word' id='word_1_219' title='bbox 539 1915 732 1968; x_wconf 88' lang='lat' dir='ltr'>naufragia</span> <span class='ocrx_word' id='word_1_220' title='bbox 761 1914 938 1959; x_wconf 85' lang='lat' dir='ltr'>fortunae,</span> <span class='ocrx_word' id='word_1_221' title='bbox 968 1913 1061 1952; x_wconf 89' lang='lat' dir='ltr'>huic</span> <span class='ocrx_word' id='word_1_222' title='bbox 1087 1914 1300 1952; x_wconf 85' lang='lat' dir='ltr'>succensere</span> <span class='ocrx_word' id='word_1_223' title='bbox 1321 1914 1477 1957; x_wconf 84' lang='lat' dir='ltr'>dicenti,</span> <span class='ocrx_word' id='word_1_224' title='bbox 1500 1927 1577 1951; x_wconf 92' lang='lat' dir='ltr'>non</span> <span class='ocrx_word' id='word_1_225' title='bbox 1604 1925 1736 1950; x_wconf 87' lang='lat' dir='ltr'>omnes</span> 
     </span>
     <span class='ocr_line' id='line_1_27' title="bbox 346 1977 1736 2029; baseline -0.004 -10"><span class='ocrx_word' id='word_1_226' title='bbox 346 1982 468 2019; x_wconf 89' lang='lat' dir='ltr'>bonos</span> <span class='ocrx_word' id='word_1_227' title='bbox 488 1979 558 2018; x_wconf 83' lang='lat' dir='ltr'>effe</span> <span class='ocrx_word' id='word_1_228' title='bbox 589 1981 732 2024; x_wconf 84' lang='lat' dir='ltr'>beatos,</span> <span class='ocrx_word' id='word_1_229' title='bbox 765 1993 858 2018; x_wconf 90' lang='lat' dir='ltr'>cum</span> <span class='ocrx_word' id='word_1_230' title='bbox 889 1980 929 2017; x_wconf 87' lang='lat' dir='ltr'>in</span> <span class='ocrx_word' id='word_1_231' title='bbox 960 1992 1092 2017; x_wconf 87' lang='lat' dir='ltr'>omnes</span> <span class='ocrx_word' id='word_1_232' title='bbox 1114 1979 1234 2016; x_wconf 83' lang='lat' dir='ltr'>bonos</span> <span class='ocrx_word' id='word_1_233' title='bbox 1265 1991 1319 2022; x_wconf 88' lang='lat' dir='ltr'>ea,</span> <span class='ocrx_word' id='word_1_234' title='bbox 1351 1991 1434 2029; x_wconf 81' lang='lat' dir='ltr'>quae</span> <span class='ocrx_word' id='word_1_235' title='bbox 1466 1978 1531 2015; x_wconf 87' lang='lat' dir='ltr'>ille</span> <span class='ocrx_word' id='word_1_236' title='bbox 1562 1978 1601 2015; x_wconf 90' lang='lat' dir='ltr'>in</span> <span class='ocrx_word' id='word_1_237' title='bbox 1626 1977 1736 2014; x_wconf 87' lang='lat' dir='ltr'>malis</span> 
     </span>
     <span class='ocr_line' id='line_1_28' title="bbox 347 2041 1736 2096; baseline -0.004 -12"><span class='ocrx_word' id='word_1_238' title='bbox 347 2055 536 2088; x_wconf 88' lang='lat' dir='ltr'>numerat,</span> <span class='ocrx_word' id='word_1_239' title='bbox 568 2044 697 2082; x_wconf 85' lang='lat' dir='ltr'>cadere</span> <span class='ocrx_word' id='word_1_240' title='bbox 727 2043 893 2096; x_wconf 85' lang='lat' dir='ltr'>poffint?</span> <span class='ocrx_word' id='word_1_241' title='bbox 924 2044 1094 2081; x_wconf 86' lang='lat' dir='ltr'>Vexatur</span> <span class='ocrx_word' id='word_1_242' title='bbox 1120 2043 1223 2080; x_wconf 90' lang='lat' dir='ltr'>idem</span> <span class='ocrx_word' id='word_1_243' title='bbox 1255 2042 1545 2093; x_wconf 85' lang='lat' dir='ltr'>Theopstrastus</span> <span class='ocrx_word' id='word_1_244' title='bbox 1566 2051 1602 2078; x_wconf 91' lang='lat' dir='ltr'>et</span> <span class='ocrx_word' id='word_1_245' title='bbox 1629 2041 1736 2078; x_wconf 88' lang='lat' dir='ltr'>libris</span> 
     </span>
     <span class='ocr_line' id='line_1_29' title="bbox 345 2107 1735 2162; baseline -0.003 -14"><span class='ocrx_word' id='word_1_246' title='bbox 345 2120 382 2149; x_wconf 91' lang='lat' dir='ltr'>et</span> <span class='ocrx_word' id='word_1_247' title='bbox 402 2109 539 2149; x_wconf 87' lang='lat' dir='ltr'>scholis</span> <span class='ocrx_word' id='word_1_248' title='bbox 559 2109 737 2148; x_wconf 88' lang='lat' dir='ltr'>omnium</span> <span class='ocrx_word' id='word_1_249' title='bbox 755 2107 1087 2162; x_wconf 87' lang='lat' dir='ltr'>philosophorum,</span> <span class='ocrx_word' id='word_1_250' title='bbox 1120 2108 1223 2160; x_wconf 88' lang='lat' dir='ltr'>quod</span> <span class='ocrx_word' id='word_1_251' title='bbox 1253 2108 1294 2145; x_wconf 87' lang='lat' dir='ltr'>in</span> <span class='ocrx_word' id='word_1_252' title='bbox 1316 2107 1547 2145; x_wconf 88' lang='lat' dir='ltr'>Callisthene</span> <span class='ocrx_word' id='word_1_253' title='bbox 1567 2107 1632 2144; x_wconf 90' lang='lat' dir='ltr'>suo</span> <span class='ocrx_word' id='word_1_254' title='bbox 1652 2107 1735 2144; x_wconf 83' lang='lat' dir='ltr'>lau-</span> 
     </span>
     <span class='ocr_line' id='line_1_30' title="bbox 346 2175 838 2219; baseline -0.006 -5"><span class='ocrx_word' id='word_1_255' title='bbox 346 2176 442 2214; x_wconf 87' lang='lat' dir='ltr'>darit</span> <span class='ocrx_word' id='word_1_256' title='bbox 462 2175 568 2213; x_wconf 86' lang='lat' dir='ltr'>illam</span> <span class='ocrx_word' id='word_1_257' title='bbox 589 2175 838 2219; x_wconf 80' lang='lat' dir='ltr'>sententiam;</span> 
     </span>
    </p>

    <p class='ocr_par' dir='ltr' id='par_1_5' title="bbox 345 2239 1735 2552">
     <span class='ocr_line' id='line_1_31' title="bbox 483 2239 1190 2293; baseline -0.001 -15"><span class='ocrx_word' id='word_1_258' title='bbox 483 2241 602 2278; x_wconf 80' lang='lat' dir='ltr'>Vitam</span> <span class='ocrx_word' id='word_1_259' title='bbox 622 2240 717 2291; x_wconf 81' lang='lat' dir='ltr'>regit</span> <span class='ocrx_word' id='word_1_260' title='bbox 722 2240 898 2291; x_wconf 82' lang='lat' dir='ltr'>fortuna,</span> <span class='ocrx_word' id='word_1_261' title='bbox 919 2253 986 2277; x_wconf 89' lang='lat' dir='ltr'>non</span> <span class='ocrx_word' id='word_1_262' title='bbox 992 2239 1190 2293; x_wconf 61' lang='lat' dir='ltr'>fhpt&#39;entth.</span> 
     </span>
     <span class='ocr_line' id='line_1_32' title="bbox 347 2301 1731 2357; baseline -0.003 -15"><span class='ocrx_word' id='word_1_263' title='bbox 347 2305 502 2357; x_wconf 88' lang='lat' dir='ltr'>Negant</span> <span class='ocrx_word' id='word_1_264' title='bbox 535 2305 581 2342; x_wconf 93' lang='lat' dir='ltr'>ab</span> <span class='ocrx_word' id='word_1_265' title='bbox 616 2304 695 2342; x_wconf 90' lang='lat' dir='ltr'>ullo</span> <span class='ocrx_word' id='word_1_266' title='bbox 729 2303 959 2356; x_wconf 88' lang='lat' dir='ltr'>philosopho</span> <span class='ocrx_word' id='word_1_267' title='bbox 993 2305 1204 2356; x_wconf 85' lang='lat' dir='ltr'>quidquam</span> <span class='ocrx_word' id='word_1_268' title='bbox 1234 2303 1381 2342; x_wconf 64' lang='lat' dir='ltr'>dictum</span> <span class='ocrx_word' id='word_1_269' title='bbox 1402 2303 1472 2341; x_wconf 80' lang='lat' dir='ltr'>effe</span> <span class='ocrx_word' id='word_1_270' title='bbox 1500 2301 1731 2354; x_wconf 87' lang='lat' dir='ltr'>languidius.</span> 
     </span>
     <span class='ocr_line' id='line_1_33' title="bbox 346 2366 1734 2422; baseline -0.002 -16"><span class='ocrx_word' id='word_1_271' title='bbox 346 2371 467 2408; x_wconf 63' lang='lat' dir='ltr'>Recte</span> <span class='ocrx_word' id='word_1_272' title='bbox 487 2369 525 2406; x_wconf 94' lang='lat' dir='ltr'>id</span> <span class='ocrx_word' id='word_1_273' title='bbox 547 2369 728 2421; x_wconf 88' lang='lat' dir='ltr'>quidem:</span> <span class='ocrx_word' id='word_1_274' title='bbox 751 2369 811 2407; x_wconf 89' lang='lat' dir='ltr'>sed</span> <span class='ocrx_word' id='word_1_275' title='bbox 833 2368 932 2407; x_wconf 89' lang='lat' dir='ltr'>nihil</span> <span class='ocrx_word' id='word_1_276' title='bbox 953 2369 1127 2422; x_wconf 85' lang='lat' dir='ltr'>intelligo</span> <span class='ocrx_word' id='word_1_277' title='bbox 1148 2369 1224 2407; x_wconf 88' lang='lat' dir='ltr'>dici</span> <span class='ocrx_word' id='word_1_278' title='bbox 1244 2369 1403 2421; x_wconf 77' lang='lat' dir='ltr'>potuisse</span> <span class='ocrx_word' id='word_1_279' title='bbox 1419 2367 1663 2405; x_wconf 87' lang='lat' dir='ltr'>constantius.</span> <span class='ocrx_word' id='word_1_280' title='bbox 1697 2366 1734 2403; x_wconf 89' lang='lat' dir='ltr'>Si</span> 
     </span>
     <span class='ocr_line' id='line_1_34' title="bbox 346 2431 1735 2487; baseline -0.003 -16"><span class='ocrx_word' id='word_1_281' title='bbox 346 2435 451 2472; x_wconf 86' lang='lat' dir='ltr'>enim</span> <span class='ocrx_word' id='word_1_282' title='bbox 472 2443 529 2472; x_wconf 90' lang='lat' dir='ltr'>tot</span> <span class='ocrx_word' id='word_1_283' title='bbox 549 2433 633 2472; x_wconf 91' lang='lat' dir='ltr'>sunt</span> <span class='ocrx_word' id='word_1_284' title='bbox 666 2435 704 2472; x_wconf 90' lang='lat' dir='ltr'>in</span> <span class='ocrx_word' id='word_1_285' title='bbox 726 2447 880 2487; x_wconf 89' lang='lat' dir='ltr'>corpore</span> <span class='ocrx_word' id='word_1_286' title='bbox 908 2434 1020 2479; x_wconf 89' lang='lat' dir='ltr'>bona,</span> <span class='ocrx_word' id='word_1_287' title='bbox 1054 2443 1110 2472; x_wconf 87' lang='lat' dir='ltr'>tot</span> <span class='ocrx_word' id='word_1_288' title='bbox 1131 2444 1235 2473; x_wconf 81' lang='lat' dir='ltr'>extra</span> <span class='ocrx_word' id='word_1_289' title='bbox 1254 2447 1406 2485; x_wconf 81' lang='lat' dir='ltr'>corpus,</span> <span class='ocrx_word' id='word_1_290' title='bbox 1438 2433 1477 2469; x_wconf 88' lang='lat' dir='ltr'>in</span> <span class='ocrx_word' id='word_1_291' title='bbox 1509 2431 1591 2469; x_wconf 87' lang='lat' dir='ltr'>casu</span> <span class='ocrx_word' id='word_1_292' title='bbox 1623 2440 1735 2483; x_wconf 85' lang='lat' dir='ltr'>atque</span> 
     </span>
     <span class='ocr_line' id='line_1_35' title="bbox 345 2497 1735 2552; baseline -0.004 -13"><span class='ocrx_word' id='word_1_293' title='bbox 345 2499 499 2539; x_wconf 80' lang='lat' dir='ltr'>fortuna</span> <span class='ocrx_word' id='word_1_294' title='bbox 510 2517 522 2546; x_wconf 79' lang='lat'>3</span> <span class='ocrx_word' id='word_1_295' title='bbox 555 2512 681 2539; x_wconf 89' lang='lat' dir='ltr'>nonne</span> <span class='ocrx_word' id='word_1_296' title='bbox 700 2499 996 2539; x_wconf 81' lang='lat' dir='ltr'>consentaneum</span> <span class='ocrx_word' id='word_1_297' title='bbox 1026 2499 1092 2545; x_wconf 90' lang='lat' dir='ltr'>est,</span> <span class='ocrx_word' id='word_1_298' title='bbox 1122 2500 1210 2552; x_wconf 87' lang='lat' dir='ltr'>plus</span> <span class='ocrx_word' id='word_1_299' title='bbox 1229 2497 1437 2542; x_wconf 87' lang='lat' dir='ltr'>fortunam,</span> <span class='ocrx_word' id='word_1_300' title='bbox 1469 2511 1552 2549; x_wconf 80' lang='lat' dir='ltr'>quae</span> <span class='ocrx_word' id='word_1_301' title='bbox 1579 2497 1735 2535; x_wconf 78' lang='lat' dir='ltr'>domina</span> 
     </span>
    </p>
   </div>
  </div>
 </body>
</html>
