<?xml version="1.0" encoding="UTF-8"?>
<!DOCTYPE html PUBLIC "-//W3C//DTD XHTML 1.0 Transitional//EN"
    "http://www.w3.org/TR/xhtml1/DTD/xhtml1-transitional.dtd">
<html xmlns="http://www.w3.org/1999/xhtml" xml:lang="en" lang="en">
 <head>
  <title>
</title>
<meta http-equiv="Content-Type" content="text/html;charset=utf-8" />
  <meta name='ocr-system' content='tesseract 3.04.00' />
  <meta name='ocr-capabilities' content='ocr_page ocr_carea ocr_par ocr_line ocrx_word'/>
</head>
<body>
  <div class='ocr_page' id='page_1' title='image "./operacumindicibu02ciceuoft_0219.png"; bbox 0 0 2330 2983; ppageno 0'>
   <div class='ocr_carea' id='block_1_1' title="bbox 645 191 1723 246">
    <p class='ocr_par' dir='ltr' id='par_1_1' title="bbox 645 191 1723 246">
     <span class='ocr_line' id='line_1_1' title="bbox 645 191 1723 246; baseline -0.005 -13"><span class='ocrx_word' id='word_1_1' title='bbox 645 193 919 234; x_wconf 89' lang='lat' dir='ltr'>LIBER</span> <span class='ocrx_word' id='word_1_2' title='bbox 978 191 1410 246; x_wconf 65' lang='lat' dir='ltr'>QUINTUS.</span> <span class='ocrx_word' id='word_1_3' title='bbox 1651 201 1723 228; x_wconf 80' lang='lat'>211</span> 
     </span>
    </p>
   </div>
   <div class='ocr_carea' id='block_1_2' title="bbox 321 291 1724 2460">
    <p class='ocr_par' dir='ltr' id='par_1_2' title="bbox 326 291 1723 416">
     <span class='ocr_line' id='line_1_2' title="bbox 326 291 1723 349; baseline -0.004 -14"><span class='ocrx_word' id='word_1_4' title='bbox 326 296 482 336; x_wconf 77' lang='lat' dir='ltr'>rationis</span> <span class='ocrx_word' id='word_1_5' title='bbox 513 295 702 335; x_wconf 87' lang='lat' dir='ltr'>absolutio</span> <span class='ocrx_word' id='word_1_6' title='bbox 722 296 928 341; x_wconf 79' lang='lat' dir='ltr'>definitur;</span> <span class='ocrx_word' id='word_1_7' title='bbox 960 309 1077 349; x_wconf 87' lang='lat' dir='ltr'>quam</span> <span class='ocrx_word' id='word_1_8' title='bbox 1103 295 1218 334; x_wconf 84' lang='lat' dir='ltr'>etiam</span> <span class='ocrx_word' id='word_1_9' title='bbox 1251 305 1365 348; x_wconf 88' lang='lat' dir='ltr'>atque</span> <span class='ocrx_word' id='word_1_10' title='bbox 1391 292 1507 333; x_wconf 81' lang='lat' dir='ltr'>etiam</span> <span class='ocrx_word' id='word_1_11' title='bbox 1527 291 1723 345; x_wconf 78' lang='lat' dir='ltr'>explican-</span> 
     </span>
     <span class='ocr_line' id='line_1_3' title="bbox 326 365 586 416; baseline -0.004 -14"><span class='ocrx_word' id='word_1_12' title='bbox 326 365 414 403; x_wconf 87' lang='lat' dir='ltr'>dam</span> <span class='ocrx_word' id='word_1_13' title='bbox 437 374 586 416; x_wconf 88' lang='lat' dir='ltr'>putant.</span> 
     </span>
    </p>

    <p class='ocr_par' dir='ltr' id='par_1_3' title="bbox 324 426 1724 1203">
     <span class='ocr_line' id='line_1_4' title="bbox 386 426 1724 480; baseline -0.004 -14"><span class='ocrx_word' id='word_1_14' title='bbox 386 431 531 467; x_wconf 86' lang='lat' dir='ltr'>Earum</span> <span class='ocrx_word' id='word_1_15' title='bbox 551 429 666 467; x_wconf 87' lang='lat' dir='ltr'>etiam</span> <span class='ocrx_word' id='word_1_16' title='bbox 688 441 828 472; x_wconf 89' lang='lat' dir='ltr'>rerum,</span> <span class='ocrx_word' id='word_1_17' title='bbox 861 441 952 480; x_wconf 82' lang='lat' dir='ltr'>quas</span> <span class='ocrx_word' id='word_1_18' title='bbox 985 438 1081 466; x_wconf 87' lang='lat' dir='ltr'>terra</span> <span class='ocrx_word' id='word_1_19' title='bbox 1104 428 1249 480; x_wconf 87' lang='lat' dir='ltr'>-gignit,</span> <span class='ocrx_word' id='word_1_20' title='bbox 1284 427 1460 465; x_wconf 82' lang='lat' dir='ltr'>educatio</span> <span class='ocrx_word' id='word_1_21' title='bbox 1480 426 1653 478; x_wconf 76' lang='lat' dir='ltr'>quaedam</span> <span class='ocrx_word' id='word_1_22' title='bbox 1685 429 1724 460; x_wconf 83' lang='lat' dir='ltr'>et</span> 
     </span>
     <span class='ocr_line' id='line_1_5' title="bbox 324 490 1723 547; baseline -0.004 -15"><span class='ocrx_word' id='word_1_23' title='bbox 324 493 507 547; x_wconf 62' lang='lat' dir='ltr'>perfectio</span> <span class='ocrx_word' id='word_1_24' title='bbox 529 494 595 538; x_wconf 89' lang='lat' dir='ltr'>est,</span> <span class='ocrx_word' id='word_1_25' title='bbox 627 508 704 532; x_wconf 88' lang='lat' dir='ltr'>non</span> <span class='ocrx_word' id='word_1_26' title='bbox 725 493 913 531; x_wconf 80' lang='lat' dir='ltr'>diffimilis</span> <span class='ocrx_word' id='word_1_27' title='bbox 934 493 1204 531; x_wconf 87' lang='lat' dir='ltr'>animantium.</span> <span class='ocrx_word' id='word_1_28' title='bbox 1248 494 1381 544; x_wconf 87' lang='lat' dir='ltr'>Itaque</span> <span class='ocrx_word' id='word_1_29' title='bbox 1401 501 1437 529; x_wconf 92' lang='lat' dir='ltr'>et</span> <span class='ocrx_word' id='word_1_30' title='bbox 1461 492 1583 528; x_wconf 81' lang='lat' dir='ltr'>vivere</span> <span class='ocrx_word' id='word_1_31' title='bbox 1604 490 1723 527; x_wconf 87' lang='lat' dir='ltr'>vitem</span> 
     </span>
     <span class='ocr_line' id='line_1_6' title="bbox 324 556 1720 611; baseline -0.004 -15"><span class='ocrx_word' id='word_1_32' title='bbox 324 569 363 597; x_wconf 92' lang='lat' dir='ltr'>et</span> <span class='ocrx_word' id='word_1_33' title='bbox 382 560 482 598; x_wconf 86' lang='lat' dir='ltr'>mori</span> <span class='ocrx_word' id='word_1_34' title='bbox 501 559 668 598; x_wconf 81' lang='lat' dir='ltr'><strong>dicimus</strong></span> <span class='ocrx_word' id='word_1_35' title='bbox 684 578 696 604; x_wconf 72' lang='grc' dir='ltr'><strong><em>ς</em></strong></span> <span class='ocrx_word' id='word_1_36' title='bbox 715 559 966 611; x_wconf 85' lang='lat' dir='ltr'>arboremque</span> <span class='ocrx_word' id='word_1_37' title='bbox 985 568 1023 596; x_wconf 92' lang='lat' dir='ltr'>et</span> <span class='ocrx_word' id='word_1_38' title='bbox 1043 558 1248 602; x_wconf 84' lang='lat' dir='ltr'>novellam,</span> <span class='ocrx_word' id='word_1_39' title='bbox 1268 567 1308 596; x_wconf 88' lang='lat' dir='ltr'>et</span> <span class='ocrx_word' id='word_1_40' title='bbox 1327 557 1509 600; x_wconf 88' lang='lat' dir='ltr'>vetulam,</span> <span class='ocrx_word' id='word_1_41' title='bbox 1526 565 1563 593; x_wconf 90' lang='lat' dir='ltr'>et</span> <span class='ocrx_word' id='word_1_42' title='bbox 1582 556 1720 607; x_wconf 86' lang='lat' dir='ltr'>vigere,</span> 
     </span>
     <span class='ocr_line' id='line_1_7' title="bbox 324 619 1722 676; baseline -0.005 -14"><span class='ocrx_word' id='word_1_43' title='bbox 324 634 363 661; x_wconf 88' lang='lat' dir='ltr'>et</span> <span class='ocrx_word' id='word_1_44' title='bbox 382 623 580 662; x_wconf 85' lang='lat' dir='ltr'>senescere.</span> <span class='ocrx_word' id='word_1_45' title='bbox 614 625 675 662; x_wconf 85' lang='lat' dir='ltr'>Ex</span> <span class='ocrx_word' id='word_1_46' title='bbox 695 637 772 676; x_wconf 91' lang='lat' dir='ltr'>quo</span> <span class='ocrx_word' id='word_1_47' title='bbox 793 637 869 662; x_wconf 92' lang='lat' dir='ltr'>non</span> <span class='ocrx_word' id='word_1_48' title='bbox 890 624 942 661; x_wconf 92' lang='lat' dir='ltr'>est</span> <span class='ocrx_word' id='word_1_49' title='bbox 961 623 1146 668; x_wconf 87' lang='lat' dir='ltr'>alienum,</span> <span class='ocrx_word' id='word_1_50' title='bbox 1162 623 1205 661; x_wconf 76' lang='lat' dir='ltr'>u&#39;t</span> <span class='ocrx_word' id='word_1_51' title='bbox 1222 622 1496 666; x_wconf 84' lang='lat' dir='ltr'>animantibus,</span> <span class='ocrx_word' id='word_1_52' title='bbox 1518 621 1567 658; x_wconf 86' lang='lat' dir='ltr'>fic</span> <span class='ocrx_word' id='word_1_53' title='bbox 1589 619 1663 657; x_wconf 84' lang='lat' dir='ltr'>illis</span> <span class='ocrx_word' id='word_1_54' title='bbox 1685 626 1722 655; x_wconf 89' lang='lat' dir='ltr'>et</span> 
     </span>
     <span class='ocr_line' id='line_1_8' title="bbox 324 684 1720 743; baseline -0.005 -15"><span class='ocrx_word' id='word_1_55' title='bbox 324 699 411 742; x_wconf 91' lang='lat' dir='ltr'>apta</span> <span class='ocrx_word' id='word_1_56' title='bbox 441 690 617 742; x_wconf 85' lang='lat' dir='ltr'>quaedam</span> <span class='ocrx_word' id='word_1_57' title='bbox 637 690 683 728; x_wconf 92' lang='lat' dir='ltr'>ad</span> <span class='ocrx_word' id='word_1_58' title='bbox 704 699 878 728; x_wconf 89' lang='lat' dir='ltr'>naturam</span> <span class='ocrx_word' id='word_1_59' title='bbox 896 699 1037 743; x_wconf 90' lang='lat' dir='ltr'>aptare,</span> <span class='ocrx_word' id='word_1_60' title='bbox 1066 699 1103 728; x_wconf 94' lang='lat' dir='ltr'>et</span> <span class='ocrx_word' id='word_1_61' title='bbox 1122 689 1243 727; x_wconf 86' lang='lat' dir='ltr'>aliena</span> <span class='ocrx_word' id='word_1_62' title='bbox 1255 707 1266 734; x_wconf 70' lang='grc' dir='ltr'><strong><em>ς</em></strong></span> <span class='ocrx_word' id='word_1_63' title='bbox 1299 700 1509 740; x_wconf 87' lang='lat' dir='ltr'>earumque</span> <span class='ocrx_word' id='word_1_64' title='bbox 1529 684 1720 737; x_wconf 72' lang='lat' dir='ltr'>augenda-</span> 
     </span>
     <span class='ocr_line' id='line_1_9' title="bbox 325 753 1721 809; baseline -0.004 -15"><span class='ocrx_word' id='word_1_65' title='bbox 325 770 414 795; x_wconf 89' lang='lat' dir='ltr'>rum</span> <span class='ocrx_word' id='word_1_66' title='bbox 430 767 467 795; x_wconf 90' lang='lat' dir='ltr'>et</span> <span class='ocrx_word' id='word_1_67' title='bbox 487 756 708 795; x_wconf 85' lang='lat' dir='ltr'>alendarum</span> <span class='ocrx_word' id='word_1_68' title='bbox 729 757 920 809; x_wconf 84' lang='lat' dir='ltr'>quandam</span> <span class='ocrx_word' id='word_1_69' title='bbox 940 757 1142 794; x_wconf 88' lang='lat' dir='ltr'>cultricem</span> <span class='ocrx_word' id='word_1_70' title='bbox 1161 755 1246 800; x_wconf 82' lang='lat' dir='ltr'>effe,</span> <span class='ocrx_word' id='word_1_71' title='bbox 1268 769 1353 808; x_wconf 85' lang='lat' dir='ltr'>quae</span> <span class='ocrx_word' id='word_1_72' title='bbox 1375 755 1420 793; x_wconf 85' lang='lat' dir='ltr'>fit</span> <span class='ocrx_word' id='word_1_73' title='bbox 1440 753 1594 792; x_wconf 84' lang='lat' dir='ltr'>scientia</span> <span class='ocrx_word' id='word_1_74' title='bbox 1607 760 1721 803; x_wconf 84' lang='lat' dir='ltr'>atque</span> 
     </span>
     <span class='ocr_line' id='line_1_10' title="bbox 327 819 1720 876; baseline -0.004 -15"><span class='ocrx_word' id='word_1_75' title='bbox 327 837 384 861; x_wconf 86' lang='lat' dir='ltr'>ars</span> <span class='ocrx_word' id='word_1_76' title='bbox 403 823 671 876; x_wconf 82' lang='lat' dir='ltr'>agricolarum,</span> <span class='ocrx_word' id='word_1_77' title='bbox 693 837 778 876; x_wconf 79' lang='lat' dir='ltr'>quae</span> <span class='ocrx_word' id='word_1_78' title='bbox 807 823 1072 868; x_wconf 88' lang='lat' dir='ltr'>circumcidat,</span> <span class='ocrx_word' id='word_1_79' title='bbox 1094 831 1282 876; x_wconf 89' lang='lat' dir='ltr'>amputet,</span> <span class='ocrx_word' id='word_1_80' title='bbox 1304 822 1441 874; x_wconf 79' lang='lat' dir='ltr'>erigat,</span> <span class='ocrx_word' id='word_1_81' title='bbox 1459 819 1633 863; x_wconf 86' lang='lat' dir='ltr'>extollat,</span> <span class='ocrx_word' id='word_1_82' title='bbox 1652 819 1720 855; x_wconf 85' lang='lat' dir='ltr'>ad-</span> 
     </span>
     <span class='ocr_line' id='line_1_11' title="bbox 326 883 1720 942; baseline -0.005 -14"><span class='ocrx_word' id='word_1_83' title='bbox 326 889 590 934; x_wconf 88' lang='lat' dir='ltr'>miniculetur,</span> <span class='ocrx_word' id='word_1_84' title='bbox 616 899 672 934; x_wconf 88' lang='lat' dir='ltr'>ut,</span> <span class='ocrx_word' id='word_1_85' title='bbox 705 903 783 941; x_wconf 89' lang='lat' dir='ltr'>quo</span> <span class='ocrx_word' id='word_1_86' title='bbox 803 899 934 928; x_wconf 84' lang='lat' dir='ltr'>natura</span> <span class='ocrx_word' id='word_1_87' title='bbox 953 888 1062 935; x_wconf 83' lang='lat' dir='ltr'>ferat,</span> <span class='ocrx_word' id='word_1_88' title='bbox 1082 903 1127 928; x_wconf 95' lang='lat' dir='ltr'>eo</span> <span class='ocrx_word' id='word_1_89' title='bbox 1147 888 1259 942; x_wconf 83' lang='lat' dir='ltr'>poffit</span> <span class='ocrx_word' id='word_1_90' title='bbox 1279 889 1332 926; x_wconf 90' lang='lat' dir='ltr'>ire</span> <span class='ocrx_word' id='word_1_91' title='bbox 1348 906 1359 933; x_wconf 86' lang='lat'>;</span> <span class='ocrx_word' id='word_1_92' title='bbox 1389 897 1431 926; x_wconf 92' lang='lat' dir='ltr'>ut</span> <span class='ocrx_word' id='word_1_93' title='bbox 1449 885 1534 940; x_wconf 84' lang='lat' dir='ltr'>ipsae</span> <span class='ocrx_word' id='word_1_94' title='bbox 1554 886 1663 928; x_wconf 83' lang='lat' dir='ltr'>vites,</span> <span class='ocrx_word' id='word_1_95' title='bbox 1695 883 1720 921; x_wconf 89' lang='lat' dir='ltr'><strong>fi</strong></span> 
     </span>
     <span class='ocr_line' id='line_1_12' title="bbox 325 953 1721 1008; baseline -0.003 -15"><span class='ocrx_word' id='word_1_96' title='bbox 325 956 433 1008; x_wconf 85' lang='lat' dir='ltr'>loqui</span> <span class='ocrx_word' id='word_1_97' title='bbox 454 955 604 1008; x_wconf 87' lang='lat' dir='ltr'>poffint,</span> <span class='ocrx_word' id='word_1_98' title='bbox 625 956 678 993; x_wconf 89' lang='lat' dir='ltr'>ita</span> <span class='ocrx_word' id='word_1_99' title='bbox 697 956 733 993; x_wconf 89' lang='lat' dir='ltr'>se</span> <span class='ocrx_word' id='word_1_100' title='bbox 753 957 959 994; x_wconf 67' lang='lat' dir='ltr'>tractandas</span> <span class='ocrx_word' id='word_1_101' title='bbox 973 956 1205 1007; x_wconf 90' lang='lat' dir='ltr'>tuendasque</span> <span class='ocrx_word' id='word_1_102' title='bbox 1221 955 1292 993; x_wconf 87' lang='lat' dir='ltr'>esse</span> <span class='ocrx_word' id='word_1_103' title='bbox 1312 953 1512 992; x_wconf 78' lang='lat' dir='ltr'>fateantur.</span> <span class='ocrx_word' id='word_1_104' title='bbox 1545 953 1598 990; x_wconf 90' lang='lat' dir='ltr'>Et</span> <span class='ocrx_word' id='word_1_105' title='bbox 1617 964 1721 990; x_wconf 87' lang='lat' dir='ltr'>nunc</span> 
     </span>
     <span class='ocr_line' id='line_1_13' title="bbox 325 1015 1721 1072; baseline -0.004 -14"><span class='ocrx_word' id='word_1_106' title='bbox 325 1020 499 1072; x_wconf 88' lang='lat' dir='ltr'>quidem,</span> <span class='ocrx_word' id='word_1_107' title='bbox 534 1020 640 1072; x_wconf 89' lang='lat' dir='ltr'>quod</span> <span class='ocrx_word' id='word_1_108' title='bbox 659 1033 744 1058; x_wconf 88' lang='lat' dir='ltr'>eam</span> <span class='ocrx_word' id='word_1_109' title='bbox 764 1030 906 1066; x_wconf 82' lang='lat' dir='ltr'>tuetur,</span> <span class='ocrx_word' id='word_1_110' title='bbox 937 1031 981 1059; x_wconf 92' lang='lat' dir='ltr'>ut</span> <span class='ocrx_word' id='word_1_111' title='bbox 1000 1021 1045 1058; x_wconf 92' lang='lat' dir='ltr'>de</span> <span class='ocrx_word' id='word_1_112' title='bbox 1064 1021 1142 1058; x_wconf 89' lang='lat' dir='ltr'>vite</span> <span class='ocrx_word' id='word_1_113' title='bbox 1172 1019 1413 1072; x_wconf 87' lang='lat' dir='ltr'>potiffimum</span> <span class='ocrx_word' id='word_1_114' title='bbox 1432 1019 1579 1069; x_wconf 90' lang='lat' dir='ltr'>loquar,</span> <span class='ocrx_word' id='word_1_115' title='bbox 1609 1016 1662 1054; x_wconf 91' lang='lat' dir='ltr'>est</span> <span class='ocrx_word' id='word_1_116' title='bbox 1681 1015 1721 1053; x_wconf 84' lang='lat' dir='ltr'>id</span> 
     </span>
     <span class='ocr_line' id='line_1_14' title="bbox 324 1082 1722 1139; baseline -0.002 -17"><span class='ocrx_word' id='word_1_117' title='bbox 324 1085 569 1125; x_wconf 82' lang='lat' dir='ltr'>extrinsecus.</span> <span class='ocrx_word' id='word_1_118' title='bbox 608 1086 653 1124; x_wconf 90' lang='lat' dir='ltr'>In</span> <span class='ocrx_word' id='word_1_119' title='bbox 671 1085 750 1138; x_wconf 91' lang='lat' dir='ltr'>ipsa</span> <span class='ocrx_word' id='word_1_120' title='bbox 768 1086 874 1124; x_wconf 85' lang='lat' dir='ltr'>enim</span> <span class='ocrx_word' id='word_1_121' title='bbox 893 1099 1029 1138; x_wconf 90' lang='lat' dir='ltr'>parum</span> <span class='ocrx_word' id='word_1_122' title='bbox 1047 1099 1188 1139; x_wconf 87' lang='lat' dir='ltr'>magna</span> <span class='ocrx_word' id='word_1_123' title='bbox 1212 1086 1269 1123; x_wconf 88' lang='lat' dir='ltr'>vis</span> <span class='ocrx_word' id='word_1_124' title='bbox 1286 1085 1352 1130; x_wconf 87' lang='lat' dir='ltr'>est,</span> <span class='ocrx_word' id='word_1_125' title='bbox 1375 1093 1418 1123; x_wconf 92' lang='lat' dir='ltr'>ut</span> <span class='ocrx_word' id='word_1_126' title='bbox 1438 1096 1555 1136; x_wconf 87' lang='lat' dir='ltr'>quam</span> <span class='ocrx_word' id='word_1_127' title='bbox 1572 1082 1722 1135; x_wconf 82' lang='lat' dir='ltr'>optime</span> 
     </span>
     <span class='ocr_line' id='line_1_15' title="bbox 324 1149 1254 1203; baseline 0.001 -15"><span class='ocrx_word' id='word_1_128' title='bbox 324 1149 360 1188; x_wconf 72' lang='lat' dir='ltr'>se</span> <span class='ocrx_word' id='word_1_129' title='bbox 378 1149 516 1189; x_wconf 91' lang='lat' dir='ltr'>habere</span> <span class='ocrx_word' id='word_1_130' title='bbox 534 1150 659 1203; x_wconf 85' lang='lat' dir='ltr'>poffit,</span> <span class='ocrx_word' id='word_1_131' title='bbox 680 1150 707 1188; x_wconf 90' lang='lat' dir='ltr'>s1</span> <span class='ocrx_word' id='word_1_132' title='bbox 723 1150 828 1189; x_wconf 90' lang='lat' dir='ltr'>nulla</span> <span class='ocrx_word' id='word_1_133' title='bbox 847 1151 997 1190; x_wconf 90' lang='lat' dir='ltr'>cultura</span> <span class='ocrx_word' id='word_1_134' title='bbox 1015 1150 1254 1190; x_wconf 71' lang='lat' dir='ltr'>adhibeatur.</span> 
     </span>
    </p>

    <p class='ocr_par' dir='ltr' id='par_1_4' title="bbox 321 1213 1722 2460">
     <span class='ocr_line' id='line_1_16' title="bbox 378 1213 1721 1270; baseline -0.002 -16"><span class='ocrx_word' id='word_1_135' title='bbox 378 1218 434 1254; x_wconf 91' lang='lat' dir='ltr'>At</span> <span class='ocrx_word' id='word_1_136' title='bbox 458 1230 546 1255; x_wconf 87' lang='lat' dir='ltr'>vero</span> <span class='ocrx_word' id='word_1_137' title='bbox 566 1216 592 1254; x_wconf 88' lang='lat' dir='ltr'><strong>fi</strong></span> <span class='ocrx_word' id='word_1_138' title='bbox 621 1216 668 1255; x_wconf 92' lang='lat' dir='ltr'>ad</span> <span class='ocrx_word' id='word_1_139' title='bbox 695 1216 816 1255; x_wconf 89' lang='lat' dir='ltr'>vitem</span> <span class='ocrx_word' id='word_1_140' title='bbox 835 1216 959 1255; x_wconf 91' lang='lat' dir='ltr'>sensus</span> <span class='ocrx_word' id='word_1_141' title='bbox 979 1216 1181 1262; x_wconf 71' lang='lat' dir='ltr'>access‘erit,</span> <span class='ocrx_word' id='word_1_142' title='bbox 1217 1225 1261 1255; x_wconf 92' lang='lat' dir='ltr'>ut</span> <span class='ocrx_word' id='word_1_143' title='bbox 1281 1216 1496 1270; x_wconf 88' lang='lat' dir='ltr'>appetitum</span> <span class='ocrx_word' id='word_1_144' title='bbox 1526 1213 1721 1267; x_wconf 89' lang='lat' dir='ltr'>quendam</span> 
     </span>
     <span class='ocr_line' id='line_1_17' title="bbox 322 1281 1719 1336; baseline -0.004 -14"><span class='ocrx_word' id='word_1_145' title='bbox 322 1282 475 1328; x_wconf 88' lang='lat' dir='ltr'>habeat,</span> <span class='ocrx_word' id='word_1_146' title='bbox 508 1292 546 1320; x_wconf 93' lang='lat' dir='ltr'>et</span> <span class='ocrx_word' id='word_1_147' title='bbox 573 1296 640 1335; x_wconf 89' lang='lat' dir='ltr'>per</span> <span class='ocrx_word' id='word_1_148' title='bbox 666 1282 700 1320; x_wconf 91' lang='lat' dir='ltr'>se</span> <span class='ocrx_word' id='word_1_149' title='bbox 723 1283 801 1336; x_wconf 87' lang='lat' dir='ltr'>ipsa</span> <span class='ocrx_word' id='word_1_150' title='bbox 829 1293 1041 1328; x_wconf 88' lang='lat' dir='ltr'>moveatur,</span> <span class='ocrx_word' id='word_1_151' title='bbox 1073 1283 1168 1336; x_wconf 91' lang='lat' dir='ltr'>quid</span> <span class='ocrx_word' id='word_1_152' title='bbox 1200 1282 1388 1321; x_wconf 65' lang='lat' dir='ltr'>facturam</span> <span class='ocrx_word' id='word_1_153' title='bbox 1407 1281 1548 1335; x_wconf 89' lang='lat' dir='ltr'>putas?</span> <span class='ocrx_word' id='word_1_154' title='bbox 1583 1282 1643 1318; x_wconf 91' lang='lat' dir='ltr'>An</span> <span class='ocrx_word' id='word_1_155' title='bbox 1664 1293 1719 1324; x_wconf 87' lang='lat' dir='ltr'>ea,</span> 
     </span>
     <span class='ocr_line' id='line_1_18' title="bbox 325 1347 1720 1402; baseline -0.003 -15"><span class='ocrx_word' id='word_1_156' title='bbox 325 1363 411 1401; x_wconf 81' lang='lat' dir='ltr'>quae</span> <span class='ocrx_word' id='word_1_157' title='bbox 442 1363 508 1402; x_wconf 87' lang='lat' dir='ltr'>per</span> <span class='ocrx_word' id='word_1_158' title='bbox 532 1349 738 1388; x_wconf 85' lang='lat' dir='ltr'>vinitorem</span> <span class='ocrx_word' id='word_1_159' title='bbox 764 1358 871 1388; x_wconf 87' lang='lat' dir='ltr'>antea</span> <span class='ocrx_word' id='word_1_160' title='bbox 901 1349 1216 1402; x_wconf 86' lang='lat' dir='ltr'>consequebatur,</span> <span class='ocrx_word' id='word_1_161' title='bbox 1252 1358 1291 1387; x_wconf 89' lang='lat' dir='ltr'>et</span> <span class='ocrx_word' id='word_1_162' title='bbox 1323 1362 1390 1402; x_wconf 87' lang='lat' dir='ltr'>per</span> <span class='ocrx_word' id='word_1_163' title='bbox 1409 1348 1444 1386; x_wconf 85' lang='lat' dir='ltr'>se</span> <span class='ocrx_word' id='word_1_164' title='bbox 1468 1347 1588 1400; x_wconf 86' lang='lat' dir='ltr'>ipsam</span> <span class='ocrx_word' id='word_1_165' title='bbox 1607 1359 1720 1384; x_wconf 90' lang='lat' dir='ltr'>cura-</span> 
     </span>
     <span class='ocr_line' id='line_1_19' title="bbox 324 1411 1721 1465; baseline -0.003 -12"><span class='ocrx_word' id='word_1_166' title='bbox 324 1414 414 1453; x_wconf 86' lang='lat' dir='ltr'>bit?</span> <span class='ocrx_word' id='word_1_167' title='bbox 460 1414 530 1453; x_wconf 91' lang='lat' dir='ltr'>Sed</span> <span class='ocrx_word' id='word_1_168' title='bbox 563 1414 713 1452; x_wconf 90' lang='lat' dir='ltr'>videsne</span> <span class='ocrx_word' id='word_1_169' title='bbox 746 1414 973 1453; x_wconf 84' lang='lat' dir='ltr'>acceffuram</span> <span class='ocrx_word' id='word_1_170' title='bbox 1003 1415 1038 1453; x_wconf 82' lang='lat' dir='ltr'>ei</span> <span class='ocrx_word' id='word_1_171' title='bbox 1062 1428 1209 1460; x_wconf 88' lang='lat' dir='ltr'>curam,</span> <span class='ocrx_word' id='word_1_172' title='bbox 1241 1424 1285 1452; x_wconf 91' lang='lat' dir='ltr'>ut</span> <span class='ocrx_word' id='word_1_173' title='bbox 1311 1413 1434 1452; x_wconf 89' lang='lat' dir='ltr'>sensus</span> <span class='ocrx_word' id='word_1_174' title='bbox 1455 1426 1610 1465; x_wconf 90' lang='lat' dir='ltr'>quoque</span> <span class='ocrx_word' id='word_1_175' title='bbox 1636 1411 1721 1450; x_wconf 82' lang='lat' dir='ltr'>suos</span> 
     </span>
     <span class='ocr_line' id='line_1_20' title="bbox 323 1478 1720 1533; baseline -0.003 -15"><span class='ocrx_word' id='word_1_176' title='bbox 323 1493 534 1533; x_wconf 89' lang='lat' dir='ltr'>eorumque</span> <span class='ocrx_word' id='word_1_177' title='bbox 549 1479 727 1518; x_wconf 88' lang='lat' dir='ltr'>omnium</span> <span class='ocrx_word' id='word_1_178' title='bbox 743 1481 972 1533; x_wconf 89' lang='lat' dir='ltr'>appetitum,</span> <span class='ocrx_word' id='word_1_179' title='bbox 987 1489 1039 1525; x_wconf 89' lang='lat' dir='ltr'>et,</span> <span class='ocrx_word' id='word_1_180' title='bbox 1056 1480 1082 1518; x_wconf 89' lang='lat' dir='ltr'>fi</span> <span class='ocrx_word' id='word_1_181' title='bbox 1102 1494 1178 1532; x_wconf 89' lang='lat' dir='ltr'>qua</span> <span class='ocrx_word' id='word_1_182' title='bbox 1194 1479 1266 1517; x_wconf 74' lang='lat' dir='ltr'>sint</span> <span class='ocrx_word' id='word_1_183' title='bbox 1285 1479 1320 1516; x_wconf 88' lang='lat' dir='ltr'>ei</span> <span class='ocrx_word' id='word_1_184' title='bbox 1336 1478 1511 1517; x_wconf 86' lang='lat' dir='ltr'>membra</span> <span class='ocrx_word' id='word_1_185' title='bbox 1529 1478 1720 1529; x_wconf 69' lang='lat' dir='ltr'>adjuncta,</span> 
     </span>
     <span class='ocr_line' id='line_1_21' title="bbox 325 1543 1722 1598; baseline -0.002 -14"><span class='ocrx_word' id='word_1_186' title='bbox 325 1555 474 1584; x_wconf 88' lang='lat' dir='ltr'>tueatur</span> <span class='ocrx_word' id='word_1_187' title='bbox 496 1545 508 1582; x_wconf 93' lang='lat'>?</span> <span class='ocrx_word' id='word_1_188' title='bbox 541 1546 601 1583; x_wconf 86' lang='lat' dir='ltr'>Sic</span> <span class='ocrx_word' id='word_1_189' title='bbox 621 1545 667 1583; x_wconf 87' lang='lat' dir='ltr'>ad</span> <span class='ocrx_word' id='word_1_190' title='bbox 686 1546 764 1591; x_wconf 86' lang='lat' dir='ltr'>illa,</span> <span class='ocrx_word' id='word_1_191' title='bbox 799 1560 884 1598; x_wconf 87' lang='lat' dir='ltr'>quae</span> <span class='ocrx_word' id='word_1_192' title='bbox 904 1546 1052 1598; x_wconf 83' lang='lat' dir='ltr'>semper</span> <span class='ocrx_word' id='word_1_193' title='bbox 1081 1545 1232 1590; x_wconf 88' lang='lat' dir='ltr'>habuit,</span> <span class='ocrx_word' id='word_1_194' title='bbox 1251 1546 1390 1598; x_wconf 86' lang='lat' dir='ltr'>junget</span> <span class='ocrx_word' id='word_1_195' title='bbox 1409 1558 1464 1589; x_wconf 92' lang='lat' dir='ltr'>ea,</span> <span class='ocrx_word' id='word_1_196' title='bbox 1492 1557 1576 1596; x_wconf 81' lang='lat' dir='ltr'>quae</span> <span class='ocrx_word' id='word_1_197' title='bbox 1597 1543 1722 1596; x_wconf 84' lang='lat' dir='ltr'>postea</span> 
     </span>
     <span class='ocr_line' id='line_1_22' title="bbox 324 1608 1720 1662; baseline -0.002 -13"><span class='ocrx_word' id='word_1_198' title='bbox 324 1610 540 1649; x_wconf 82' lang='lat' dir='ltr'>accefferint</span> <span class='ocrx_word' id='word_1_199' title='bbox 552 1629 564 1655; x_wconf 86' lang='lat'>;</span> <span class='ocrx_word' id='word_1_200' title='bbox 598 1623 668 1648; x_wconf 90' lang='lat' dir='ltr'>nec</span> <span class='ocrx_word' id='word_1_201' title='bbox 687 1611 851 1649; x_wconf 86' lang='lat' dir='ltr'>eundem</span> <span class='ocrx_word' id='word_1_202' title='bbox 872 1611 989 1649; x_wconf 88' lang='lat' dir='ltr'>finem</span> <span class='ocrx_word' id='word_1_203' title='bbox 1010 1611 1183 1655; x_wconf 88' lang='lat' dir='ltr'>habebit,</span> <span class='ocrx_word' id='word_1_204' title='bbox 1215 1624 1332 1662; x_wconf 91' lang='lat' dir='ltr'>quem</span> <span class='ocrx_word' id='word_1_205' title='bbox 1352 1610 1480 1648; x_wconf 90' lang='lat' dir='ltr'>cultor</span> <span class='ocrx_word' id='word_1_206' title='bbox 1499 1610 1579 1661; x_wconf 90' lang='lat' dir='ltr'>ejus</span> <span class='ocrx_word' id='word_1_207' title='bbox 1599 1608 1720 1647; x_wconf 89' lang='lat' dir='ltr'>habe-</span> 
     </span>
     <span class='ocr_line' id='line_1_23' title="bbox 323 1675 1722 1730; baseline -0.003 -14"><span class='ocrx_word' id='word_1_208' title='bbox 323 1678 413 1722; x_wconf 71' lang='lat' dir='ltr'>bat,</span> <span class='ocrx_word' id='word_1_209' title='bbox 445 1676 507 1715; x_wconf 91' lang='lat' dir='ltr'>sed</span> <span class='ocrx_word' id='word_1_210' title='bbox 539 1676 640 1715; x_wconf 91' lang='lat' dir='ltr'>volet</span> <span class='ocrx_word' id='word_1_211' title='bbox 671 1676 882 1716; x_wconf 85' lang='lat' dir='ltr'>secundum</span> <span class='ocrx_word' id='word_1_212' title='bbox 902 1691 986 1716; x_wconf 83' lang='lat' dir='ltr'>eam</span> <span class='ocrx_word' id='word_1_213' title='bbox 1008 1687 1196 1722; x_wconf 87' lang='lat' dir='ltr'>naturam,</span> <span class='ocrx_word' id='word_1_214' title='bbox 1231 1691 1316 1729; x_wconf 81' lang='lat' dir='ltr'>quae</span> <span class='ocrx_word' id='word_1_215' title='bbox 1346 1676 1471 1730; x_wconf 85' lang='lat' dir='ltr'>postea</span> <span class='ocrx_word' id='word_1_216' title='bbox 1490 1676 1524 1713; x_wconf 87' lang='lat' dir='ltr'>ei</span> <span class='ocrx_word' id='word_1_217' title='bbox 1545 1675 1722 1727; x_wconf 71' lang='lat' dir='ltr'>adjuncta</span> 
     </span>
     <span class='ocr_line' id='line_1_24' title="bbox 322 1741 1721 1795; baseline -0.002 -14"><span class='ocrx_word' id='word_1_218' title='bbox 322 1743 381 1788; x_wconf 85' lang='lat' dir='ltr'>fit,</span> <span class='ocrx_word' id='word_1_219' title='bbox 414 1743 552 1781; x_wconf 80' lang='lat' dir='ltr'>vivere.</span> <span class='ocrx_word' id='word_1_220' title='bbox 612 1744 669 1782; x_wconf 90' lang='lat' dir='ltr'>Ita</span> <span class='ocrx_word' id='word_1_221' title='bbox 702 1743 835 1781; x_wconf 72' lang='lat' dir='ltr'>similis</span> <span class='ocrx_word' id='word_1_222' title='bbox 866 1744 937 1781; x_wconf 84' lang='lat' dir='ltr'>erit</span> <span class='ocrx_word' id='word_1_223' title='bbox 969 1743 1054 1781; x_wconf 86' lang='lat' dir='ltr'>finis</span> <span class='ocrx_word' id='word_1_224' title='bbox 1085 1743 1191 1787; x_wconf 90' lang='lat' dir='ltr'>boni,</span> <span class='ocrx_word' id='word_1_225' title='bbox 1223 1752 1336 1795; x_wconf 86' lang='lat' dir='ltr'>atque</span> <span class='ocrx_word' id='word_1_226' title='bbox 1360 1752 1466 1780; x_wconf 88' lang='lat' dir='ltr'>antea</span> <span class='ocrx_word' id='word_1_227' title='bbox 1485 1741 1620 1785; x_wconf 86' lang='lat' dir='ltr'>fuerat,</span> <span class='ocrx_word' id='word_1_228' title='bbox 1651 1754 1721 1779; x_wconf 90' lang='lat' dir='ltr'>nec</span> 
     </span>
     <span class='ocr_line' id='line_1_25' title="bbox 323 1807 1718 1862; baseline -0.001 -15"><span class='ocrx_word' id='word_1_229' title='bbox 323 1810 426 1848; x_wconf 91' lang='lat' dir='ltr'>idem</span> <span class='ocrx_word' id='word_1_230' title='bbox 449 1819 589 1847; x_wconf 90' lang='lat' dir='ltr'>tamen.</span> <span class='ocrx_word' id='word_1_231' title='bbox 622 1810 716 1848; x_wconf 85' lang='lat' dir='ltr'>Non</span> <span class='ocrx_word' id='word_1_232' title='bbox 736 1811 841 1848; x_wconf 88' lang='lat' dir='ltr'>enim</span> <span class='ocrx_word' id='word_1_233' title='bbox 857 1811 938 1862; x_wconf 85' lang='lat' dir='ltr'>jam</span> <span class='ocrx_word' id='word_1_234' title='bbox 960 1809 1083 1862; x_wconf 88' lang='lat' dir='ltr'>stirpis</span> <span class='ocrx_word' id='word_1_235' title='bbox 1104 1809 1252 1848; x_wconf 87' lang='lat' dir='ltr'>bonum</span> <span class='ocrx_word' id='word_1_236' title='bbox 1272 1818 1427 1862; x_wconf 81' lang='lat' dir='ltr'>quaeret,</span> <span class='ocrx_word' id='word_1_237' title='bbox 1451 1808 1512 1846; x_wconf 90' lang='lat' dir='ltr'>sed</span> <span class='ocrx_word' id='word_1_238' title='bbox 1528 1807 1718 1846; x_wconf 81' lang='lat' dir='ltr'>animalis.</span> 
     </span>
     <span class='ocr_line' id='line_1_26' title="bbox 323 1873 1719 1928; baseline -0.001 -15"><span class='ocrx_word' id='word_1_239' title='bbox 323 1876 441 1928; x_wconf 83' lang='lat' dir='ltr'>Qod</span> <span class='ocrx_word' id='word_1_240' title='bbox 461 1876 486 1914; x_wconf 90' lang='lat' dir='ltr'>fi</span> <span class='ocrx_word' id='word_1_241' title='bbox 504 1889 581 1913; x_wconf 90' lang='lat' dir='ltr'>non</span> <span class='ocrx_word' id='word_1_242' title='bbox 600 1874 723 1914; x_wconf 86' lang='lat' dir='ltr'>sensus</span> <span class='ocrx_word' id='word_1_243' title='bbox 745 1877 861 1914; x_wconf 86' lang='lat' dir='ltr'>modo</span> <span class='ocrx_word' id='word_1_244' title='bbox 878 1877 912 1914; x_wconf 88' lang='lat' dir='ltr'>ei</span> <span class='ocrx_word' id='word_1_245' title='bbox 928 1876 971 1914; x_wconf 74' lang='lat' dir='ltr'>sit</span> <span class='ocrx_word' id='word_1_246' title='bbox 991 1876 1114 1920; x_wconf 82' lang='lat' dir='ltr'>datus,</span> <span class='ocrx_word' id='word_1_247' title='bbox 1136 1889 1270 1914; x_wconf 90' lang='lat' dir='ltr'>verum</span> <span class='ocrx_word' id='word_1_248' title='bbox 1286 1876 1402 1914; x_wconf 87' lang='lat' dir='ltr'>etiam</span> <span class='ocrx_word' id='word_1_249' title='bbox 1418 1876 1569 1913; x_wconf 80' lang='lat' dir='ltr'>animus</span> <span class='ocrx_word' id='word_1_250' title='bbox 1587 1873 1719 1913; x_wconf 78' lang='lat' dir='ltr'>homi-</span> 
     </span>
     <span class='ocr_line' id='line_1_27' title="bbox 323 1941 1720 1995; baseline -0.001 -15"><span class='ocrx_word' id='word_1_251' title='bbox 323 1944 381 1980; x_wconf 82' lang='lat' dir='ltr'>nis</span> <span class='ocrx_word' id='word_1_252' title='bbox 399 1961 409 1987; x_wconf 70' lang='grc' dir='ltr'><strong><em>ς</em></strong></span> <span class='ocrx_word' id='word_1_253' title='bbox 445 1955 522 1980; x_wconf 74' lang='lat' dir='ltr'>non</span> <span class='ocrx_word' id='word_1_254' title='bbox 544 1941 686 1980; x_wconf 83' lang='lat' dir='ltr'>neceffe</span> <span class='ocrx_word' id='word_1_255' title='bbox 704 1942 770 1988; x_wconf 87' lang='lat' dir='ltr'>est,</span> <span class='ocrx_word' id='word_1_256' title='bbox 791 1952 829 1980; x_wconf 92' lang='lat' dir='ltr'>et</span> <span class='ocrx_word' id='word_1_257' title='bbox 850 1943 913 1980; x_wconf 82' lang='lat' dir='ltr'>illa</span> <span class='ocrx_word' id='word_1_258' title='bbox 933 1942 1087 1995; x_wconf 86' lang='lat' dir='ltr'>pristina</span> <span class='ocrx_word' id='word_1_259' title='bbox 1106 1956 1272 1988; x_wconf 87' lang='lat' dir='ltr'>manere,</span> <span class='ocrx_word' id='word_1_260' title='bbox 1293 1952 1336 1980; x_wconf 90' lang='lat' dir='ltr'>ut</span> <span class='ocrx_word' id='word_1_261' title='bbox 1357 1941 1524 1980; x_wconf 90' lang='lat' dir='ltr'>tuenda?</span> <span class='ocrx_word' id='word_1_262' title='bbox 1554 1949 1591 1979; x_wconf 90' lang='lat' dir='ltr'>et</span> <span class='ocrx_word' id='word_1_263' title='bbox 1621 1941 1720 1979; x_wconf 85' lang='lat' dir='ltr'>inter</span> 
     </span>
     <span class='ocr_line' id='line_1_28' title="bbox 322 2007 1719 2062; baseline -0.001 -15"><span class='ocrx_word' id='word_1_264' title='bbox 322 2008 404 2047; x_wconf 78' lang='lat' dir='ltr'>haec</span> <span class='ocrx_word' id='word_1_265' title='bbox 440 2008 566 2047; x_wconf 89' lang='lat' dir='ltr'>multo</span> <span class='ocrx_word' id='word_1_266' title='bbox 599 2008 670 2047; x_wconf 82' lang='lat' dir='ltr'>effe</span> <span class='ocrx_word' id='word_1_267' title='bbox 702 2010 857 2055; x_wconf 87' lang='lat' dir='ltr'>cariora,</span> <span class='ocrx_word' id='word_1_268' title='bbox 900 2023 984 2062; x_wconf 81' lang='lat' dir='ltr'>quae</span> <span class='ocrx_word' id='word_1_269' title='bbox 1017 2009 1260 2048; x_wconf 87' lang='lat' dir='ltr'>accesserint?</span> <span class='ocrx_word' id='word_1_270' title='bbox 1301 2009 1497 2061; x_wconf 90' lang='lat' dir='ltr'>animique</span> <span class='ocrx_word' id='word_1_271' title='bbox 1529 2007 1719 2061; x_wconf 87' lang='lat' dir='ltr'>optimam</span> 
     </span>
     <span class='ocr_line' id='line_1_29' title="bbox 321 2073 1719 2128; baseline -0.001 -15"><span class='ocrx_word' id='word_1_272' title='bbox 321 2088 516 2128; x_wconf 86' lang='lat' dir='ltr'>quamque</span> <span class='ocrx_word' id='word_1_273' title='bbox 536 2083 683 2128; x_wconf 89' lang='lat' dir='ltr'>partem</span> <span class='ocrx_word' id='word_1_274' title='bbox 702 2075 958 2115; x_wconf 86' lang='lat' dir='ltr'>cariffimam?</span> <span class='ocrx_word' id='word_1_275' title='bbox 980 2076 1020 2114; x_wconf 91' lang='lat' dir='ltr'>in</span> <span class='ocrx_word' id='word_1_276' title='bbox 1041 2090 1159 2128; x_wconf 90' lang='lat' dir='ltr'>eaque</span> <span class='ocrx_word' id='word_1_277' title='bbox 1177 2076 1396 2128; x_wconf 83' lang='lat' dir='ltr'>expletione</span> <span class='ocrx_word' id='word_1_278' title='bbox 1414 2084 1556 2113; x_wconf 89' lang='lat' dir='ltr'>naturae</span> <span class='ocrx_word' id='word_1_279' title='bbox 1575 2073 1719 2112; x_wconf 86' lang='lat' dir='ltr'>summi</span> 
     </span>
     <span class='ocr_line' id='line_1_30' title="bbox 322 2141 1720 2196; baseline -0.002 -15"><span class='ocrx_word' id='word_1_280' title='bbox 322 2142 415 2181; x_wconf 87' lang='lat' dir='ltr'>boni</span> <span class='ocrx_word' id='word_1_281' title='bbox 436 2141 555 2180; x_wconf 80' lang='lat' dir='ltr'>finem</span> <span class='ocrx_word' id='word_1_282' title='bbox 575 2141 784 2187; x_wconf 75' lang='lat' dir='ltr'>consistere,</span> <span class='ocrx_word' id='word_1_283' title='bbox 802 2156 893 2181; x_wconf 90' lang='lat' dir='ltr'>cum</span> <span class='ocrx_word' id='word_1_284' title='bbox 914 2143 1027 2196; x_wconf 85' lang='lat' dir='ltr'>longe</span> <span class='ocrx_word' id='word_1_285' title='bbox 1046 2143 1297 2195; x_wconf 88' lang='lat' dir='ltr'>multumque</span> <span class='ocrx_word' id='word_1_286' title='bbox 1316 2142 1461 2196; x_wconf 84' lang='lat' dir='ltr'>praestet</span> <span class='ocrx_word' id='word_1_287' title='bbox 1481 2154 1590 2180; x_wconf 89' lang='lat' dir='ltr'>mens</span> <span class='ocrx_word' id='word_1_288' title='bbox 1606 2150 1720 2193; x_wconf 86' lang='lat' dir='ltr'>atque</span> 
     </span>
     <span class='ocr_line' id='line_1_31' title="bbox 324 2208 1720 2263; baseline 0 -18"><span class='ocrx_word' id='word_1_289' title='bbox 324 2209 419 2246; x_wconf 87' lang='lat' dir='ltr'>ratio</span> <span class='ocrx_word' id='word_1_290' title='bbox 437 2209 450 2245; x_wconf 95' lang='lat'>?</span> <span class='ocrx_word' id='word_1_291' title='bbox 474 2208 535 2246; x_wconf 90' lang='lat' dir='ltr'>Sic</span> <span class='ocrx_word' id='word_1_292' title='bbox 556 2217 594 2245; x_wconf 92' lang='lat' dir='ltr'>et</span> <span class='ocrx_word' id='word_1_293' title='bbox 611 2217 830 2247; x_wconf 82' lang='lat' dir='ltr'>extremum</span> <span class='ocrx_word' id='word_1_294' title='bbox 849 2211 1028 2248; x_wconf 90' lang='lat' dir='ltr'>omnium</span> <span class='ocrx_word' id='word_1_295' title='bbox 1047 2209 1363 2263; x_wconf 87' lang='lat' dir='ltr'>appetendorum,</span> <span class='ocrx_word' id='word_1_296' title='bbox 1385 2219 1499 2262; x_wconf 88' lang='lat' dir='ltr'>atque</span> <span class='ocrx_word' id='word_1_297' title='bbox 1519 2208 1680 2246; x_wconf 67' lang='lat' dir='ltr'>ductum</span> <span class='ocrx_word' id='word_1_298' title='bbox 1699 2219 1720 2246; x_wconf 81' lang='lat' dir='ltr'>a</span> 
     </span>
     <span class='ocr_line' id='line_1_32' title="bbox 323 2269 1719 2330; baseline 0 -20"><span class='ocrx_word' id='word_1_299' title='bbox 323 2273 448 2326; x_wconf 88' lang='lat' dir='ltr'>prima</span> <span class='ocrx_word' id='word_1_300' title='bbox 476 2273 812 2313; x_wconf 89' lang='lat' dir='ltr'>commendatione</span> <span class='ocrx_word' id='word_1_301' title='bbox 832 2284 988 2320; x_wconf 84' lang='lat' dir='ltr'>naturae,</span> <span class='ocrx_word' id='word_1_302' title='bbox 1024 2275 1158 2314; x_wconf 86' lang='lat' dir='ltr'>multis</span> <span class='ocrx_word' id='word_1_303' title='bbox 1189 2275 1370 2330; x_wconf 85' lang='lat' dir='ltr'>gradibus</span> <span class='ocrx_word' id='word_1_304' title='bbox 1405 2273 1584 2317; x_wconf 87' lang='lat' dir='ltr'>ascendit,</span> <span class='ocrx_word' id='word_1_305' title='bbox 1611 2281 1654 2310; x_wconf 92' lang='lat' dir='ltr'>ut</span> <span class='ocrx_word' id='word_1_306' title='bbox 1673 2269 1719 2310; x_wconf 89' lang='lat' dir='ltr'>ad</span> 
     </span>
     <span class='ocr_line' id='line_1_33' title="bbox 326 2338 1719 2395; baseline -0.003 -16"><span class='ocrx_word' id='word_1_307' title='bbox 326 2339 525 2379; x_wconf 80' lang='lat' dir='ltr'>summum</span> <span class='ocrx_word' id='word_1_308' title='bbox 545 2341 780 2391; x_wconf 72' lang='lat' dir='ltr'>perveniret,</span> <span class='ocrx_word' id='word_1_309' title='bbox 809 2342 915 2395; x_wconf 90' lang='lat' dir='ltr'>quod</span> <span class='ocrx_word' id='word_1_310' title='bbox 935 2341 1155 2382; x_wconf 84' lang='lat' dir='ltr'>cumulatur</span> <span class='ocrx_word' id='word_1_311' title='bbox 1174 2355 1221 2383; x_wconf 83' lang='lat' dir='ltr'>ex</span> <span class='ocrx_word' id='word_1_312' title='bbox 1241 2341 1458 2395; x_wconf 85' lang='lat' dir='ltr'>integritate</span> <span class='ocrx_word' id='word_1_313' title='bbox 1477 2338 1660 2392; x_wconf 86' lang='lat' dir='ltr'>corporis,</span> <span class='ocrx_word' id='word_1_314' title='bbox 1680 2345 1719 2376; x_wconf 86' lang='lat' dir='ltr'>et</span> 
     </span>
     <span class='ocr_line' id='line_1_34' title="bbox 321 2404 891 2460; baseline 0.004 -16"><span class='ocrx_word' id='word_1_315' title='bbox 321 2418 371 2444; x_wconf 79' lang='lat' dir='ltr'>ex</span> <span class='ocrx_word' id='word_1_316' title='bbox 391 2404 532 2443; x_wconf 77' lang='lat' dir='ltr'>mentis</span> <span class='ocrx_word' id='word_1_317' title='bbox 553 2405 694 2444; x_wconf 85' lang='lat' dir='ltr'>ratione</span> <span class='ocrx_word' id='word_1_318' title='bbox 714 2406 891 2460; x_wconf 67' lang='lat' dir='ltr'>perfecta.</span> 
     </span>
    </p>
   </div>
   <div class='ocr_carea' id='block_1_3' title="bbox 346 2469 1720 2578">
    <p class='ocr_par' dir='ltr' id='par_1_5' title="bbox 346 2469 1720 2578">
     <span class='ocr_line' id='line_1_35' title="bbox 346 2469 1720 2529; baseline -0.001 -19"><span class='ocrx_word' id='word_1_319' title='bbox 346 2515 349 2518; x_wconf 39' lang='lat'>‚</span> <span class='ocrx_word' id='word_1_320' title='bbox 377 2470 470 2510; x_wconf 82' lang='lat' dir='ltr'>XV.</span> <span class='ocrx_word' id='word_1_321' title='bbox 504 2471 608 2510; x_wconf 88' lang='lat' dir='ltr'>Cum</span> <span class='ocrx_word' id='word_1_322' title='bbox 635 2472 753 2525; x_wconf 84' lang='lat' dir='ltr'>igitur</span> <span class='ocrx_word' id='word_1_323' title='bbox 773 2487 814 2513; x_wconf 87' lang='lat' dir='ltr'>ea</span> <span class='ocrx_word' id='word_1_324' title='bbox 834 2474 892 2521; x_wconf 84' lang='lat' dir='ltr'>fit,</span> <span class='ocrx_word' id='word_1_325' title='bbox 925 2488 1042 2528; x_wconf 85' lang='lat' dir='ltr'>quam</span> <span class='ocrx_word' id='word_1_326' title='bbox 1063 2474 1233 2529; x_wconf 83' lang='lat' dir='ltr'>exposui,</span> <span class='ocrx_word' id='word_1_327' title='bbox 1265 2473 1391 2512; x_wconf 86' lang='lat' dir='ltr'>forma</span> <span class='ocrx_word' id='word_1_328' title='bbox 1412 2482 1578 2517; x_wconf 53' lang='lat' dir='ltr'>naturam</span> <span class='ocrx_word' id='word_1_329' title='bbox 1606 2469 1646 2516; x_wconf 86' lang='lat' dir='ltr'>fi,</span> <span class='ocrx_word' id='word_1_330' title='bbox 1676 2470 1720 2509; x_wconf 76' lang='lat' dir='ltr'>ut</span> 
     </span>
     <span class='ocr_line' id='line_1_36' title="bbox 1282 2539 1418 2578; baseline 0 0"><span class='ocrx_word' id='word_1_331' title='bbox 1282 2541 1320 2578; x_wconf 93' lang='lat' dir='ltr'>D</span> <span class='ocrx_word' id='word_1_332' title='bbox 1342 2539 1365 2577; x_wconf 94' lang='lat' dir='ltr'>d</span> <span class='ocrx_word' id='word_1_333' title='bbox 1398 2551 1418 2578; x_wconf 87' lang='lat'><strong>2</strong></span> 
     </span>
    </p>
   </div>
  </div>
 </body>
</html>
