2330 2983
724 204 1002 244 LIBER
1059 204 1495 258 QUINTUS.
1731 206 1809 263 383

414 299 643 341 fluminibus
663 301 944 341 circumfusum
963 301 1087 342 fuiffe.
1128 303 1224 342 Non
1244 303 1350 342 enim
1370 303 1494 349 video,
1515 316 1594 356 quo
1613 304 1732 344 modo
1751 305 1811 344 se-

413 368 500 406 dare
519 367 658 421 poffint
676 367 776 406 mala
794 367 989 420 praesentia
1003 369 1200 420 praeteritae
1219 369 1447 422 voluptateS.

469 433 542 471 Sed
561 445 655 470 cum
685 432 716 469 is
747 432 850 470 dicat
869 432 1018 484 semper
1048 432 1206 470 beatum
1237 433 1308 470 effe
1339 433 1562 485 sapientem,
1593 435 1657 473 cui
1688 435 1813 474 dicere

412 497 502 543 hoc,
529 497 556 536 fi
577 497 647 535 fibi
666 497 836 535 constare
861 497 992 542 vellet,
1021 510 1101 535 non
1121 497 1254 535 liceret
1270 515 1282 541 ς
1314 498 1501 549 quidnam
1520 499 1740 540 faciendum
1760 501 1813 540 est

412 563 473 608 iis,
495 563 564 615 qui
583 561 685 600 nihil
705 562 978 614 expetendum,
1008 561 1108 600 nihil
1142 563 1183 600 in
1204 562 1316 600 bonis
1337 563 1573 609 ducendum,
1605 566 1710 616 quod
1735 565 1810 604 ho-

411 628 551 666 nestate
571 636 708 672 careat,
730 627 949 665 existimant
968 627 981 664 ?
1012 628 1085 665 Me
1105 627 1266 679 quidem
1285 629 1450 674 auctore,
1470 629 1588 666 etiam
1616 629 1811 683 Peripate-

410 694 494 743 tici,
524 693 743 746 veteresque
769 693 996 732 Academici
1028 694 1219 732 balbutire
1251 695 1420 733 desinant
1450 695 1669 748 aliquando,
1701 710 1810 750 aper-

411 767 527 811 teque
545 769 583 797 et
612 759 711 796 clara
730 772 823 796 voce
853 758 1013 796 audeant
1032 759 1170 805 dicere,
1192 759 1343 798 beatam
1373 760 1493 798 vitam
1525 760 1566 798 in
1597 759 1812 800 Phalaridis

413 834 566 864 taurum
587 825 862 864 descensuram.

453 892 626 930 XXVII.
651 892 734 929 Sint
754 892 858 930 enim
879 892 950 929 tria
966 905 1102 944 genera
1118 892 1324 938 bonorum,
1346 901 1389 930 ut
1403 893 1486 944 jam
1506 906 1527 930 a
1545 893 1691 946 laqueis
1707 893 1810 932 Stoi-

411 970 562 1001 corum,
585 957 727 1008 quibus
749 957 861 995 usum
882 971 944 994 me
964 958 1155 1010 pluribus,
1188 971 1306 1010 quam
1337 958 1451 1003 soleo,
1483 958 1675 1011 intelligo,
1702 972 1810 997 rece-

411 1023 561 1060 damus.
595 1023 678 1060 Sint
697 1023 782 1060 sane
809 1023 875 1061 illa
893 1037 1030 1076 genera
1048 1024 1254 1068 bonorum,
1287 1024 1383 1062 dum
1402 1025 1572 1076 corporis
1592 1033 1630 1063 et
1657 1034 1812 1063 externa

405 1089 555 1140 jaceant
575 1087 702 1134 humi,
738 1099 776 1127 et
798 1089 1081 1134 tantummodo,
1118 1090 1208 1141 quia
1226 1089 1409 1127 sumenda
1433 1090 1534 1134 sunt,
1569 1090 1812 1142 appellentur

411 1153 524 1192 bona.
557 1155 646 1192 Alia
666 1164 793 1192 autem
811 1154 878 1192 illa
897 1155 1024 1192 divina
1038 1154 1153 1207 longe
1172 1155 1322 1207 lateque
1340 1155 1375 1192 se
1395 1155 1576 1208 pandant,
1594 1156 1812 1209 caelumque

411 1221 664 1274 contingant3
697 1234 739 1258 ea
759 1222 827 1273 qui
847 1221 1005 1273 adeptus
1026 1221 1085 1266 fit,
1116 1235 1184 1259 cur
1203 1235 1294 1259 eum
1316 1221 1473 1259 beatum
1499 1222 1631 1267 modo,
1662 1232 1700 1260 et
1731 1236 1812 1261 non

411 1286 670 1325 beatiffimum
689 1288 819 1331 etiam,
842 1286 1034 1325 dixerim?
1066 1287 1253 1325 Dolorem
1274 1301 1362 1325 vero
1392 1287 1534 1339 sapiens
1555 1287 1776 1327 extimescet
1793 1288 1812 1325 ,Ρ

412 1352 449 1390 Is
469 1353 574 1390 enim
592 1351 686 1390 huic
706 1353 875 1391 maxime
895 1353 1088 1390 sententiae
1116 1362 1314 1405 repugnat.
1349 1354 1455 1391 Nam
1476 1362 1609 1391 contra
1638 1363 1808 1393 mortem

412 1418 577 1456 nostram
597 1428 710 1470 atque
731 1418 960 1463 nostrorum,
974 1426 1184 1470 contraque
1204 1419 1470 1470 aegritudinem
1484 1428 1521 1456 et
1541 1419 1703 1472 reliquas
1723 1420 1808 1458 ani·-

411 1484 468 1522 mi
487 1484 788 1537 perturbationes
809 1484 894 1522 satis
915 1483 986 1521 effe
1006 1484 1182 1521 videmur
1201 1484 1438 1536 superiorum
1458 1484 1608 1522 dierum
1637 1485 1808 1538 disputa-

411 1549 581 1588 tionibus
615 1550 750 1588 armati
783 1559 819 1587 et
851 1549 983 1601 parati.
1030 1549 1155 1587 Dolor
1174 1548 1245 1586 effe
1265 1549 1415 1587 videtur
1441 1551 1647 1588 acerrimus
1673 1551 1810 1589 virtuti

410 1614 650 1653 adversarius.
673 1615 711 1653 Is
731 1613 902 1652 ardentes
923 1613 1022 1652 faces
1040 1614 1227 1652 intentat:
1250 1614 1281 1651 is
1301 1613 1585 1660 fortitudinem,
1607 1617 1807 1668 magnitu-

409 1680 542 1720 dinem
558 1681 692 1725 animi,
723 1681 948 1733 patientiam
968 1680 1004 1719 se
1023 1680 1317 1718 debilitaturum
1336 1682 1520 1719 minatur.
1553 1683 1662 1720 Huic
1688 1683 1808 1734 igitur

408 1746 636 1786 succumbet
655 1747 775 1785 virtus
794 1747 807 1783 ?
828 1746 920 1784 huic
943 1746 1049 1784 beata
1068 1746 1247 1798 sapientis
1267 1755 1305 1784 et
1325 1747 1532 1785 constantis
1553 1748 1625 1785 viri
1645 1749 1721 1786 vita
1741 1762 1806 1786 ce-

409 1812 474 1850 det
491 1812 505 1849 ?
536 1813 668 1863 Qam
685 1821 807 1864 turpe,
829 1813 853 1849 ὂ
870 1812 937 1849 Dii
954 1811 1046 1849 boni
1066 1811 1072 1847 !
1106 1811 1219 1848 Pueri
1236 1812 1429 1863 Spartiatae
1450 1826 1527 1850 non
1546 1813 1807 1866 ingemiscunt

408 1877 612 1915 verberum
633 1877 762 1915 dolore
783 1876 927 1914 laniati.
965 1875 1280 1915 Adolescentium
1300 1890 1431 1929 greges
1452 1878 1727 1917 Lacedaemone
1744 1879 1804 1917 vi—

408 1941 536 1980 dimus
558 1942 626 1995 ipfi
646 1942 866 1980 incredibili
885 1942 1133 1980 contentione
1152 1951 1338 1980 certantes
1356 1944 1512 1995 pugnis,
1529 1943 1712 1988 calcibus,
1730 1958 1805 1982 un-

398 2008 564 2063 guibus,
586 2008 716 2046 morsu
734 2008 898 2060 denique
913 2026 925 2053 ς
959 2018 1002 2046 ut
1021 2008 1331 2046 exanimarentur
1350 2010 1470 2062 prius,
1492 2024 1609 2062 quam
1629 2011 1665 2049 se
1685 2011 1806 2049 victos

407 2073 627 2113 faterentur.
647 2075 745 2126 Qae
765 2074 935 2112 barbaria
954 2074 1064 2112 India
1083 2073 1232 2119 vastior,
1249 2083 1313 2112 aut
1331 2075 1536 2127 agrestior?
1559 2077 1604 2114 In
1619 2089 1661 2114 ea
1677 2085 1805 2114 tamen

408 2149 522 2192 gente
551 2140 724 2192 primum
754 2140 797 2184 ii,
828 2140 897 2191 qui
926 2139 1110 2192 sapientes
1134 2139 1336 2185 habentur,
1367 2141 1462 2179 nudi
1494 2150 1644 2180 aetatem
1669 2151 1803 2195 agunt,

408 2215 446 2243 et
467 2205 622 2243 Caucasi
647 2205 752 2243 nives
771 2204 1058 2257 hiemalemque
1078 2206 1158 2243 vim
1178 2205 1376 2258 perferunt
1402 2207 1478 2244 fine
1498 2208 1628 2246 dolore
1646 2223 1655 2246 :
1687 2221 1802 2245 curn-

361 2267 366 2271 *
409 2284 484 2322 que
512 2270 558 2308 ad
578 2270 775 2308 flammam
796 2270 831 2308 se
860 2271 1146 2323 applicaverint,
1176 2271 1253 2309 fine
1272 2273 1420 2325 gemitu
1440 2272 1663 2311 aduruntur.
1702 2273 1800 2310 Mu-

410 2337 519 2375 lieres
539 2350 625 2374 vero
645 2337 685 2374 in
707 2337 828 2383 India,
852 2351 944 2375 cum
964 2338 1017 2375 est
1037 2337 1200 2390 cujusvis
1221 2352 1352 2377 earum
1373 2339 1430 2376 vir
1451 2348 1641 2382 mortuus,
1659 2339 1700 2375 in
1715 2352 1799 2376 cer-

411 2413 539 2440 tamen
567 2402 840 2456 judiciumque
872 2404 1032 2442 veniunt
1049 2432 1060 2448 ,
1099 2417 1216 2456 quam
1250 2405 1466 2457 plurimum
1507 2404 1571 2441 ille
1609 2403 1801 2442 dilexerit.

410 2469 541 2507 Plures
562 2469 666 2507 enim
695 2468 851 2522 fingulis
870 2469 992 2508 solent
1011 2469 1081 2508 effe
1101 2479 1244 2522 nuptae.
1288 2471 1385 2521 Qae
1404 2469 1455 2506 est
1475 2469 1623 2514 vidirix,
1642 2483 1684 2507 ea
1702 2469 1801 2515 laeta,

410 2534 726 2587 prosequentibus
757 2535 846 2581 suis,
879 2549 955 2575 una
986 2549 1079 2574 cum
1110 2535 1192 2573 viro
1223 2535 1267 2573 in
1300 2547 1437 2587 rogum
1468 2534 1701 2589 imponitur:
1735 2535 1802 2574 illa
