2330 2983
843 313 1120 353 LIBER
1182 312 1544 352 PRIMUS.
1811 325 1894 367 403

499 413 680 466 opificem
700 412 1046 465 aedificatoremque
1064 412 1204 451 mundi
1224 412 1393 450 Platonis
1411 411 1457 449 de
1470 411 1622 450 Timaeo
1643 411 1798 457 Deum3
1820 424 1892 450 nec

499 491 617 516 anum
636 477 832 516 fatidicam
854 477 1072 515 Stoicorum
1090 475 1255 529 πρένοιαν,
1285 490 1403 528 quam
1430 477 1569 514 Latine
1585 476 1675 515 licet
1693 476 1893 529 providen-

499 543 587 580 tiam
615 542 739 579 dicere
754 560 768 587 ς
810 555 934 594 neque
968 554 1057 579 vero
1090 541 1284 579 mundum
1317 540 1458 593 ipsum,
1498 542 1630 579 animo
1657 551 1697 579 et
1727 541 1892 580 senfibus

498 608 719 660 praeditum,
748 607 974 651 rotundum,
999 606 1214 651 ardentem,
1243 606 1454 643 volubilem
1476 607 1605 644 Deum
1620 625 1633 651 ς
1663 616 1837 658 portenta
1855 617 1894 646 et

498 672 681 711 miracula
699 686 777 711 non
798 672 1055 710 differentium
1076 670 1411 724 philosophorum,
1433 671 1495 709 sed
1514 671 1805 710 somniantium.

553 739 708 791 Qibus
727 739 830 778 enim
853 739 975 777 oculis
995 739 1115 776 animi
1135 738 1274 776 intueri
1294 738 1420 790 potuit
1441 737 1558 775 vester
1579 738 1688 776 Plato
1707 737 1895 776 fabricam

499 804 604 843 illam
626 805 722 843 tanti
740 805 880 858 operis,
911 805 987 857 qua
1005 803 1173 842 construi
1203 817 1224 842 a
1243 805 1330 842 Deo
1359 813 1475 856 atque
1504 803 1680 842 aedificari
1701 804 1895 842 mundum

500 868 623 908 facit?
654 884 739 922 quae
769 870 953 908 molitio?
998 884 1082 922 quae
1115 868 1374 908 ferramenta?
1405 870 1473 921 qui
1504 870 1655 907 vectes?
1697 883 1782 922 quae
1807 882 1893 908 ma·-

499 934 622 973 chinae
641 937 654 973 ?
685 936 752 988 qui
772 935 935 973 ministri
957 937 1052 974 tanti
1072 936 1239 974 muneris
1260 935 1443 973 fuerunt?
1475 935 1805 987 quemadmodum
1824 949 1895 973 au·-

499 1010 578 1039 tem
597 1001 752 1039 obedire
770 1011 809 1039 et
827 1015 955 1054 parere
975 1002 1164 1039 voluntati
1191 1001 1388 1039 architecti
1408 1015 1481 1046 aer,
1509 1002 1624 1054 ignis,
1656 1015 1766 1054 aqua,
1799 1010 1896 1039 terra

498 1076 706 1119 potuerunt
724 1068 737 1104 ?
769 1069 884 1105 Unde
903 1081 993 1105 vero
1011 1078 1101 1106 ortae
1120 1068 1196 1105 illae
1215 1069 1388 1119 quinque
1418 1066 1566 1112 formae,
1598 1081 1645 1105 ex
1671 1068 1812 1119 quibus
1832 1079 1895 1105 re-

497 1132 603 1184 liqua
622 1131 852 1177 formantur,
881 1142 966 1185 apte
987 1133 1163 1170 cadentes
1183 1133 1228 1169 ad
1248 1133 1425 1169 animum
1451 1131 1714 1175 efficiendum,
1741 1132 1894 1184 parien-

498 1197 639 1250 dosque
658 1198 814 1236 sensus?
845 1199 1030 1250 Longum
1060 1197 1113 1235 est
1143 1198 1273 1235 omnia
1289 1215 1301 1242 ς
1333 1211 1416 1250 quae
1447 1196 1534 1235 talia
1564 1196 1665 1242 sunt,
1695 1206 1740 1235 ut
1766 1206 1897 1250 optata

497 1263 634 1315 magis,
652 1276 768 1316 quam
788 1263 957 1307 inventa,
978 1262 1189 1300 videantur.
1211 1263 1282 1300 Sed
1301 1262 1368 1299 illa
1383 1261 1562 1313 palmaris
1583 1261 1756 1313 quidem,
1773 1263 1895 1313 quod,

499 1329 568 1380 qui
599 1342 676 1366 non
697 1329 816 1366 modo
844 1338 979 1366 natum
1005 1328 1198 1366 mundum
1232 1327 1502 1371 introduxerit,
1533 1327 1594 1364 sed
1624 1327 1741 1364 etiam
1775 1340 1897 1365 manu

499 1406 596 1445 pene
615 1392 775 1438 fastum,
795 1394 827 1431 is
847 1407 937 1431 eum
957 1393 1096 1431 dixerit
1115 1392 1197 1430 fore
1211 1392 1502 1445 sempiternum.
1525 1392 1647 1430 Hunc
1667 1391 1791 1430 censes
1811 1393 1894 1445 pri-

500 1459 590 1503 mis,
612 1467 656 1497 ut
675 1459 828 1504 dicitur,
849 1458 962 1496 labris
980 1457 1134 1511 gustasse
1150 1457 1443 1511 phyfiologiam,
1460 1458 1528 1510 qui
1543 1458 1772 1510 quidquam,
1789 1459 1896 1511 quod

499 1533 630 1563 ortum
650 1525 709 1570 fit,
739 1533 849 1578 putet
868 1534 1052 1563 aeternum
1084 1524 1155 1562 effe
1184 1523 1313 1577 poffe?
1345 1525 1443 1575 Qae
1473 1523 1525 1561 est
1553 1525 1660 1562 enim
1685 1537 1894 1576 coagmen-

500 1591 594 1629 tatio
614 1604 692 1628 non
719 1590 976 1628 dissolubilis?
1007 1599 1072 1627 aut
1105 1590 1200 1641 quid
1233 1590 1300 1634 est,
1330 1590 1440 1641 cujus
1469 1590 1707 1642 principium
1737 1590 1897 1642 aliquod

498 1655 558 1700 fit,
588 1655 688 1693 nihil
707 1656 753 1693 fit
782 1655 1027 1693 extremum?
1058 1655 1221 1692 Pronoea
1253 1667 1341 1692 vero
1361 1654 1387 1692 fi
1408 1654 1526 1692 vestra
1558 1654 1624 1699 est,
1655 1655 1800 1700 Lucili,
1830 1669 1894 1693 ea-

497 1721 613 1766 dem;
645 1721 812 1773 requiro,
852 1733 937 1772 quae
968 1721 1082 1773 paulo
1115 1730 1215 1766 ante,
1252 1720 1461 1764 ministros,
1490 1719 1703 1764 machinas,
1732 1734 1893 1759 omnem

498 1788 615 1825 totius
636 1787 759 1839 operis
791 1786 1092 1838 defignationem
1122 1795 1235 1837 atque
1264 1794 1515 1837 apparatum;
1548 1785 1602 1822 fin
1631 1786 1703 1823 alia
1727 1786 1792 1830 est,
1823 1800 1894 1824 cur

498 1853 702 1891 mortalem
739 1851 873 1890 fecerit
910 1851 1119 1895 mundum,
1162 1864 1254 1896 non,
1301 1850 1632 1902 quemadmodum
1670 1851 1897 1890 Platonicus

499 1917 621 1962 Deus,
643 1917 934 1969 sempiternum.

504 1970 514 1975 ,
540 1984 612 2021 IX.
634 1983 698 2020 Ab
719 1993 882 2033 utroque
901 1990 1030 2020 autem
1050 1981 1231 2027 sciscitor,
1247 1995 1316 2019 cur
1327 1981 1465 2019 mundi
1480 1982 1723 2020 aedificatores
1739 1992 1896 2035 repente

497 2048 721 2092 extiterint5
752 2047 1047 2085 innumerabilia
1067 2056 1152 2085 ante
1172 2047 1296 2085 secula
1328 2047 1568 2085 dormierint.
1601 2048 1695 2086 Non
1714 2049 1834 2093 enirn,
1866 2048 1891 2086 fi

498 2114 667 2152 mundus
688 2113 817 2151 nullus
837 2122 929 2158 erat,
960 2113 1084 2151 secula
1113 2126 1190 2151 non
1221 2122 1339 2151 erant.
1399 2114 1533 2151 Secula
1557 2127 1660 2152 nunc
1681 2115 1782 2159 dico,
1814 2129 1894 2152 non

497 2193 553 2225 ea,
575 2194 660 2232 quoe
689 2180 838 2218 dierum
859 2180 1110 2232 noctiumque
1140 2193 1302 2218 numero
1328 2181 1463 2218 annuis
1483 2181 1653 2219 curfibus
1673 2181 1890 2219 conficiun-

498 2255 586 2283 tur:
619 2258 709 2282 nam
739 2244 859 2282 fateor
888 2259 928 2282 ea
949 2245 1023 2283 fine
1056 2245 1193 2283 mundi
1224 2246 1467 2284 conversione
1496 2246 1595 2284 effici
1617 2260 1694 2284 non
1714 2246 1890 2298 potuiffe.

499 2311 570 2349 Sed
590 2310 665 2349 fuit
684 2310 857 2362 quaedam
877 2311 923 2348 ab
940 2310 1093 2349 infinito
1113 2321 1284 2364 tempore
1304 2313 1504 2357 aeternitas,
1525 2326 1641 2364 quam
1663 2312 1767 2349 nulla
1788 2322 1890 2350 tem-

498 2390 637 2429 porum
657 2376 962 2430 circumscriptio
982 2377 1239 2423 metiebatur5
1262 2377 1381 2430 spatio
1397 2389 1538 2422 tamen,
1557 2378 1680 2428 qualis
1700 2391 1741 2414 ea
1757 2376 1890 2423 fuerit,

499 2441 664 2494 intelligi
684 2455 759 2480 non
780 2443 899 2495 potest
917 2458 926 2480 :
960 2443 1064 2494 quod
1085 2456 1132 2480 ne
1152 2443 1191 2481 in
1212 2444 1486 2496 cogitationem
1519 2443 1678 2494 quidem
1709 2443 1824 2487 cadit,
1846 2453 1891 2481 ut

499 2506 615 2545 fuerit
649 2516 801 2560 tempus
835 2508 1004 2560 aliquod,
1041 2509 1195 2547 nullum
1226 2523 1316 2547 cum
1349 2519 1500 2560 tempus
1531 2507 1632 2545 effet.
1666 2508 1740 2546 Isto
1771 2508 1890 2561 igitur

500 2583 578 2611 tam
602 2573 791 2612 immenso
811 2574 941 2628 spatio,
964 2588 1104 2628 quaero,
1128 2576 1258 2622 Balbe,
1279 2589 1347 2614 cur
1367 2576 1528 2614 Pronoea
1549 2574 1665 2612 vestra
1683 2575 1894 2615 cessaveritff

582 2641 620 2678 T
635 2653 658 2678 0
674 2652 724 2678 M.
758 2640 811 2679 11.
1484 2641 1517 2679 E
1538 2654 1558 2679 e
1577 2654 1597 2678 e
1620 2653 1641 2679 2
