<?xml version="1.0" encoding="UTF-8"?>
<!DOCTYPE html PUBLIC "-//W3C//DTD XHTML 1.0 Transitional//EN"
    "http://www.w3.org/TR/xhtml1/DTD/xhtml1-transitional.dtd">
<html xmlns="http://www.w3.org/1999/xhtml" xml:lang="en" lang="en">
 <head>
  <title>
</title>
<meta http-equiv="Content-Type" content="text/html;charset=utf-8" />
  <meta name='ocr-system' content='tesseract 3.04.00' />
  <meta name='ocr-capabilities' content='ocr_page ocr_carea ocr_par ocr_line ocrx_word'/>
</head>
<body>
  <div class='ocr_page' id='page_1' title='image "./operacumindicibu02ciceuoft_0110.png"; bbox 0 0 2330 2983; ppageno 0'>
   <div class='ocr_carea' id='block_1_1' title="bbox 547 232 1527 280">
    <p class='ocr_par' dir='ltr' id='par_1_1' title="bbox 547 232 1527 280">
     <span class='ocr_line' id='line_1_1' title="bbox 547 232 1527 280; baseline -0.009 0"><span class='ocrx_word' id='word_1_1' title='bbox 547 253 619 280; x_wconf 86' lang='lat'>102</span> <span class='ocrx_word' id='word_1_2' title='bbox 955 235 1060 275; x_wconf 89' lang='lat' dir='ltr'>DE</span> <span class='ocrx_word' id='word_1_3' title='bbox 1143 232 1527 275; x_wconf 89' lang='lat' dir='ltr'><strong>FINIBUS</strong></span> 
     </span>
    </p>
   </div>
   <div class='ocr_carea' id='block_1_2' title="bbox 538 328 1947 2619">
    <p class='ocr_par' dir='ltr' id='par_1_2' title="bbox 541 328 1935 445">
     <span class='ocr_line' id='line_1_2' title="bbox 541 328 1935 389; baseline -0.004 -14"><span class='ocrx_word' id='word_1_4' title='bbox 541 336 667 389; x_wconf 79' lang='lat' dir='ltr'>possit,</span> <span class='ocrx_word' id='word_1_5' title='bbox 688 348 764 379; x_wconf 86' lang='lat' dir='ltr'>eos,</span> <span class='ocrx_word' id='word_1_6' title='bbox 796 333 862 385; x_wconf 87' lang='lat' dir='ltr'>qui</span> <span class='ocrx_word' id='word_1_7' title='bbox 883 331 1028 384; x_wconf 88' lang='lat' dir='ltr'>aliquid</span> <span class='ocrx_word' id='word_1_8' title='bbox 1047 331 1115 370; x_wconf 87' lang='lat' dir='ltr'>fibi</span> <span class='ocrx_word' id='word_1_9' title='bbox 1134 331 1255 370; x_wconf 90' lang='lat' dir='ltr'>videri</span> <span class='ocrx_word' id='word_1_10' title='bbox 1275 330 1418 375; x_wconf 90' lang='lat' dir='ltr'>dicant,</span> <span class='ocrx_word' id='word_1_11' title='bbox 1440 343 1518 368; x_wconf 90' lang='lat' dir='ltr'>non</span> <span class='ocrx_word' id='word_1_12' title='bbox 1538 328 1637 383; x_wconf 87' lang='lat' dir='ltr'>ipsos</span> <span class='ocrx_word' id='word_1_13' title='bbox 1657 328 1698 368; x_wconf 91' lang='lat' dir='ltr'>in</span> <span class='ocrx_word' id='word_1_14' title='bbox 1723 342 1766 368; x_wconf 89' lang='lat' dir='ltr'>ea</span> <span class='ocrx_word' id='word_1_15' title='bbox 1784 328 1935 369; x_wconf 90' lang='lat' dir='ltr'>senten-</span> 
     </span>
     <span class='ocr_line' id='line_1_3' title="bbox 543 397 1258 445; baseline -0.006 -6"><span class='ocrx_word' id='word_1_16' title='bbox 543 403 596 439; x_wconf 91' lang='lat' dir='ltr'>tia</span> <span class='ocrx_word' id='word_1_17' title='bbox 614 400 697 445; x_wconf 80' lang='lat' dir='ltr'>effe,</span> <span class='ocrx_word' id='word_1_18' title='bbox 721 399 782 437; x_wconf 91' lang='lat' dir='ltr'>sed</span> <span class='ocrx_word' id='word_1_19' title='bbox 802 398 930 436; x_wconf 91' lang='lat' dir='ltr'>audire</span> <span class='ocrx_word' id='word_1_20' title='bbox 945 397 1041 435; x_wconf 90' lang='lat' dir='ltr'>velle</span> <span class='ocrx_word' id='word_1_21' title='bbox 1057 397 1258 436; x_wconf 87' lang='lat' dir='ltr'>contraria.</span> 
     </span>
    </p>

    <p class='ocr_par' dir='ltr' id='par_1_3' title="bbox 538 460 1940 1223">
     <span class='ocr_line' id='line_1_4' title="bbox 596 460 1935 516; baseline -0.004 -11"><span class='ocrx_word' id='word_1_22' title='bbox 596 467 682 505; x_wconf 87' lang='lat' dir='ltr'>Nos</span> <span class='ocrx_word' id='word_1_23' title='bbox 717 464 962 505; x_wconf 87' lang='lat' dir='ltr'>commodius</span> <span class='ocrx_word' id='word_1_24' title='bbox 993 464 1157 516; x_wconf 85' lang='lat' dir='ltr'>agimus.</span> <span class='ocrx_word' id='word_1_25' title='bbox 1189 463 1284 502; x_wconf 89' lang='lat' dir='ltr'>Non</span> <span class='ocrx_word' id='word_1_26' title='bbox 1303 462 1408 501; x_wconf 90' lang='lat' dir='ltr'>enim</span> <span class='ocrx_word' id='word_1_27' title='bbox 1428 460 1554 500; x_wconf 89' lang='lat' dir='ltr'>solum</span> <span class='ocrx_word' id='word_1_28' title='bbox 1573 462 1795 514; x_wconf 89' lang='lat' dir='ltr'>Torquatus</span> <span class='ocrx_word' id='word_1_29' title='bbox 1821 461 1935 507; x_wconf 84' lang='lat' dir='ltr'>dixit,</span> 
     </span>
     <span class='ocr_line' id='line_1_5' title="bbox 542 526 1937 583; baseline -0.004 -14"><span class='ocrx_word' id='word_1_30' title='bbox 542 531 637 583; x_wconf 93' lang='lat' dir='ltr'>quid</span> <span class='ocrx_word' id='word_1_31' title='bbox 671 529 838 573; x_wconf 88' lang='lat' dir='ltr'>sentiret,</span> <span class='ocrx_word' id='word_1_32' title='bbox 877 527 939 566; x_wconf 89' lang='lat' dir='ltr'>sed</span> <span class='ocrx_word' id='word_1_33' title='bbox 974 529 1091 566; x_wconf 89' lang='lat' dir='ltr'>etiam</span> <span class='ocrx_word' id='word_1_34' title='bbox 1110 541 1192 566; x_wconf 91' lang='lat' dir='ltr'>cur.</span> <span class='ocrx_word' id='word_1_35' title='bbox 1238 527 1325 580; x_wconf 89' lang='lat' dir='ltr'>Ego</span> <span class='ocrx_word' id='word_1_36' title='bbox 1358 536 1488 565; x_wconf 87' lang='lat' dir='ltr'>autem</span> <span class='ocrx_word' id='word_1_37' title='bbox 1518 526 1692 571; x_wconf 88' lang='lat' dir='ltr'>arbitror,</span> <span class='ocrx_word' id='word_1_38' title='bbox 1714 539 1937 579; x_wconf 84' lang='lat' dir='ltr'>quanquam</span> 
     </span>
     <span class='ocr_line' id='line_1_6' title="bbox 542 592 1936 645; baseline -0.004 -10"><span class='ocrx_word' id='word_1_39' title='bbox 542 595 753 635; x_wconf 85' lang='lat' dir='ltr'>admodum</span> <span class='ocrx_word' id='word_1_40' title='bbox 774 594 978 632; x_wconf 66' lang='lat' dir='ltr'>delectatus</span> <span class='ocrx_word' id='word_1_41' title='bbox 999 593 1083 631; x_wconf 92' lang='lat' dir='ltr'>sum</span> <span class='ocrx_word' id='word_1_42' title='bbox 1102 593 1182 644; x_wconf 89' lang='lat' dir='ltr'>ejus</span> <span class='ocrx_word' id='word_1_43' title='bbox 1206 592 1376 631; x_wconf 86' lang='lat' dir='ltr'>oratione</span> <span class='ocrx_word' id='word_1_44' title='bbox 1395 601 1588 645; x_wconf 88' lang='lat' dir='ltr'>perpetua,</span> <span class='ocrx_word' id='word_1_45' title='bbox 1608 601 1735 630; x_wconf 88' lang='lat' dir='ltr'>tamen</span> <span class='ocrx_word' id='word_1_46' title='bbox 1755 605 1936 630; x_wconf 90' lang='lat' dir='ltr'>commo-</span> 
     </span>
     <span class='ocr_line' id='line_1_7' title="bbox 541 657 1937 712; baseline -0.005 -11"><span class='ocrx_word' id='word_1_47' title='bbox 541 663 642 707; x_wconf 86' lang='lat' dir='ltr'>dius,</span> <span class='ocrx_word' id='word_1_48' title='bbox 674 674 765 700; x_wconf 92' lang='lat' dir='ltr'>cum</span> <span class='ocrx_word' id='word_1_49' title='bbox 787 661 828 699; x_wconf 89' lang='lat' dir='ltr'>in</span> <span class='ocrx_word' id='word_1_50' title='bbox 855 660 968 698; x_wconf 86' lang='lat' dir='ltr'>rebus</span> <span class='ocrx_word' id='word_1_51' title='bbox 988 659 1145 712; x_wconf 87' lang='lat' dir='ltr'>fingulis</span> <span class='ocrx_word' id='word_1_52' title='bbox 1177 657 1332 703; x_wconf 87' lang='lat' dir='ltr'>infistas‚</span> <span class='ocrx_word' id='word_1_53' title='bbox 1362 667 1400 696; x_wconf 89' lang='lat' dir='ltr'>et</span> <span class='ocrx_word' id='word_1_54' title='bbox 1425 658 1617 710; x_wconf 85' lang='lat' dir='ltr'>intelligas</span> <span class='ocrx_word' id='word_1_55' title='bbox 1647 657 1741 710; x_wconf 92' lang='lat' dir='ltr'>quid</span> <span class='ocrx_word' id='word_1_56' title='bbox 1774 657 1937 710; x_wconf 90' lang='lat' dir='ltr'>quisque</span> 
     </span>
     <span class='ocr_line' id='line_1_8' title="bbox 541 722 1936 778; baseline -0.006 -11"><span class='ocrx_word' id='word_1_57' title='bbox 541 727 739 771; x_wconf 84' lang='lat' dir='ltr'>concedat,</span> <span class='ocrx_word' id='word_1_58' title='bbox 770 725 865 778; x_wconf 89' lang='lat' dir='ltr'>quid</span> <span class='ocrx_word' id='word_1_59' title='bbox 884 725 1040 769; x_wconf 89' lang='lat' dir='ltr'>abnuat,</span> <span class='ocrx_word' id='word_1_60' title='bbox 1070 737 1118 762; x_wconf 84' lang='lat' dir='ltr'>ex</span> <span class='ocrx_word' id='word_1_61' title='bbox 1147 724 1258 762; x_wconf 89' lang='lat' dir='ltr'>rebus</span> <span class='ocrx_word' id='word_1_62' title='bbox 1289 722 1470 761; x_wconf 83' lang='lat' dir='ltr'>coneeffis</span> <span class='ocrx_word' id='word_1_63' title='bbox 1497 722 1678 760; x_wconf 89' lang='lat' dir='ltr'>concludi</span> <span class='ocrx_word' id='word_1_64' title='bbox 1709 723 1803 774; x_wconf 91' lang='lat' dir='ltr'>quid</span> <span class='ocrx_word' id='word_1_65' title='bbox 1828 722 1936 766; x_wconf 89' lang='lat' dir='ltr'>velis,</span> 
     </span>
     <span class='ocr_line' id='line_1_9' title="bbox 540 787 1937 842; baseline -0.005 -11"><span class='ocrx_word' id='word_1_66' title='bbox 540 803 578 831; x_wconf 91' lang='lat' dir='ltr'>et</span> <span class='ocrx_word' id='word_1_67' title='bbox 609 793 654 831; x_wconf 84' lang='lat' dir='ltr'>ad</span> <span class='ocrx_word' id='word_1_68' title='bbox 685 792 835 830; x_wconf 85' lang='lat' dir='ltr'>exitum</span> <span class='ocrx_word' id='word_1_69' title='bbox 856 790 1057 842; x_wconf 87' lang='lat' dir='ltr'>perveniri.</span> <span class='ocrx_word' id='word_1_70' title='bbox 1090 790 1195 827; x_wconf 91' lang='lat' dir='ltr'>Cum</span> <span class='ocrx_word' id='word_1_71' title='bbox 1216 788 1322 826; x_wconf 90' lang='lat' dir='ltr'>enim</span> <span class='ocrx_word' id='word_1_72' title='bbox 1341 787 1476 832; x_wconf 89' lang='lat' dir='ltr'>fertur,</span> <span class='ocrx_word' id='word_1_73' title='bbox 1497 787 1600 839; x_wconf 83' lang='lat' dir='ltr'>quasi</span> <span class='ocrx_word' id='word_1_74' title='bbox 1618 796 1778 831; x_wconf 89' lang='lat' dir='ltr'>torrens,</span> <span class='ocrx_word' id='word_1_75' title='bbox 1801 788 1937 831; x_wconf 86' lang='lat' dir='ltr'>oratio,</span> 
     </span>
     <span class='ocr_line' id='line_1_10' title="bbox 540 849 1938 910; baseline -0.005 -15"><span class='ocrx_word' id='word_1_76' title='bbox 540 857 715 910; x_wconf 89' lang='lat' dir='ltr'>quamvis</span> <span class='ocrx_word' id='word_1_77' title='bbox 737 855 860 893; x_wconf 91' lang='lat' dir='ltr'>multa</span> <span class='ocrx_word' id='word_1_78' title='bbox 885 853 1180 905; x_wconf 90' lang='lat' dir='ltr'>cujusquemodi</span> <span class='ocrx_word' id='word_1_79' title='bbox 1200 852 1346 905; x_wconf 86' lang='lat' dir='ltr'>rapiat5</span> <span class='ocrx_word' id='word_1_80' title='bbox 1379 850 1477 890; x_wconf 90' lang='lat' dir='ltr'>nihil</span> <span class='ocrx_word' id='word_1_81' title='bbox 1507 860 1636 889; x_wconf 89' lang='lat' dir='ltr'>tamen</span> <span class='ocrx_word' id='word_1_82' title='bbox 1666 860 1807 896; x_wconf 85' lang='lat' dir='ltr'>teneas,</span> <span class='ocrx_word' id='word_1_83' title='bbox 1838 849 1938 889; x_wconf 91' lang='lat' dir='ltr'>nihil</span> 
     </span>
     <span class='ocr_line' id='line_1_11' title="bbox 540 917 1939 976; baseline -0.004 -15"><span class='ocrx_word' id='word_1_84' title='bbox 540 921 813 976; x_wconf 80' lang='lat' dir='ltr'>apprehendaS,</span> <span class='ocrx_word' id='word_1_85' title='bbox 844 919 1032 972; x_wconf 88' lang='lat' dir='ltr'>nusquam</span> <span class='ocrx_word' id='word_1_86' title='bbox 1051 919 1264 958; x_wconf 87' lang='lat' dir='ltr'>orationem</span> <span class='ocrx_word' id='word_1_87' title='bbox 1281 918 1454 971; x_wconf 88' lang='lat' dir='ltr'>rapidam</span> <span class='ocrx_word' id='word_1_88' title='bbox 1472 930 1660 956; x_wconf 85' lang='lat' dir='ltr'>coerceas.</span> <span class='ocrx_word' id='word_1_89' title='bbox 1706 917 1849 956; x_wconf 88' lang='lat' dir='ltr'>Omnis</span> <span class='ocrx_word' id='word_1_90' title='bbox 1869 930 1939 955; x_wconf 90' lang='lat' dir='ltr'>au-</span> 
     </span>
     <span class='ocr_line' id='line_1_12' title="bbox 540 981 1939 1038; baseline -0.004 -12"><span class='ocrx_word' id='word_1_91' title='bbox 540 998 621 1026; x_wconf 85' lang='lat' dir='ltr'>tem</span> <span class='ocrx_word' id='word_1_92' title='bbox 655 988 695 1025; x_wconf 89' lang='lat' dir='ltr'>in</span> <span class='ocrx_word' id='word_1_93' title='bbox 726 986 944 1038; x_wconf 87' lang='lat' dir='ltr'>quaerend0‚</span> <span class='ocrx_word' id='word_1_94' title='bbox 975 998 1060 1037; x_wconf 85' lang='lat' dir='ltr'>quae</span> <span class='ocrx_word' id='word_1_95' title='bbox 1090 984 1151 1022; x_wconf 88' lang='lat' dir='ltr'>via</span> <span class='ocrx_word' id='word_1_96' title='bbox 1177 984 1342 1036; x_wconf 89' lang='lat' dir='ltr'>quadam</span> <span class='ocrx_word' id='word_1_97' title='bbox 1371 992 1411 1022; x_wconf 91' lang='lat' dir='ltr'>et</span> <span class='ocrx_word' id='word_1_98' title='bbox 1441 983 1586 1021; x_wconf 87' lang='lat' dir='ltr'>ratione</span> <span class='ocrx_word' id='word_1_99' title='bbox 1610 981 1786 1027; x_wconf 89' lang='lat' dir='ltr'>habetur,</span> <span class='ocrx_word' id='word_1_100' title='bbox 1817 983 1939 1020; x_wconf 90' lang='lat' dir='ltr'>oratio</span> 
     </span>
     <span class='ocr_line' id='line_1_13' title="bbox 539 1047 1940 1107; baseline -0.004 -15"><span class='ocrx_word' id='word_1_101' title='bbox 539 1053 777 1107; x_wconf 86' lang='lat' dir='ltr'>praescribere</span> <span class='ocrx_word' id='word_1_102' title='bbox 797 1051 971 1104; x_wconf 87' lang='lat' dir='ltr'>primum</span> <span class='ocrx_word' id='word_1_103' title='bbox 1001 1051 1127 1095; x_wconf 90' lang='lat' dir='ltr'>debet,</span> <span class='ocrx_word' id='word_1_104' title='bbox 1160 1051 1222 1101; x_wconf 92' lang='lat' dir='ltr'>(ut</span> <span class='ocrx_word' id='word_1_105' title='bbox 1241 1048 1471 1102; x_wconf 88' lang='lat' dir='ltr'>quibusdam</span> <span class='ocrx_word' id='word_1_106' title='bbox 1500 1049 1541 1087; x_wconf 89' lang='lat' dir='ltr'>in</span> <span class='ocrx_word' id='word_1_107' title='bbox 1567 1047 1760 1093; x_wconf 88' lang='lat' dir='ltr'>formulis,</span> <span class='ocrx_word' id='word_1_108' title='bbox 1790 1049 1851 1087; x_wconf 85' lang='grc' dir='ltr'>Εα</span> <span class='ocrx_word' id='word_1_109' title='bbox 1882 1062 1940 1087; x_wconf 87' lang='lat' dir='ltr'>res</span> 
     </span>
     <span class='ocr_line' id='line_1_14' title="bbox 538 1114 1940 1172; baseline -0.004 -14"><span class='ocrx_word' id='word_1_110' title='bbox 538 1119 688 1172; x_wconf 82' lang='lat' dir='ltr'>agetur)</span> <span class='ocrx_word' id='word_1_111' title='bbox 721 1126 777 1162; x_wconf 88' lang='lat' dir='ltr'>ut,</span> <span class='ocrx_word' id='word_1_112' title='bbox 807 1117 905 1155; x_wconf 89' lang='lat' dir='ltr'>inter</span> <span class='ocrx_word' id='word_1_113' title='bbox 935 1129 1031 1169; x_wconf 86' lang='lat' dir='ltr'>quos</span> <span class='ocrx_word' id='word_1_114' title='bbox 1062 1114 1265 1161; x_wconf 83' lang='lat' dir='ltr'>differitur,</span> <span class='ocrx_word' id='word_1_115' title='bbox 1294 1114 1510 1160; x_wconf 84' lang='lat' dir='ltr'>conveniat,</span> <span class='ocrx_word' id='word_1_116' title='bbox 1542 1114 1637 1168; x_wconf 88' lang='lat' dir='ltr'>quid</span> <span class='ocrx_word' id='word_1_117' title='bbox 1655 1115 1702 1154; x_wconf 89' lang='lat' dir='ltr'>fit</span> <span class='ocrx_word' id='word_1_118' title='bbox 1719 1114 1774 1160; x_wconf 90' lang='lat' dir='ltr'>id,</span> <span class='ocrx_word' id='word_1_119' title='bbox 1795 1114 1841 1152; x_wconf 90' lang='lat' dir='ltr'>de</span> <span class='ocrx_word' id='word_1_120' title='bbox 1861 1126 1940 1167; x_wconf 90' lang='lat' dir='ltr'>quo</span> 
     </span>
     <span class='ocr_line' id='line_1_15' title="bbox 540 1184 748 1223; baseline -0.005 0"><span class='ocrx_word' id='word_1_121' title='bbox 540 1184 748 1223; x_wconf 80' lang='lat' dir='ltr'>differatur.</span> 
     </span>
    </p>

    <p class='ocr_par' dir='ltr' id='par_1_4' title="bbox 540 1245 1947 2484">
     <span class='ocr_line' id='line_1_16' title="bbox 586 1245 1937 1300; baseline -0.004 -12"><span class='ocrx_word' id='word_1_122' title='bbox 586 1251 640 1289; x_wconf 88' lang='lat' dir='ltr'>II.</span> <span class='ocrx_word' id='word_1_123' title='bbox 664 1250 754 1287; x_wconf 86' lang='lat' dir='ltr'>Hoc</span> <span class='ocrx_word' id='word_1_124' title='bbox 773 1248 941 1300; x_wconf 79' lang='lat' dir='ltr'>positum</span> <span class='ocrx_word' id='word_1_125' title='bbox 961 1247 1001 1285; x_wconf 92' lang='lat' dir='ltr'>in</span> <span class='ocrx_word' id='word_1_126' title='bbox 1022 1245 1184 1285; x_wconf 85' lang='lat' dir='ltr'>Phaedro</span> <span class='ocrx_word' id='word_1_127' title='bbox 1203 1259 1224 1284; x_wconf 91' lang='lat' dir='ltr'>a</span> <span class='ocrx_word' id='word_1_128' title='bbox 1239 1246 1396 1285; x_wconf 85' lang='lat' dir='ltr'>Platone</span> <span class='ocrx_word' id='word_1_129' title='bbox 1416 1247 1592 1299; x_wconf 88' lang='lat' dir='ltr'>probavit</span> <span class='ocrx_word' id='word_1_130' title='bbox 1611 1246 1804 1300; x_wconf 89' lang='lat' dir='ltr'>Epicurus</span> <span class='ocrx_word' id='word_1_131' title='bbox 1817 1264 1830 1291; x_wconf 99' lang='lat'>5</span> <span class='ocrx_word' id='word_1_132' title='bbox 1853 1245 1937 1284; x_wconf 88' lang='lat' dir='ltr'>sen-</span> 
     </span>
     <span class='ocr_line' id='line_1_17' title="bbox 540 1310 1941 1368; baseline -0.003 -15"><span class='ocrx_word' id='word_1_133' title='bbox 540 1315 676 1368; x_wconf 84' lang='lat' dir='ltr'>fitque,</span> <span class='ocrx_word' id='word_1_134' title='bbox 700 1314 739 1352; x_wconf 88' lang='lat' dir='ltr'>in</span> <span class='ocrx_word' id='word_1_135' title='bbox 768 1312 877 1351; x_wconf 89' lang='lat' dir='ltr'>omni</span> <span class='ocrx_word' id='word_1_136' title='bbox 911 1312 1166 1364; x_wconf 87' lang='lat' dir='ltr'>disputatione</span> <span class='ocrx_word' id='word_1_137' title='bbox 1185 1312 1225 1350; x_wconf 90' lang='lat' dir='ltr'>id</span> <span class='ocrx_word' id='word_1_138' title='bbox 1244 1310 1326 1349; x_wconf 89' lang='lat' dir='ltr'>fieri</span> <span class='ocrx_word' id='word_1_139' title='bbox 1345 1321 1532 1364; x_wconf 88' lang='lat' dir='ltr'>oportere.</span> <span class='ocrx_word' id='word_1_140' title='bbox 1592 1312 1663 1351; x_wconf 86' lang='lat' dir='ltr'>Sed</span> <span class='ocrx_word' id='word_1_141' title='bbox 1682 1311 1787 1364; x_wconf 88' lang='lat' dir='ltr'>quod</span> <span class='ocrx_word' id='word_1_142' title='bbox 1807 1311 1941 1365; x_wconf 83' lang='lat' dir='ltr'>proxi-</span> 
     </span>
     <span class='ocr_line' id='line_1_18' title="bbox 541 1376 1944 1430; baseline -0.004 -11"><span class='ocrx_word' id='word_1_143' title='bbox 541 1394 655 1419; x_wconf 89' lang='lat' dir='ltr'>mum</span> <span class='ocrx_word' id='word_1_144' title='bbox 676 1378 766 1424; x_wconf 87' lang='lat' dir='ltr'>fuit,</span> <span class='ocrx_word' id='word_1_145' title='bbox 785 1392 862 1418; x_wconf 90' lang='lat' dir='ltr'>non</span> <span class='ocrx_word' id='word_1_146' title='bbox 882 1377 992 1416; x_wconf 80' lang='lat' dir='ltr'>vidit.</span> <span class='ocrx_word' id='word_1_147' title='bbox 1025 1377 1154 1429; x_wconf 90' lang='lat' dir='ltr'>Negat</span> <span class='ocrx_word' id='word_1_148' title='bbox 1173 1377 1280 1414; x_wconf 89' lang='lat' dir='ltr'>enim</span> <span class='ocrx_word' id='word_1_149' title='bbox 1299 1376 1450 1415; x_wconf 90' lang='lat' dir='ltr'>definiri</span> <span class='ocrx_word' id='word_1_150' title='bbox 1471 1390 1552 1415; x_wconf 88' lang='lat' dir='ltr'>rem</span> <span class='ocrx_word' id='word_1_151' title='bbox 1568 1377 1714 1430; x_wconf 87' lang='lat' dir='ltr'>placere</span> <span class='ocrx_word' id='word_1_152' title='bbox 1726 1395 1740 1422; x_wconf 91' lang='lat'>5</span> <span class='ocrx_word' id='word_1_153' title='bbox 1766 1376 1843 1414; x_wconf 87' lang='lat' dir='ltr'>fine</span> <span class='ocrx_word' id='word_1_154' title='bbox 1861 1389 1944 1429; x_wconf 85' lang='lat' dir='ltr'>quo</span> 
     </span>
     <span class='ocr_line' id='line_1_19' title="bbox 541 1442 1943 1495; baseline -0.004 -11"><span class='ocrx_word' id='word_1_155' title='bbox 541 1445 625 1484; x_wconf 87' lang='lat' dir='ltr'>fieri</span> <span class='ocrx_word' id='word_1_156' title='bbox 653 1444 847 1482; x_wconf 87' lang='lat' dir='ltr'>interdum</span> <span class='ocrx_word' id='word_1_157' title='bbox 867 1455 946 1481; x_wconf 87' lang='lat' dir='ltr'>non</span> <span class='ocrx_word' id='word_1_158' title='bbox 969 1442 1103 1495; x_wconf 84' lang='lat' dir='ltr'>potest,</span> <span class='ocrx_word' id='word_1_159' title='bbox 1122 1445 1178 1480; x_wconf 82' lang='lat' dir='ltr'>&#39;ut</span> <span class='ocrx_word' id='word_1_160' title='bbox 1208 1442 1308 1480; x_wconf 86' lang='lat' dir='ltr'>inter</span> <span class='ocrx_word' id='word_1_161' title='bbox 1339 1455 1418 1486; x_wconf 76' lang='lat' dir='ltr'>e08,</span> <span class='ocrx_word' id='word_1_162' title='bbox 1449 1443 1519 1494; x_wconf 88' lang='lat' dir='ltr'>qui</span> <span class='ocrx_word' id='word_1_163' title='bbox 1548 1442 1768 1495; x_wconf 87' lang='lat' dir='ltr'>ambigunt,</span> <span class='ocrx_word' id='word_1_164' title='bbox 1798 1454 1943 1480; x_wconf 88' lang='lat' dir='ltr'>conve-</span> 
     </span>
     <span class='ocr_line' id='line_1_20' title="bbox 542 1507 1943 1564; baseline -0.002 -14"><span class='ocrx_word' id='word_1_165' title='bbox 542 1512 636 1557; x_wconf 68' lang='lat' dir='ltr'>niat,</span> <span class='ocrx_word' id='word_1_166' title='bbox 658 1510 753 1564; x_wconf 86' lang='lat' dir='ltr'>quid</span> <span class='ocrx_word' id='word_1_167' title='bbox 772 1509 816 1548; x_wconf 80' lang='lat' dir='ltr'>sit</span> <span class='ocrx_word' id='word_1_168' title='bbox 835 1509 888 1554; x_wconf 88' lang='lat' dir='ltr'>id,</span> <span class='ocrx_word' id='word_1_169' title='bbox 920 1509 967 1547; x_wconf 88' lang='lat' dir='ltr'>de</span> <span class='ocrx_word' id='word_1_170' title='bbox 987 1522 1065 1561; x_wconf 92' lang='lat' dir='ltr'>quo</span> <span class='ocrx_word' id='word_1_171' title='bbox 1084 1518 1217 1561; x_wconf 88' lang='lat' dir='ltr'>agatur</span> <span class='ocrx_word' id='word_1_172' title='bbox 1232 1526 1245 1554; x_wconf 87' lang='lat'>5</span> <span class='ocrx_word' id='word_1_173' title='bbox 1276 1507 1382 1546; x_wconf 89' lang='lat' dir='ltr'>velut</span> <span class='ocrx_word' id='word_1_174' title='bbox 1402 1508 1441 1547; x_wconf 91' lang='lat' dir='ltr'>in</span> <span class='ocrx_word' id='word_1_175' title='bbox 1462 1507 1538 1546; x_wconf 91' lang='lat' dir='ltr'>hoc</span> <span class='ocrx_word' id='word_1_176' title='bbox 1558 1508 1655 1562; x_wconf 90' lang='lat' dir='ltr'>ipso,</span> <span class='ocrx_word' id='word_1_177' title='bbox 1677 1509 1723 1547; x_wconf 89' lang='lat' dir='ltr'>de</span> <span class='ocrx_word' id='word_1_178' title='bbox 1743 1522 1823 1561; x_wconf 89' lang='lat' dir='ltr'>quo</span> <span class='ocrx_word' id='word_1_179' title='bbox 1838 1521 1943 1547; x_wconf 89' lang='lat' dir='ltr'>nunc</span> 
     </span>
     <span class='ocr_line' id='line_1_21' title="bbox 541 1573 1944 1630; baseline -0.002 -15"><span class='ocrx_word' id='word_1_180' title='bbox 541 1577 796 1630; x_wconf 75' lang='lat' dir='ltr'>disputamus.</span> <span class='ocrx_word' id='word_1_181' title='bbox 829 1575 1050 1627; x_wconf 83' lang='lat' dir='ltr'>Qaerimus</span> <span class='ocrx_word' id='word_1_182' title='bbox 1070 1575 1176 1621; x_wconf 85' lang='lat' dir='ltr'>enim</span> <span class='ocrx_word' id='word_1_183' title='bbox 1197 1573 1317 1612; x_wconf 89' lang='lat' dir='ltr'>finem</span> <span class='ocrx_word' id='word_1_184' title='bbox 1336 1574 1553 1614; x_wconf 88' lang='lat' dir='ltr'>bonorum:</span> <span class='ocrx_word' id='word_1_185' title='bbox 1585 1573 1829 1627; x_wconf 83' lang='lat' dir='ltr'>poffumusne</span> <span class='ocrx_word' id='word_1_186' title='bbox 1849 1574 1944 1612; x_wconf 88' lang='lat' dir='ltr'>scire</span> 
     </span>
     <span class='ocr_line' id='line_1_22' title="bbox 540 1640 1942 1696; baseline -0.004 -13"><span class='ocrx_word' id='word_1_187' title='bbox 540 1643 617 1683; x_wconf 91' lang='lat' dir='ltr'>hoc</span> <span class='ocrx_word' id='word_1_188' title='bbox 648 1642 761 1696; x_wconf 82' lang='lat' dir='ltr'>quale</span> <span class='ocrx_word' id='word_1_189' title='bbox 789 1642 847 1686; x_wconf 86' lang='lat' dir='ltr'>fit,</span> <span class='ocrx_word' id='word_1_190' title='bbox 879 1641 948 1680; x_wconf 76' lang='lat' dir='ltr'>nisi</span> <span class='ocrx_word' id='word_1_191' title='bbox 978 1641 1256 1680; x_wconf 83' lang='lat' dir='ltr'>contulerimus</span> <span class='ocrx_word' id='word_1_192' title='bbox 1286 1640 1385 1679; x_wconf 88' lang='lat' dir='ltr'>inter</span> <span class='ocrx_word' id='word_1_193' title='bbox 1419 1653 1502 1685; x_wconf 84' lang='lat' dir='ltr'>nos,</span> <span class='ocrx_word' id='word_1_194' title='bbox 1532 1653 1625 1679; x_wconf 88' lang='lat' dir='ltr'>cum</span> <span class='ocrx_word' id='word_1_195' title='bbox 1659 1640 1778 1678; x_wconf 88' lang='lat' dir='ltr'>finem</span> <span class='ocrx_word' id='word_1_196' title='bbox 1815 1640 1942 1679; x_wconf 84' lang='lat' dir='ltr'>bono—</span> 
     </span>
     <span class='ocr_line' id='line_1_23' title="bbox 543 1705 1943 1759; baseline -0.003 -11"><span class='ocrx_word' id='word_1_197' title='bbox 543 1722 630 1748; x_wconf 85' lang='lat' dir='ltr'>rum</span> <span class='ocrx_word' id='word_1_198' title='bbox 650 1707 876 1752; x_wconf 79' lang='lat' dir='ltr'>dixerimus,</span> <span class='ocrx_word' id='word_1_199' title='bbox 906 1706 1001 1759; x_wconf 85' lang='lat' dir='ltr'>quid</span> <span class='ocrx_word' id='word_1_200' title='bbox 1021 1705 1121 1751; x_wconf 85' lang='lat' dir='ltr'>finis,</span> <span class='ocrx_word' id='word_1_201' title='bbox 1143 1705 1239 1758; x_wconf 89' lang='lat' dir='ltr'>quid</span> <span class='ocrx_word' id='word_1_202' title='bbox 1257 1706 1374 1744; x_wconf 86' lang='lat' dir='ltr'>etiam</span> <span class='ocrx_word' id='word_1_203' title='bbox 1395 1705 1438 1744; x_wconf 85' lang='lat' dir='ltr'>fit</span> <span class='ocrx_word' id='word_1_204' title='bbox 1458 1705 1583 1758; x_wconf 88' lang='lat' dir='ltr'>ipsum</span> <span class='ocrx_word' id='word_1_205' title='bbox 1605 1705 1753 1744; x_wconf 88' lang='lat' dir='ltr'>bonum</span> <span class='ocrx_word' id='word_1_206' title='bbox 1772 1705 1785 1742; x_wconf 90' lang='lat'>?</span> <span class='ocrx_word' id='word_1_207' title='bbox 1816 1705 1943 1757; x_wconf 83' lang='lat' dir='ltr'>Atqui</span> 
     </span>
     <span class='ocr_line' id='line_1_24' title="bbox 543 1771 1945 1828; baseline -0.003 -14"><span class='ocrx_word' id='word_1_208' title='bbox 543 1774 624 1814; x_wconf 82' lang='lat' dir='ltr'>haec</span> <span class='ocrx_word' id='word_1_209' title='bbox 660 1772 862 1828; x_wconf 64' lang='lat' dir='ltr'>patefactio</span> <span class='ocrx_word' id='word_1_210' title='bbox 894 1774 998 1825; x_wconf 85' lang='lat' dir='ltr'>quafi</span> <span class='ocrx_word' id='word_1_211' title='bbox 1027 1785 1157 1811; x_wconf 87' lang='lat' dir='ltr'>rerum</span> <span class='ocrx_word' id='word_1_212' title='bbox 1185 1781 1420 1825; x_wconf 85' lang='lat' dir='ltr'>opertarum,</span> <span class='ocrx_word' id='word_1_213' title='bbox 1453 1785 1547 1811; x_wconf 89' lang='lat' dir='ltr'>cum</span> <span class='ocrx_word' id='word_1_214' title='bbox 1580 1772 1676 1824; x_wconf 90' lang='lat' dir='ltr'>quid</span> <span class='ocrx_word' id='word_1_215' title='bbox 1707 1771 1879 1824; x_wconf 89' lang='lat' dir='ltr'>quidque</span> <span class='ocrx_word' id='word_1_216' title='bbox 1898 1771 1945 1810; x_wconf 80' lang='lat' dir='ltr'>sit</span> 
     </span>
     <span class='ocr_line' id='line_1_25' title="bbox 542 1838 1944 1895; baseline -0.004 -14"><span class='ocrx_word' id='word_1_217' title='bbox 542 1842 722 1895; x_wconf 84' lang='lat' dir='ltr'>aperitur,</span> <span class='ocrx_word' id='word_1_218' title='bbox 741 1839 914 1879; x_wconf 85' lang='lat' dir='ltr'>definitio</span> <span class='ocrx_word' id='word_1_219' title='bbox 934 1839 987 1877; x_wconf 91' lang='lat' dir='ltr'>est</span> <span class='ocrx_word' id='word_1_220' title='bbox 1002 1857 1014 1884; x_wconf 86' lang='lat'>5</span> <span class='ocrx_word' id='word_1_221' title='bbox 1045 1852 1120 1891; x_wconf 86' lang='lat' dir='ltr'>qua</span> <span class='ocrx_word' id='word_1_222' title='bbox 1139 1847 1181 1877; x_wconf 91' lang='lat' dir='ltr'>tu</span> <span class='ocrx_word' id='word_1_223' title='bbox 1201 1839 1319 1877; x_wconf 82' lang='lat' dir='ltr'>etiam</span> <span class='ocrx_word' id='word_1_224' title='bbox 1338 1838 1564 1891; x_wconf 88' lang='lat' dir='ltr'>imprudens</span> <span class='ocrx_word' id='word_1_225' title='bbox 1584 1838 1739 1876; x_wconf 82' lang='lat' dir='ltr'>utebare</span> <span class='ocrx_word' id='word_1_226' title='bbox 1759 1851 1944 1876; x_wconf 88' lang='lat' dir='ltr'>nonnun-</span> 
     </span>
     <span class='ocr_line' id='line_1_26' title="bbox 544 1903 1944 1959; baseline -0.003 -13"><span class='ocrx_word' id='word_1_227' title='bbox 544 1921 677 1959; x_wconf 85' lang='lat' dir='ltr'>quam.</span> <span class='ocrx_word' id='word_1_228' title='bbox 725 1907 830 1945; x_wconf 84' lang='lat' dir='ltr'>Nam</span> <span class='ocrx_word' id='word_1_229' title='bbox 851 1904 956 1943; x_wconf 90' lang='lat' dir='ltr'>hunc</span> <span class='ocrx_word' id='word_1_230' title='bbox 988 1904 1114 1957; x_wconf 87' lang='lat' dir='ltr'>ipsum</span> <span class='ocrx_word' id='word_1_231' title='bbox 1135 1905 1206 1942; x_wconf 88' lang='lat' dir='ltr'>five</span> <span class='ocrx_word' id='word_1_232' title='bbox 1227 1903 1358 1949; x_wconf 85' lang='lat' dir='ltr'>finem,</span> <span class='ocrx_word' id='word_1_233' title='bbox 1389 1904 1462 1943; x_wconf 88' lang='lat' dir='ltr'>five</span> <span class='ocrx_word' id='word_1_234' title='bbox 1482 1913 1716 1948; x_wconf 85' lang='lat' dir='ltr'>extremum,</span> <span class='ocrx_word' id='word_1_235' title='bbox 1747 1903 1819 1942; x_wconf 84' lang='lat' dir='ltr'>five</span> <span class='ocrx_word' id='word_1_236' title='bbox 1848 1903 1944 1942; x_wconf 84' lang='lat' dir='ltr'>ulti-</span> 
     </span>
     <span class='ocr_line' id='line_1_27' title="bbox 543 1968 1944 2022; baseline -0.003 -10"><span class='ocrx_word' id='word_1_237' title='bbox 543 1986 656 2012; x_wconf 88' lang='lat' dir='ltr'>mum</span> <span class='ocrx_word' id='word_1_238' title='bbox 687 1971 909 2016; x_wconf 82' lang='lat' dir='ltr'>definiebas,</span> <span class='ocrx_word' id='word_1_239' title='bbox 940 1971 979 2009; x_wconf 91' lang='lat' dir='ltr'>id</span> <span class='ocrx_word' id='word_1_240' title='bbox 999 1970 1083 2015; x_wconf 82' lang='lat' dir='ltr'>esse,</span> <span class='ocrx_word' id='word_1_241' title='bbox 1114 1984 1194 2022; x_wconf 88' lang='lat' dir='ltr'>quo</span> <span class='ocrx_word' id='word_1_242' title='bbox 1223 1970 1369 2015; x_wconf 86' lang='lat' dir='ltr'>omnia,</span> <span class='ocrx_word' id='word_1_243' title='bbox 1399 1984 1484 2022; x_wconf 82' lang='lat' dir='ltr'>quae</span> <span class='ocrx_word' id='word_1_244' title='bbox 1517 1971 1614 2008; x_wconf 65' lang='lat' dir='ltr'>redte</span> <span class='ocrx_word' id='word_1_245' title='bbox 1645 1969 1794 2014; x_wconf 86' lang='lat' dir='ltr'>fierent,</span> <span class='ocrx_word' id='word_1_246' title='bbox 1826 1968 1944 2008; x_wconf 89' lang='lat' dir='ltr'>reser-</span> 
     </span>
     <span class='ocr_line' id='line_1_28' title="bbox 545 2033 1942 2089; baseline -0.003 -13"><span class='ocrx_word' id='word_1_247' title='bbox 545 2047 688 2081; x_wconf 89' lang='lat' dir='ltr'>rentur,</span> <span class='ocrx_word' id='word_1_248' title='bbox 712 2050 834 2089; x_wconf 90' lang='lat' dir='ltr'>nequc</span> <span class='ocrx_word' id='word_1_249' title='bbox 856 2036 894 2074; x_wconf 90' lang='lat' dir='ltr'>id</span> <span class='ocrx_word' id='word_1_250' title='bbox 912 2036 1038 2089; x_wconf 89' lang='lat' dir='ltr'>ipsum</span> <span class='ocrx_word' id='word_1_251' title='bbox 1055 2035 1215 2087; x_wconf 86' lang='lat' dir='ltr'>usquam</span> <span class='ocrx_word' id='word_1_252' title='bbox 1236 2034 1449 2074; x_wconf 89' lang='lat' dir='ltr'>referretur.</span> <span class='ocrx_word' id='word_1_253' title='bbox 1475 2035 1654 2074; x_wconf 79' lang='lat' dir='ltr'>Praeclare</span> <span class='ocrx_word' id='word_1_254' title='bbox 1673 2033 1748 2073; x_wconf 92' lang='lat' dir='ltr'>hoc</span> <span class='ocrx_word' id='word_1_255' title='bbox 1768 2034 1942 2087; x_wconf 87' lang='lat' dir='ltr'>quidem.</span> 
     </span>
     <span class='ocr_line' id='line_1_29' title="bbox 547 2098 1945 2155; baseline -0.004 -13"><span class='ocrx_word' id='word_1_256' title='bbox 547 2105 699 2143; x_wconf 85' lang='lat' dir='ltr'>Bonum</span> <span class='ocrx_word' id='word_1_257' title='bbox 723 2103 844 2155; x_wconf 83' lang='lat' dir='ltr'>ipsum</span> <span class='ocrx_word' id='word_1_258' title='bbox 866 2102 982 2140; x_wconf 86' lang='lat' dir='ltr'>etiam</span> <span class='ocrx_word' id='word_1_259' title='bbox 1003 2101 1097 2154; x_wconf 85' lang='lat' dir='ltr'>quid</span> <span class='ocrx_word' id='word_1_260' title='bbox 1123 2101 1225 2146; x_wconf 82' lang='lat' dir='ltr'>esset,</span> <span class='ocrx_word' id='word_1_261' title='bbox 1251 2100 1414 2145; x_wconf 72' lang='lat' dir='ltr'>fortass&#39;e,</span> <span class='ocrx_word' id='word_1_262' title='bbox 1446 2100 1472 2138; x_wconf 83' lang='lat' dir='ltr'>fi</span> <span class='ocrx_word' id='word_1_263' title='bbox 1500 2113 1597 2153; x_wconf 89' lang='lat' dir='ltr'>opus</span> <span class='ocrx_word' id='word_1_264' title='bbox 1618 2098 1757 2144; x_wconf 80' lang='lat' dir='ltr'>fuiffet,</span> <span class='ocrx_word' id='word_1_265' title='bbox 1787 2099 1945 2138; x_wconf 80' lang='lat' dir='ltr'>definis·</span> 
     </span>
     <span class='ocr_line' id='line_1_30' title="bbox 547 2164 1942 2220; baseline -0.003 -13"><span class='ocrx_word' id='word_1_266' title='bbox 547 2170 626 2214; x_wconf 82' lang='lat' dir='ltr'>ses5</span> <span class='ocrx_word' id='word_1_267' title='bbox 659 2179 737 2214; x_wconf 88' lang='lat' dir='ltr'>aut,</span> <span class='ocrx_word' id='word_1_268' title='bbox 769 2168 873 2220; x_wconf 82' lang='lat' dir='ltr'>quod</span> <span class='ocrx_word' id='word_1_269' title='bbox 894 2167 982 2206; x_wconf 68' lang='lat' dir='ltr'>ess‘et</span> <span class='ocrx_word' id='word_1_270' title='bbox 1004 2177 1135 2206; x_wconf 80' lang='lat' dir='ltr'>natura</span> <span class='ocrx_word' id='word_1_271' title='bbox 1168 2167 1454 2220; x_wconf 84' lang='lat' dir='ltr'>appetendum5</span> <span class='ocrx_word' id='word_1_272' title='bbox 1485 2176 1564 2210; x_wconf 87' lang='lat' dir='ltr'>aut,</span> <span class='ocrx_word' id='word_1_273' title='bbox 1595 2166 1700 2218; x_wconf 91' lang='lat' dir='ltr'>quod</span> <span class='ocrx_word' id='word_1_274' title='bbox 1730 2164 1942 2219; x_wconf 84' lang='lat' dir='ltr'>prodesset5</span> 
     </span>
     <span class='ocr_line' id='line_1_31' title="bbox 544 2230 1943 2287; baseline -0.004 -14"><span class='ocrx_word' id='word_1_275' title='bbox 544 2245 624 2280; x_wconf 87' lang='lat' dir='ltr'>aut,</span> <span class='ocrx_word' id='word_1_276' title='bbox 657 2235 950 2287; x_wconf 69' lang='lat' dir='ltr'>quodjiivarct5</span> <span class='ocrx_word' id='word_1_277' title='bbox 987 2243 1064 2278; x_wconf 83' lang='lat' dir='ltr'>aut,</span> <span class='ocrx_word' id='word_1_278' title='bbox 1094 2234 1198 2285; x_wconf 84' lang='lat' dir='ltr'>quod</span> <span class='ocrx_word' id='word_1_279' title='bbox 1220 2233 1354 2271; x_wconf 83' lang='lat' dir='ltr'>liberet</span> <span class='ocrx_word' id='word_1_280' title='bbox 1374 2231 1506 2272; x_wconf 63' lang='lat' dir='ltr'>mode).</span> <span class='ocrx_word' id='word_1_281' title='bbox 1567 2232 1686 2270; x_wconf 88' lang='lat' dir='ltr'>Nunc</span> <span class='ocrx_word' id='word_1_282' title='bbox 1720 2232 1823 2270; x_wconf 88' lang='lat' dir='ltr'>idem</span> <span class='ocrx_word' id='word_1_283' title='bbox 1856 2230 1943 2282; x_wconf 67' lang='lat' dir='ltr'>(niti</span> 
     </span>
     <span class='ocr_line' id='line_1_32' title="bbox 546 2297 1947 2352; baseline -0.003 -13"><span class='ocrx_word' id='word_1_284' title='bbox 546 2301 751 2339; x_wconf 87' lang='lat' dir='ltr'>molestum</span> <span class='ocrx_word' id='word_1_285' title='bbox 772 2301 841 2351; x_wconf 85' lang='lat' dir='ltr'>cst)</span> <span class='ocrx_word' id='word_1_286' title='bbox 870 2301 1053 2352; x_wconf 74' lang='lat' dir='ltr'>quoniam</span> <span class='ocrx_word' id='word_1_287' title='bbox 1077 2301 1146 2338; x_wconf 81' lang='lat' dir='ltr'>tibi</span> <span class='ocrx_word' id='word_1_288' title='bbox 1169 2313 1243 2337; x_wconf 85' lang='lat' dir='ltr'>non</span> <span class='ocrx_word' id='word_1_289' title='bbox 1270 2299 1432 2338; x_wconf 83' lang='lat' dir='ltr'>omnino</span> <span class='ocrx_word' id='word_1_290' title='bbox 1451 2298 1624 2351; x_wconf 85' lang='lat' dir='ltr'>displicet</span> <span class='ocrx_word' id='word_1_291' title='bbox 1645 2297 1817 2342; x_wconf 83' lang='lat' dir='ltr'>definire,</span> <span class='ocrx_word' id='word_1_292' title='bbox 1847 2308 1885 2335; x_wconf 83' lang='lat' dir='ltr'>et</span> <span class='ocrx_word' id='word_1_293' title='bbox 1907 2297 1947 2335; x_wconf 88' lang='lat' dir='ltr'>id</span> 
     </span>
     <span class='ocr_line' id='line_1_33' title="bbox 546 2363 1944 2418; baseline -0.002 -13"><span class='ocrx_word' id='word_1_294' title='bbox 546 2366 638 2405; x_wconf 75' lang='lat' dir='ltr'>facis</span> <span class='ocrx_word' id='word_1_295' title='bbox 659 2380 751 2405; x_wconf 86' lang='lat' dir='ltr'>cum</span> <span class='ocrx_word' id='word_1_296' title='bbox 773 2367 827 2404; x_wconf 88' lang='lat' dir='ltr'>vis</span> <span class='ocrx_word' id='word_1_297' title='bbox 845 2385 855 2411; x_wconf 92' lang='lat'>5</span> <span class='ocrx_word' id='word_1_298' title='bbox 892 2366 1009 2405; x_wconf 90' lang='lat' dir='ltr'>velim</span> <span class='ocrx_word' id='word_1_299' title='bbox 1029 2365 1200 2410; x_wconf 77' lang='lat' dir='ltr'>definias,</span> <span class='ocrx_word' id='word_1_300' title='bbox 1233 2365 1327 2418; x_wconf 86' lang='lat' dir='ltr'>quid</span> <span class='ocrx_word' id='word_1_301' title='bbox 1348 2365 1390 2403; x_wconf 72' lang='lat' dir='ltr'>sit</span> <span class='ocrx_word' id='word_1_302' title='bbox 1411 2365 1582 2417; x_wconf 86' lang='lat' dir='ltr'>voluptas</span> <span class='ocrx_word' id='word_1_303' title='bbox 1600 2382 1611 2408; x_wconf 87' lang='lat'>5</span> <span class='ocrx_word' id='word_1_304' title='bbox 1643 2364 1688 2402; x_wconf 83' lang='lat' dir='ltr'>de</span> <span class='ocrx_word' id='word_1_305' title='bbox 1709 2378 1787 2416; x_wconf 88' lang='lat' dir='ltr'>quo</span> <span class='ocrx_word' id='word_1_306' title='bbox 1816 2363 1944 2403; x_wconf 83' lang='lat' dir='ltr'>omnis</span> 
     </span>
     <span class='ocr_line' id='line_1_34' title="bbox 546 2431 887 2484; baseline -0.006 -12"><span class='ocrx_word' id='word_1_307' title='bbox 546 2431 626 2472; x_wconf 77' lang='lat' dir='ltr'>haec</span> <span class='ocrx_word' id='word_1_308' title='bbox 648 2433 803 2484; x_wconf 82' lang='lat' dir='ltr'>quaestio</span> <span class='ocrx_word' id='word_1_309' title='bbox 822 2431 887 2470; x_wconf 88' lang='lat' dir='ltr'>est.</span> 
     </span>
    </p>

    <p class='ocr_par' dir='ltr' id='par_1_5' title="bbox 547 2495 1946 2619">
     <span class='ocr_line' id='line_1_35' title="bbox 602 2495 1946 2551; baseline -0.003 -15"><span class='ocrx_word' id='word_1_310' title='bbox 602 2499 717 2551; x_wconf 82' lang='lat' dir='ltr'>Qafi</span> <span class='ocrx_word' id='word_1_311' title='bbox 750 2499 850 2551; x_wconf 71' lang='lat' dir='ltr'>quiS,</span> <span class='ocrx_word' id='word_1_312' title='bbox 885 2498 1025 2551; x_wconf 86' lang='lat' dir='ltr'>inquit,</span> <span class='ocrx_word' id='word_1_313' title='bbox 1056 2498 1113 2542; x_wconf 84' lang='lat' dir='ltr'>fit,</span> <span class='ocrx_word' id='word_1_314' title='bbox 1146 2498 1228 2551; x_wconf 84' lang='lat' dir='ltr'>qui,</span> <span class='ocrx_word' id='word_1_315' title='bbox 1262 2497 1357 2550; x_wconf 89' lang='lat' dir='ltr'>quid</span> <span class='ocrx_word' id='word_1_316' title='bbox 1391 2497 1432 2535; x_wconf 79' lang='lat' dir='ltr'>sit</span> <span class='ocrx_word' id='word_1_317' title='bbox 1463 2496 1653 2550; x_wconf 77' lang='lat' dir='ltr'>voluptas,</span> <span class='ocrx_word' id='word_1_318' title='bbox 1685 2495 1849 2541; x_wconf 77' lang='lat' dir='ltr'>nesciat5</span> <span class='ocrx_word' id='word_1_319' title='bbox 1881 2503 1946 2533; x_wconf 85' lang='lat' dir='ltr'>aut</span> 
     </span>
     <span class='ocr_line' id='line_1_36' title="bbox 547 2560 1944 2619; baseline -0.002 -17"><span class='ocrx_word' id='word_1_320' title='bbox 547 2564 629 2617; x_wconf 86' lang='lat' dir='ltr'>qui,</span> <span class='ocrx_word' id='word_1_321' title='bbox 668 2578 745 2617; x_wconf 87' lang='lat' dir='ltr'>quo</span> <span class='ocrx_word' id='word_1_322' title='bbox 776 2565 898 2617; x_wconf 81' lang='lat' dir='ltr'>magis</span> <span class='ocrx_word' id='word_1_323' title='bbox 937 2564 976 2603; x_wconf 90' lang='lat' dir='ltr'>id</span> <span class='ocrx_word' id='word_1_324' title='bbox 1013 2564 1216 2619; x_wconf 81' lang='lat' dir='ltr'>intelligat,</span> <span class='ocrx_word' id='word_1_325' title='bbox 1247 2563 1516 2604; x_wconf 83' lang='lat' dir='ltr'>definitionem</span> <span class='ocrx_word' id='word_1_326' title='bbox 1547 2564 1718 2615; x_wconf 80' lang='lat' dir='ltr'>aliquam</span> <span class='ocrx_word' id='word_1_327' title='bbox 1749 2560 1944 2601; x_wconf 76' lang='lat' dir='ltr'>desideret.</span> 
     </span>
    </p>
   </div>
  </div>
 </body>
</html>
