2330 2983
628 263 905 303 LIBER
962 262 1325 303 PRIMUS.
1642 278 1694 319 95

295 365 391 419 quin
410 363 451 403 id
465 362 510 403 fit
524 362 724 401 summum
742 371 857 415 atque
874 371 1094 401 extremum
1114 362 1307 401 bonorum
1326 361 1504 401 onmium
1519 381 1533 409 3
1565 363 1694 402 beate-

295 445 372 484 que
390 430 514 468 vivere
533 427 633 467 nihil
653 428 758 466 aliud
778 429 836 473 fit,
858 428 928 467 nifi
948 441 1042 466 cum
1061 428 1257 480 voluptate
1275 428 1413 467 vivere.

341 496 474 535 XVII.
507 494 616 533 Huic
636 503 747 532 certae
767 493 970 546 stabilique
989 493 1183 531 sententiae
1200 507 1285 545 quae
1304 493 1377 532 sint
1392 495 1609 546 conjun&a‚
1626 507 1694 533 ex-

295 560 590 618 plicabosbrevi.
630 559 777 599 Nullus
798 559 839 597 in
859 559 946 612 ipfis
966 573 1069 597 error
1094 559 1148 597 est
1166 559 1309 597 finibus
1329 559 1523 598 bonorum
1553 569 1591 598 et
1611 574 1696 599 ma-

296 629 439 672 lorum,
462 627 502 665 id
521 626 588 672 est,
618 626 658 664 in
679 626 888 679 voluptate,
910 634 974 663 aut
995 626 1034 664 in
1055 625 1186 664 dolore
1203 640 1213 664 :
1245 624 1307 663 sed
1327 626 1367 663 in
1387 625 1447 664 his
1464 626 1577 664 rebus
1604 640 1697 679 pec-

298 702 400 739 cant,
435 706 542 738 cum,
577 696 599 730 e
619 692 760 744 quibus
796 691 878 730 haec
897 691 1127 737 efficiantur,
1159 692 1352 744 ignorant.
1410 692 1549 730 Animi
1568 702 1698 731 autem

297 760 511 813 voluptates
531 768 570 797 et
586 759 734 798 dolores
750 758 851 797 nasci
870 757 1037 797 fatemur
1052 772 1074 796 e
1092 759 1262 811 corporis
1280 758 1542 812 voluptatibus
1562 767 1601 797 et
1626 759 1698 797 do-

298 824 458 864 loribus.
491 826 626 877 Itaque
645 824 815 863 concedo
834 824 939 878 quod
958 824 1076 863 modo
1096 824 1262 869 dicebas,
1283 824 1414 862 cadere
1433 824 1556 870 causa,
1584 825 1609 863 fi
1631 826 1700 878 qui

299 905 321 929 e
340 891 475 930 nostris
509 891 618 929 aliter
648 890 892 936 existimant;
923 903 1020 943 quos
1041 890 1202 942 quidem
1219 890 1330 929 video
1350 890 1420 928 esse
1440 891 1600 936 multos,
1637 891 1700 929 sed

299 959 514 1011 imperitos,
537 958 772 1010 Qanquam
793 966 920 995 autem
941 966 979 994 et
999 957 1172 995 laetitiam
1187 957 1298 995 nobis
1318 957 1493 1010 voluptas
1514 957 1648 1002 animi,
1662 967 1700 995 et

301 1023 514 1063 molestiam
534 1024 643 1061 dolor
662 1022 792 1061 afferat
808 1042 821 1068 ς
852 1036 986 1061 eorum
1005 1031 1134 1061 tamen
1154 1032 1363 1075 utrumque
1383 1032 1422 1061 et
1439 1032 1569 1062 ortum
1590 1023 1660 1062 effe
1679 1037 1701 1061 e

301 1103 472 1144 corpore,
486 1099 524 1128 et
543 1089 588 1127 ad
606 1102 744 1142 corpus
765 1088 919 1127 referri:
942 1101 1012 1126 nec
1031 1089 1081 1127 ob
1098 1102 1183 1127 eam
1203 1089 1354 1127 causam
1372 1103 1450 1127 non
1471 1089 1598 1128 multo
1615 1103 1699 1127 ma-

297 1157 396 1209 jores
416 1156 486 1194 effe
505 1165 543 1194 et
562 1155 792 1208 voluptates,
823 1163 862 1193 et
881 1155 1028 1194 dolores
1049 1155 1183 1200 animi,
1215 1168 1332 1207 quam
1361 1155 1545 1208 corporis.
1594 1155 1703 1194 Nam

303 1235 459 1276 corpore
479 1221 593 1266 nihil,
609 1222 676 1259 nisi
697 1221 855 1276 praesens
870 1231 908 1259 et
928 1221 1034 1274 quod
1053 1221 1165 1266 adest,
1184 1220 1320 1259 sentire
1334 1221 1529 1274 possumus
1538 1239 1550 1266 ς
1573 1221 1705 1260 animo

304 1299 434 1328 autern
454 1298 492 1326 et
511 1288 713 1341 praeterita,
744 1296 781 1325 et
801 1285 945 1325 futura.
1004 1288 1061 1326 Ut
1081 1287 1187 1325 enim
1213 1301 1320 1340 aeque
1339 1288 1536 1325 doleamus
1557 1288 1701 1333 animo,

305 1354 397 1394 ciim
416 1368 574 1407 corpore
604 1354 808 1398 dolemus;
840 1353 921 1391 fieri
942 1363 1069 1391 tamen
1090 1367 1297 1406 permagna
1323 1354 1478 1392 acceffio
1508 1354 1644 1406 potest,
1675 1355 1703 1393 fi

307 1420 463 1474 aliquod
493 1430 676 1459 aeternum
711 1429 748 1457 et
781 1418 980 1457 infinitum
1011 1419 1234 1472 impendere
1265 1420 1413 1458 malum
1434 1420 1544 1458 nobis
1565 1421 1704 1473 opine-

309 1501 410 1525 mur.
443 1486 561 1538 Qod
581 1485 686 1523 idem
705 1484 796 1523 licet
817 1483 1016 1523 transferre
1035 1485 1076 1522 in
1096 1484 1350 1537 voluptatem,
1372 1495 1415 1523 ut
1435 1498 1478 1522 ea
1503 1486 1624 1536 major
1643 1486 1703 1531 fit,

309 1553 335 1592 fi
355 1551 455 1592 nihil
474 1552 547 1590 tale
566 1560 800 1589 metuamus.

362 1620 451 1671 Jam
471 1617 569 1655 illud
589 1616 749 1669 quidem
768 1615 1014 1670 perspicuum
1032 1616 1098 1662 est,
1117 1617 1330 1656 maximam
1344 1617 1463 1655 animi
1484 1626 1549 1655 aut
1565 1617 1705 1671 volup-

308 1694 441 1729 tatem,
462 1692 528 1721 aut
547 1682 762 1721 molestiam
788 1681 876 1735 plus
896 1691 961 1720 aut
981 1683 1027 1721 ad
1053 1683 1219 1729 beatam,
1239 1692 1304 1722 aut
1323 1683 1369 1722 ad
1389 1683 1565 1722 miseram
1584 1685 1708 1723 vitam

306 1745 443 1784 afferre
467 1744 672 1789 momenti,
702 1757 821 1796 quarn
837 1756 974 1782 eorum
993 1746 1198 1790 utrumvis,
1233 1745 1260 1783 fi
1281 1759 1387 1798 aeque
1407 1745 1472 1783 diu
1494 1745 1537 1783 s1t
1557 1745 1597 1783 in
1617 1758 1704 1783 cor-

308 1825 412 1865 pore.
441 1811 538 1850 Non
557 1810 681 1863 placet
697 1819 841 1854 autem,
873 1810 1036 1848 detracta
1061 1811 1270 1863 voluptate,
1291 1810 1557 1863 aegritudinem
1578 1811 1705 1850 statim

309 1875 502 1928 consequi,
534 1875 602 1913 nisi
628 1875 668 1912 in
702 1875 910 1927 voluptatis
940 1875 1073 1913 locum
1108 1875 1217 1914 dolor
1250 1875 1349 1915 forte
1382 1875 1592 1914 succefferit
1614 1891 1623 1913 :
1668 1884 1710 1914 at

308 1950 454 1985 contra,
475 1940 637 1993 gaudere
670 1940 818 1978 nosmet
847 1940 1070 1979 omittendis
1091 1941 1303 1986 doloribus,
1333 1942 1451 1979 etiam
1478 1941 1503 1979 fi
1531 1941 1705 1994 voluptas

309 2020 365 2052 ea,
386 2020 471 2059 quae
492 2005 642 2044 sensum
662 2016 827 2051 moveat,
848 2005 955 2044 nulla
974 2005 1210 2045 successerit:
1243 2021 1365 2059 eoque
1385 2006 1550 2059 intelligi
1571 2006 1705 2059 potest,

309 2082 453 2126 quanta
471 2072 646 2125 voluptas
677 2072 721 2110 fit
747 2086 825 2110 non
845 2072 986 2111 dolere.
1030 2072 1100 2111 Sed
1120 2082 1164 2110 ut
1195 2073 1240 2110 iis
1262 2073 1372 2111 bonis
1391 2073 1590 2125 erigimur,
1623 2086 1709 2124 quae

308 2140 552 2193 expediamus
568 2156 580 2183 5
627 2138 677 2176 fic
711 2137 886 2176 laetam‘ur
918 2138 978 2183 iis,
1011 2152 1095 2190 quae
1127 2139 1383 2177 recordamur.
1444 2138 1559 2177 Stulti
1579 2148 1707 2177 autem

311 2205 503 2245 malorum
524 2204 710 2242 memoria
728 2212 958 2256 torquentur
973 2219 981 2242 :
1005 2204 1187 2257 sapientes
1203 2205 1302 2243 bona
1322 2205 1509 2257 praeterita
1523 2205 1629 2257 grata
1647 2217 1707 2241 re-

311 2271 531 2309 cordatione
564 2278 740 2308 renovata
758 2270 957 2308 delcetant.
1003 2270 1071 2308 Est
1095 2279 1225 2309 autem
1255 2271 1370 2309 situm
1391 2271 1430 2308 in
1451 2271 1576 2315 nobis,
1609 2278 1652 2307 ut
1671 2278 1708 2307 et

312 2336 460 2376 adversa
478 2336 580 2389 quafi
599 2337 781 2389 perpetua
800 2336 996 2375 oblivione
1010 2338 1231 2382 obruamus,
1247 2347 1286 2375 et
1305 2337 1466 2375 secunda
1480 2335 1650 2389 jucunde
1667 2349 1710 2373 ac

315 2403 472 2442 suaviter
492 2403 796 2441 meminerimus.
849 2403 920 2441 Sed
941 2417 1033 2442 cum
1053 2417 1107 2448 ea,
1130 2417 1215 2455 quae
1235 2403 1507 2456 praeterierunt,
1529 2402 1604 2439 acri
1624 2402 1709 2439 ani-

315 2481 382 2508 mo
415 2477 452 2505 et
477 2477 622 2506 attento
640 2469 850 2514 intuemur,
882 2479 974 2508 tunc
995 2469 1052 2515 fit,
1090 2479 1132 2508 ut
1152 2469 1336 2522 aegritudo
1368 2468 1556 2520 sequatur.
1589 2467 1616 2506 fi
1643 2467 1711 2506 illa

315 2534 416 2574 mala
433 2534 505 2573 fint
517 2552 530 2581 ς
558 2534 702 2581 laetitia,
723 2534 749 2573 fi
770 2534 882 2574 bona.
