2330 2983
561 305 638 344 492
817 288 911 327 DE
969 285 1297 325 NATURA
1355 283 1698 322 DEORUM

561 404 637 434 eos,
673 387 742 441 qui
761 386 874 425 semel
895 385 1052 423 cremati
1071 383 1202 429 effent,
1231 383 1416 436 equitare,
1450 391 1488 420 et
1518 382 1558 420 in
1589 383 1668 421 acie
1693 392 1862 435 pugnare
1880 394 1952 434 po-

562 454 697 495 tuiffe?
729 455 811 491 Aut
830 452 856 490 fi
877 451 952 490 hoc
980 451 1060 489 fieri
1081 449 1242 503 potuiss‘e
1269 449 1380 495 dicis,
1400 449 1533 487 doceas
1554 457 1717 502 oportet,
1738 447 1953 501 quomodo,

562 534 630 559 nec
651 519 806 558 fabellas
826 518 943 556 aniles
963 517 1144 570 proferas.

618 587 727 625 Tum
748 584 937 629 Lucilius,
967 585 1029 621 An
1051 584 1137 628 tibi,
1171 582 1313 635 inquit,
1345 581 1493 620 fabellae
1523 581 1728 620 videntur?
1762 592 1887 619 nonne
1907 579 1955 618 ab

564 654 615 692 A.
631 651 828 690 Postumio
847 649 967 688 aedem
995 649 1141 687 Castori
1160 658 1198 686 et
1218 647 1369 686 Polluci
1390 648 1430 685 in
1451 646 1536 686 foro
1555 647 1767 685 dedicatam
1783 664 1796 691 3
1829 658 1956 684 nonne

565 717 712 757 senatus
732 716 951 755 consultum
972 715 1017 752 de
1038 715 1203 751 Vatieno
1224 713 1329 751 vides
1346 713 1357 749 ?
1391 713 1497 752 Nam
1517 713 1563 751 de
1584 714 1709 765 Sagra,
1730 714 1958 751 Graecorum

565 784 681 822 etiam
700 782 753 820 est
773 782 926 834 vulgare
946 779 1191 832 proverbium
1207 797 1218 823 ς
1252 778 1336 829 qui,
1368 791 1452 829 quae
1471 778 1679 821 affirmant,
1709 777 1869 815 certiora
1886 774 1958 814 effe

566 850 715 893 dicunt,
729 861 846 901 quam
867 846 944 891 illa,
959 859 1043 897 quae
1058 843 1160 897 apud
1176 845 1342 896 Sagram.
1366 843 1444 881 His
1462 843 1582 896 igitur
1599 842 1816 881 auctoribus
1832 853 1960 880 nonne

567 915 681 953 debes
702 913 875 952 moveri?
907 913 1017 950 Tum
1033 911 1162 955 Cotta,
1183 908 1440 954 Rumoribus,
1459 908 1601 961 inquit,
1621 921 1779 948 mecum
1798 917 1961 960 pugnas,

567 980 709 1025 Balbe;
741 992 812 1031 ego
830 987 960 1016 autem
979 990 1000 1016 a
1020 986 1057 1015 te
1076 976 1238 1015 rationes
1257 975 1425 1028 requiro.

622 1046 695 1084 VI.
730 1046 964 1097 Sequuntur,
986 1057 1070 1095 quae
1091 1041 1222 1080 futura
1241 1042 1340 1080 sunt.
1372 1040 1554 1094 Effugere
1573 1040 1679 1079 enim
1699 1052 1815 1079 nemo
1830 1037 1870 1077 id
1889 1050 1962 1091 po-

568 1111 651 1157 test,
687 1110 792 1164 quod
811 1109 990 1149 futurum
1021 1109 1086 1148 est.
1132 1110 1237 1161 Saepe
1255 1117 1385 1147 autem
1416 1121 1464 1146 ne
1487 1107 1583 1146 utile
1605 1106 1766 1159 quidem
1785 1104 1836 1143 est
1856 1103 1962 1149 scire,

568 1176 664 1229 quid
682 1175 859 1214 futurum
875 1175 933 1213 fit.
957 1173 1148 1213 Miserum
1164 1173 1218 1211 est
1231 1173 1351 1217 enim,
1367 1171 1467 1210 nihil
1487 1171 1754 1225 proficientem
1768 1170 1871 1222 angi,
1892 1181 1962 1207 nec

569 1241 707 1280 habere
725 1254 774 1280 ne
793 1240 871 1293 spei
890 1239 1050 1292 quidem
1066 1247 1298 1283 extremum,
1316 1246 1355 1276 et
1374 1246 1501 1276 tamen
1521 1249 1746 1280 commune,
1763 1235 1940 1274 solatium
1950 1252 1963 1280 ς

569 1306 775 1360 praesertim
808 1317 901 1343 cum
920 1317 986 1343 vos
1006 1305 1125 1342 iidem
1144 1303 1225 1341 fato
1248 1303 1330 1341 fieri
1359 1302 1496 1341 dicatis
1514 1303 1645 1340 omnia
1657 1320 1670 1346 ς
1700 1301 1805 1354 quod
1835 1310 1967 1338 autem

570 1372 719 1425 semper
747 1384 795 1409 ex
813 1371 923 1408 omni
953 1369 1160 1408 aeternitate
1188 1382 1322 1406 verum
1352 1367 1483 1412 fuerit,
1512 1367 1551 1405 id
1583 1366 1653 1404 effe
1672 1365 1812 1404 fatum.
1857 1365 1968 1416 Qid

571 1438 690 1491 igitur
703 1438 826 1490 juvat,
847 1445 912 1474 aut
931 1435 1026 1488 quid
1046 1434 1155 1473 affert
1173 1435 1220 1473 ad
1239 1434 1466 1478 cavendum,
1494 1433 1586 1471 scire
1606 1431 1753 1484 aliquid
1772 1430 1967 1476 futurum,

570 1517 663 1542 curn
684 1503 723 1541 id
741 1512 843 1541 certe
863 1501 1041 1540 futurum
1061 1500 1133 1539 fit?
1162 1499 1277 1539 Unde
1292 1513 1405 1553 porro
1425 1498 1492 1537 ista
1511 1497 1725 1536 divinatio?
1755 1497 1842 1550 quis
1858 1497 1968 1535 inve-

572 1570 631 1608 nit
649 1568 775 1607 fifl‘um
801 1568 968 1620 jecoris?
999 1567 1086 1619 quis
1117 1566 1283 1606 cornicis
1303 1575 1462 1605 cantum
1486 1564 1664 1604 notavit?
1700 1563 1788 1616 quis
1820 1563 1967 1602 sortes?

573 1635 714 1688 quibus
733 1647 806 1687 ego
825 1633 937 1671 credo
953 1650 965 1677 ς
995 1644 1066 1669 nec
1085 1631 1236 1684 poffum
1255 1631 1358 1669 Attii
1383 1631 1516 1674 Navii‚
1545 1644 1664 1682 quem
1681 1642 1968 1668 commemora·

574 1701 654 1745 bas,
675 1701 818 1738 lituum
837 1692 1097 1737 contemnere.
1143 1696 1228 1742 Sed,
1250 1696 1318 1749 qui
1335 1695 1404 1734 ista
1421 1694 1615 1734 intellecta
1633 1695 1734 1740 sunt,
1758 1709 1779 1733 a
1798 1694 1968 1748 philoso-

576 1766 662 1819 phis
689 1765 809 1803 debeo
835 1764 989 1808 discere,
1020 1763 1228 1815 praesertim
1248 1776 1340 1800 cum
1360 1762 1539 1816 plurimis
1565 1762 1612 1800 de
1631 1762 1744 1800 rebus
1770 1761 1829 1800 isti
1849 1761 1969 1800 divini

576 1832 825 1871 mentiantur.
856 1832 912 1868 At
931 1829 1069 1868 medici
1092 1841 1246 1881 quoque
1277 1829 1348 1881 (ita
1376 1829 1483 1867 enim
1512 1828 1682 1881 dicebas)
1703 1829 1799 1880 saepe
1825 1827 1970 1865 fallun-

576 1908 653 1937 tur.
695 1897 806 1949 Qid
835 1896 957 1934 fimile
976 1895 1183 1940 medicina,
1209 1895 1319 1947 cujus
1340 1908 1411 1948 ego
1430 1894 1618 1933 rationem
1642 1894 1755 1932 video
1769 1912 1781 1938 ς
1812 1903 1850 1931 et
1870 1894 1971 1931 divi-

578 1965 696 2010 natio,
725 1976 810 2015 quae
830 1962 932 2000 unde
953 1962 1109 2006 oriatur,
1132 1975 1208 2000 non
1228 1961 1405 2015 intelligo
1422 1962 1436 1998 ?
1462 1963 1530 2000 Tu
1544 1970 1675 2000 autem
1693 1960 1810 1999 etiam
1826 1959 1972 1999 Decio·

580 2043 665 2068 rum
696 2027 965 2067 devotionibus
999 2027 1164 2080 placatos
1186 2027 1290 2065 Deos
1320 2027 1391 2065 esse
1421 2027 1562 2065 censes.
1608 2027 1707 2078 Qae
1736 2025 1813 2064 fuit
1838 2038 1973 2063 eorum

581 2106 682 2135 tanta
703 2095 901 2147 iniquitas,
933 2103 974 2132 ut
995 2094 1133 2147 placari
1154 2093 1299 2146 populo
1319 2094 1498 2131 Romano
1525 2105 1601 2131 non
1625 2091 1783 2145 pofl'ent,
1814 2091 1881 2129 nisi
1902 2091 1974 2129 viri

580 2163 671 2202 tales
692 2159 913 2200 occidissent
929 2161 940 2196 ?
964 2160 1180 2198 Confilium
1196 2159 1294 2197 illud
1314 2158 1603 2211 imperatorium
1619 2157 1710 2202 fuit,
1726 2157 1830 2210 quod
1846 2157 1974 2195 Graeci

580 2227 774 2278 gparn'vpypm
794 2226 1000 2280 appellant,
1037 2225 1096 2264 sed
1116 2238 1251 2263 eorum
1271 2225 1561 2277 imperatorum,
1592 2225 1662 2277 qui
1688 2223 1816 2277 patriae
1835 2222 1975 2261 consu-

583 2293 717 2336 lerent,
731 2293 817 2330 vitae
837 2306 915 2331 non
936 2301 1144 2345 parcerent.
1170 2292 1368 2330 Rebantur
1386 2291 1492 2329 enim
1512 2289 1607 2336 fore,
1625 2299 1668 2328 ut
1688 2290 1876 2328 exercitus
1896 2288 1975 2327 im-

585 2367 812 2412 peratorem,
833 2372 932 2411 equo
953 2359 1110 2397 incitato
1129 2357 1164 2396 se
1185 2358 1223 2395 in
1245 2357 1391 2396 hostem
1413 2357 1706 2401 immittentem,
1737 2355 1975 2409 persequere·

585 2435 647 2463 tur
663 2443 674 2469 ;
706 2424 745 2462 id
765 2425 870 2477 quod
889 2424 1029 2463 evenit.
1063 2424 1166 2462 Nam
1190 2424 1311 2462 Fauni
1331 2437 1465 2463 vocem
1485 2423 1667 2475 equidem
1687 2434 1887 2475 nunquam
1907 2434 1975 2459 au·

586 2490 679 2528 divi.
711 2491 822 2536 Tibi,
844 2491 869 2530 si
891 2501 926 2530 te
941 2490 1080 2530 audiffe
1099 2489 1210 2535 dicis,
1231 2489 1408 2529 credam:
1430 2489 1510 2535 etsi,
1535 2490 1686 2529 Faunus
1706 2489 1868 2530 omnino
1883 2486 1976 2541 quid

589 2556 647 2598 slt,
669 2555 806 2595 nescio.
