2330 2983
537 261 612 300 180
948 259 1051 298 DE
1137 258 1520 298 FINIBUS

588 356 697 409 Qid
725 355 875 394 dubitas
897 355 1016 407 igitur
1033 365 1183 394 mutare
1202 355 1391 409 principia
1412 364 1552 393 naturae
1570 355 1583 392 ?
1615 354 1724 407 Qid
1743 354 1849 394 enim
1868 355 1930 394 di-

531 423 602 467 cis,
620 435 735 460 omne
754 421 910 465 animal,
941 421 1053 459 fimul
1085 431 1198 474 atque
1217 421 1261 460 fit
1280 430 1425 466 ortum,
1456 421 1693 473 applicatum
1719 420 1790 459 effe
1815 421 1862 459 ad
1895 421 1933 459 se

532 487 776 540 diligendum
793 505 804 531 ς
835 486 980 539 effeque
1010 487 1050 525 in
1081 487 1115 525 se
1145 487 1402 525 conservando
1430 487 1690 540 occupatum?
1722 486 1831 539 Qin
1858 500 1930 540 po-

532 554 609 591 tius
629 553 682 591 ita
701 553 811 598 dicis,
841 567 957 590 omne
987 553 1128 591 animal
1160 553 1394 606 applicatum
1425 552 1496 590 effe
1524 553 1570 590 ad
1604 553 1656 597 id,
1687 553 1792 605 quod
1818 553 1858 590 in
1887 565 1932 590 eo

532 619 578 656 fit
597 618 807 672 optimum,
838 627 876 656 et
896 618 936 655 in
957 619 1036 670 ejus
1058 619 1171 657 unius
1188 628 1420 671 occupatum
1442 617 1512 655 effe
1534 618 1716 663 custodia,
1749 617 1932 670 reliquas-

533 697 610 736 que
629 694 780 723 naturas
800 683 899 722 nihil
919 683 1021 721 aliud
1041 697 1162 736 agere,
1186 684 1252 722 nifi
1275 694 1317 721 ut
1334 684 1372 721 id
1392 684 1627 728 conservent,
1650 684 1755 736 quod
1774 684 1814 722 in
1835 697 1931 736 qua-

532 763 610 802 que
629 751 826 803 optimum
847 749 919 787 fit?
940 763 1018 801 quo
1039 749 1155 788 modo
1175 759 1304 787 autem
1320 750 1532 801 optimum,
1550 749 1576 786 fi
1592 750 1739 787 bonurn
1757 743 1937 802 praeterea

532 815 690 854 nullum
708 815 760 853 est
778 816 792 852 ?
823 815 848 852 fi
869 823 998 851 autem
1033 814 1179 865 reliqua
1197 814 1408 866 appetenda
1427 813 1527 857 sunt,
1558 827 1639 858 cur,
1673 813 1779 865 quod
1796 813 1850 851 est
1868 813 1933 851 ul·

532 881 678 918 timum
699 893 828 918 rerum
847 879 1162 932 appetendarum,
1192 879 1232 916 id
1252 892 1329 917 non
1350 887 1415 916 aut
1433 891 1480 916 ex
1501 878 1682 916 omnium
1703 891 1848 923 mrum,
1868 887 1935 917 aut

531 959 581 984 ex
599 946 856 999 plurimarum
871 954 909 982 et
929 945 1188 983 maximarum
1207 945 1442 997 appetitione
1461 944 1734 982 concluditur?
1757 945 1815 982 Ut
1834 943 1933 983 Phi-

533 1011 612 1049 dias
648 1011 769 1064 potest
788 1023 809 1048 a
839 1010 968 1063 primo
999 1009 1195 1048 instituere
1224 1009 1392 1061 iignum,
1426 1009 1545 1062 idque
1575 1009 1780 1062 perficere5
1810 1009 1934 1063 potest

532 1077 581 1115 ab
611 1077 687 1115 alio
720 1075 947 1115 inchoatum
978 1077 1146 1128 accipere
1166 1085 1203 1114 et
1223 1075 1427 1114 absolvere.
1477 1076 1586 1114 Huic
1611 1075 1666 1114 est
1684 1075 1864 1129 sapientia
1883 1075 1934 1114 fi-

532 1143 654 1182 milis.
700 1143 796 1182 Non
814 1143 919 1180 enim
940 1141 1017 1194 ipsa
1035 1142 1170 1194 genuit
1188 1140 1405 1186 hominem,
1428 1141 1490 1179 sed
1510 1141 1656 1194 accepit
1676 1155 1696 1179 a
1716 1151 1849 1179 natura
1867 1142 1932 1180 in-

532 1207 743 1253 choatum5
775 1207 874 1245 hanc
905 1207 1072 1251 intuens,
1106 1206 1219 1244 debet
1248 1206 1470 1244 institutum
1499 1206 1614 1250 illud,
1644 1206 1746 1258 quasi
1765 1206 1930 1259 fignmn,

532 1272 736 1312 absolvere.
769 1272 937 1324 Qalem
966 1272 1084 1324 igitur
1109 1281 1241 1310 natura
1268 1270 1472 1310 hominem
1503 1271 1729 1310 inchoavit?
1760 1281 1801 1309 et
1827 1273 1932 1324 quod

532 1339 585 1377 est
605 1352 762 1383 munu5‚
795 1337 901 1390 quod
920 1350 1030 1390 opus,
1062 1336 1279 1389 sapientiae?
1310 1337 1405 1389 quid
1425 1337 1492 1382 est,
1519 1337 1625 1389 quod
1650 1337 1697 1375 ab
1727 1350 1771 1375 ea
1789 1338 1933 1376 absolvi

531 1413 570 1442 et
589 1403 721 1456 perfici
741 1402 903 1440 debeat?
935 1403 972 1440 Si
992 1400 1092 1439 nihil
1112 1401 1153 1439 in
1173 1415 1218 1440 eo
1237 1402 1395 1454 quidem
1416 1401 1694 1454 perficiendum
1711 1402 1776 1447 est,
1798 1410 1934 1455 praeter

532 1479 688 1508 motum
718 1469 865 1522 ingenii
899 1467 1107 1519 quendam,
1139 1467 1179 1506 id
1208 1467 1274 1513 est,
1305 1468 1492 1506 rationem
1508 1486 1520 1512 3
1566 1468 1708 1507 neceffe
1741 1468 1808 1513 est,
1837 1467 1933 1508 huic

531 1537 719 1575 ultimum
738 1534 821 1580 effe,
842 1548 888 1573 ex
907 1535 1048 1572 virtute
1076 1534 1196 1571 vitam
1217 1533 1370 1586 fingere.
1414 1534 1590 1572 Rationis
1610 1535 1726 1573 etiam
1748 1533 1934 1587 perfectio

530 1603 584 1642 est
604 1603 738 1641 virtus.
771 1601 808 1640 Si
828 1599 942 1645 nihil,
976 1600 1217 1653 nificorpus,
1240 1600 1389 1638 summa
1408 1610 1520 1638 erunt
1544 1601 1622 1645 illa,
1645 1601 1836 1646 valetudo,
1865 1615 1931 1640 va-

531 1669 653 1707 cuitas
674 1667 829 1711 doloris,
860 1664 1126 1720 pulchritudo,
1145 1675 1183 1703 et
1202 1675 1347 1704 caetera.
1380 1666 1500 1704 Nunc
1520 1666 1566 1704 de
1586 1665 1757 1705 hominis
1778 1667 1934 1706 summo

533 1735 635 1772 bono
655 1733 852 1786 quaeritur.

585 1800 698 1838 XIV.
736 1799 844 1851 Qxid
874 1811 965 1850 ergo
984 1797 1206 1836 dubitamus
1238 1798 1277 1835 in
1300 1808 1378 1836 tota
1397 1799 1477 1850 ejus
1498 1808 1631 1836 natura
1650 1812 1816 1851 quaerere
1836 1800 1933 1852 quid

531 1867 574 1905 fit
594 1865 773 1904 effectum
791 1865 803 1901 ?
826 1866 931 1903 Cum
947 1866 1053 1903 enim
1069 1864 1213 1902 constet
1229 1866 1327 1903 inter
1347 1878 1495 1910 omnes,
1517 1879 1633 1903 omne
1648 1865 1822 1904 officium
1841 1879 1932 1903 mu-

532 1931 678 1983 nusque
699 1931 886 1983 sapientiae
917 1930 956 1967 in
978 1929 1149 1968 hominis
1170 1931 1280 1967 cultu
1299 1930 1368 1968 effe
1394 1940 1656 1982 occupatum5
1687 1931 1750 1968 alii
1773 1932 1839 1982 (ne
1868 1945 1933 1970 me

530 1997 723 2036 existimes
744 2005 877 2034 contra
897 1996 1043 2033 Stoicos
1065 1995 1187 2033 solum
1209 1996 1351 2047 dicere)
1379 2010 1437 2033 eas
1459 1996 1660 2033 sententias
1681 1996 1859 2042 afferunt,
1888 2007 1932 2036 ut

532 2064 729 2102 summum
761 2062 909 2100 bonum
944 2062 982 2099 in
1009 2075 1054 2098 eo
1087 2075 1223 2113 genere
1256 2072 1413 2114 ponant,
1445 2062 1549 2113 quod
1571 2062 1615 2099 fit
1639 2071 1745 2100 extra
1767 2062 1932 2102 nostram

532 2129 770 2183 potestatem,
802 2137 984 2180 tanquam
1011 2127 1057 2165 de
1087 2129 1242 2166 animali
1277 2129 1407 2180 aliquo
1434 2128 1667 2180 loquantur:
1700 2129 1761 2166 alii
1783 2140 1930 2174 contra,

532 2197 635 2249 quasi
656 2196 810 2234 nullum
831 2208 969 2247 corpus
991 2195 1034 2232 sit
1056 2193 1238 2239 hominis,
1272 2196 1335 2239 ita,
1368 2205 1499 2247 praeter
1525 2196 1716 2239 animum,
1739 2195 1835 2233 nihil
1857 2210 1929 2234 cu-

532 2272 642 2307 rant;
675 2275 766 2299 cum
788 2260 994 2313 praesertim
1018 2259 1093 2312 ipsc
1114 2274 1269 2312 quoque
1289 2261 1440 2298 animus
1458 2275 1533 2298 non
1555 2261 1665 2298 inane
1690 2261 1814 2299 nescio
1835 2263 1930 2313 quid

532 2329 590 2372 sit,
610 2329 753 2379 (neque
773 2327 879 2365 enim
896 2326 933 2364 id
951 2326 1099 2378 possum
1124 2327 1352 2379 intelligere)
1372 2327 1430 2364 sed
1452 2327 1490 2364 in
1508 2328 1675 2379 quodam
1690 2341 1826 2380 genere
1842 2342 1929 2366 cor-

535 2395 660 2446 poris;
693 2402 735 2431 ut
757 2407 802 2431 ne
823 2394 854 2431 is
875 2393 1033 2445 quidem
1055 2393 1195 2430 virtute
1217 2407 1289 2430 nna
1309 2403 1512 2431 contentus
1536 2394 1591 2437 snt,
1615 2394 1673 2432 sed
1694 2404 1845 2446 appetat
1863 2408 1929 2432 va-

533 2461 717 2498 cuitatem
735 2459 888 2498 doloris.
923 2460 1186 2512 Qamobrem
1210 2461 1360 2512 utrique
1383 2460 1483 2497 idem
1506 2459 1666 2505 faciunt,
1687 2470 1729 2497 ut
1750 2460 1774 2498 si
1797 2460 1929 2498 laevam

535 2536 679 2579 purtem
703 2526 951 2578 negligerent,
973 2525 1166 2563 dexteram
1189 2535 1406 2567 merentum
1438 2536 1500 2562 aut
1523 2526 1635 2577 ipsius
1656 2526 1789 2570 animi,
1812 2535 1853 2563 ut
1871 2525 1928 2563 se-

534 2592 589 2631 cit
610 2591 799 2636 Herillus,
821 2591 1084 2645 cognitionem
1105 2591 1426 2645 amplexarentur,
1447 2592 1635 2630 actionem
1657 2592 1926 2644 relinquerent.
