2330 2983
470 217 545 270 376
779 214 1557 254 TUSCULANARUM

465 317 546 356 Hic
566 324 692 354 autem
708 315 897 357 vincetur,
920 321 962 350 ut
982 313 1062 351 dixi
1079 331 1091 358 ς
1123 326 1194 352 nee
1214 314 1332 353 modo
1350 314 1539 359 vincetur,
1561 313 1622 353 sed
1642 315 1758 354 etiam
1780 316 1856 355 ser-

463 385 552 422 viet.
597 385 654 420 At
678 394 747 419 nos
767 380 950 418 virtutem
979 379 1125 432 semper
1144 380 1302 419 liberam
1328 381 1522 426 volumus,
1553 381 1700 434 semper
1729 382 1856 421 invic-

463 460 556 488 tam.
579 449 677 499 Qae
689 447 760 486 nifi
780 445 880 490 sunt,
901 445 1045 484 sublata
1065 447 1184 485 virtus
1204 447 1269 485 est.

517 514 656 567 Atqui,
691 513 717 551 fi
738 513 778 551 in
804 513 946 551 virtute
976 512 1061 552 satis
1081 513 1134 551 est
1154 513 1312 564 praefidii
1332 512 1376 551 ad
1396 513 1491 552 bene
1517 513 1739 558 vivendum,
1772 513 1856 552 satis

461 581 515 620 est
533 581 649 618 etiam
670 579 715 617 ad
736 579 855 617 beate.
889 579 982 618 Satis
1001 579 1055 617 est
1073 579 1179 617 enim
1196 588 1298 617 certe
1317 579 1357 617 in
1378 579 1530 624 virtute,
1563 588 1605 617 ut
1624 578 1775 617 fortiter
1794 579 1854 616 vi-

461 659 609 684 vamus.
656 645 694 683 Si
722 643 885 689 fortiter,
917 644 1033 683 etiam
1055 653 1098 682 ut
1125 657 1267 696 magno
1285 645 1429 688 animo,
1450 654 1488 683 et
1507 645 1668 697 quidem
1687 654 1731 682 ut
1750 644 1858 682 nulla

461 724 500 749 re
521 723 691 761 unquam
710 719 930 753 terreamur,
951 708 1174 761 semperque
1191 709 1306 746 fimus
1323 709 1469 746 invicti.
1489 709 1681 760 Sequitur,
1699 719 1743 747 ut
1755 708 1854 747 nihil

460 775 657 828 poeniteat‚
689 772 788 818 nihil
803 773 910 817 defit,
939 772 1037 811 nihil
1053 772 1188 810 obstet.
1233 773 1339 824 Ergo
1358 773 1490 810 omnia
1509 772 1755 825 profluenter,
1784 774 1853 811 ab-

460 840 593 883 solute,
614 838 811 891 prospere:
843 839 961 890 igitur
980 838 1100 876 beate.
1147 837 1243 875 Satis
1263 846 1393 875 autem
1413 837 1458 875 acl
1478 836 1629 876 fortiter
1647 837 1855 876 vivendum

460 905 579 942 virtus
601 903 722 956 potest
739 918 748 941 :
781 903 866 941 satis
886 916 976 956 ergo
995 903 1112 941 etiam
1133 902 1178 940 ad
1198 901 1318 940 beate.
1351 903 1510 940 Etenim
1531 912 1574 940 ut
1594 902 1768 948 stultitia,
1788 902 1856 943 etfi

461 970 594 1022 adepta
613 969 664 1006 est
684 967 787 1021 quod
808 969 1045 1021 concupivit,
1076 981 1276 1023 nunquam
1296 967 1332 1006 se
1351 975 1481 1005 tamen
1503 967 1589 1006 fatis
1609 968 1854 1008 consecutam

458 1044 567 1089 putat
580 1053 592 1079 ς
609 1034 659 1072 fic
680 1033 860 1086 sapientia
881 1033 1026 1086 semper
1045 1047 1091 1072 eo
1109 1043 1291 1073 contenta
1308 1032 1360 1072 est
1375 1032 1481 1084 quod
1499 1032 1614 1077 adest,
1630 1046 1754 1086 neque
1769 1046 1854 1071 eam

461 1113 634 1153 unquam
655 1099 710 1137 sui
729 1099 906 1151 poenitet.

513 1166 626 1204 XIX.
658 1163 884 1203 Similemne
905 1171 1013 1215 putas
1035 1164 1084 1202 C.
1107 1163 1216 1202 Laelii
1236 1177 1359 1202 unum
1389 1163 1634 1203 consulatum
1662 1162 1786 1209 fuisse,
1815 1173 1855 1203 et

456 1244 548 1269 eum
565 1229 724 1281 quidem
745 1241 838 1266 curn
857 1228 1026 1279 repulsa;
1061 1228 1120 1278 (si,
1141 1241 1233 1266 cum
1254 1228 1398 1280 sapiens
1425 1239 1464 1267 et
1481 1229 1605 1268 bonus
1631 1229 1702 1273 vir,
1729 1230 1853 1281 qualis

457 1296 522 1334 ille
541 1295 632 1340 fuit,
668 1293 854 1346 suffragiis
874 1293 1099 1346 praeteritur,
1127 1306 1204 1331 non
1223 1293 1391 1346 populus
1417 1306 1439 1331 a
1456 1293 1560 1331 bono
1586 1293 1754 1332 Consule
1780 1308 1853 1347 po-

457 1363 548 1405 tius,
580 1374 697 1413 quarn
719 1359 784 1397 ille
804 1372 824 1397 a
853 1371 950 1396 vano
971 1358 1130 1410 popu10,
1157 1357 1344 1410 repulsam
1375 1357 1467 1410 fert)
1490 1357 1552 1396 sed
1572 1367 1700 1396 tamen
1721 1358 1854 1399 utrum

457 1428 605 1472 malles,
627 1437 678 1471 te,
709 1426 735 1464 sl
755 1424 915 1479 potestas
935 1424 1038 1469 esset,
1059 1424 1188 1468 semel,
1214 1432 1257 1462 ut
1276 1423 1459 1469 Laelium,
1481 1423 1706 1469 Consulem,
1727 1438 1788 1471 an,
1811 1436 1854 1465 ut

458 1495 641 1537 Cinnam,
673 1491 832 1544 quater?
879 1490 974 1529 Non
993 1490 1144 1534 dubito,
1174 1499 1216 1527 tu
1236 1490 1331 1542 quid
1358 1489 1600 1543 responsurus
1620 1490 1693 1530 fis:
1723 1491 1856 1544 itaque

458 1560 582 1603 video,
597 1559 659 1596 cui
671 1557 933 1595 committam.
952 1556 1046 1594 Non
1064 1555 1240 1607 quemvis
1253 1555 1329 1593 hoc
1344 1555 1448 1594 idem
1464 1557 1752 1608 interrogarem.
1770 1559 1853 1596 Re-

458 1625 655 1678 sponderet
674 1624 781 1661 enim
799 1623 893 1660 alius
911 1621 1075 1666 fortasse,
1092 1622 1127 1660 se
1147 1635 1223 1660 non
1240 1621 1359 1659 modo
1372 1631 1536 1673 quatuor
1551 1621 1769 1661 consulatus
1785 1625 1852 1662 uni

457 1701 685 1744 anteponere
697 1707 708 1734 ;
741 1688 803 1726 sed
821 1701 944 1726 unum
964 1688 1068 1726 diem
1097 1689 1248 1732 Cinnae,
1279 1688 1496 1726 multorum
1515 1698 1553 1726 et
1573 1689 1765 1727 clarorum
1789 1691 1852 1728 vi-

459 1769 588 1795 rorum
609 1755 699 1794 totis
722 1754 909 1793 aetatibus.
969 1753 1128 1798 Laelius,
1156 1753 1184 1791 fi
1214 1753 1338 1804 digito
1357 1766 1474 1806 quem
1501 1753 1694 1806 attigisset,
1721 1768 1852 1806 poenas

458 1821 626 1861 dediffet.
660 1824 713 1860 At
734 1821 874 1864 Cinna,
904 1819 1061 1872 collegae
1075 1819 1147 1864 sui,
1179 1819 1358 1858 Consulis
1390 1820 1466 1857 Cn.
1499 1819 1669 1863 octavii,
1697 1820 1852 1872 praecidi

460 1897 575 1941 caput
599 1887 720 1939 jussit,
752 1887 796 1924 P.
831 1885 962 1930 eram,
994 1886 1042 1923 L.
1072 1885 1240 1930 Caesaris‚
1272 1884 1598 1923 nobilissimorum
1628 1883 1850 1931 hominum,

459 1966 627 2006 quorum
662 1953 782 1990 virtus
815 1950 938 1988 fuerat
966 1950 1074 1988 domi
1105 1951 1334 2002 militiaeque
1366 1951 1548 2003 cognita;
1579 1950 1645 1989 M.
1671 1952 1849 1996 Antonii,

454 2020 632 2058 omnium
659 2016 970 2069 eloquentiffimi,
995 2030 1091 2068 quos
1111 2029 1184 2068 ego
1202 2016 1416 2060 audierim3
1449 2017 1497 2053 C.
1521 2015 1689 2059 Caesaris,
1711 2016 1750 2054 in
1771 2030 1851 2068 quo

459 2084 559 2125 mihi
593 2085 743 2122 videtur
777 2082 884 2121 fuisse
904 2083 1095 2136 specimen
1127 2081 1392 2126 humanitatis,
1424 2081 1521 2127 salis,
1552 2081 1757 2126 suavitatis,
1788 2083 1845 2120 le-

458 2151 575 2205 poris.
626 2149 807 2188 Beatusne
842 2149 973 2201 igitur,
1009 2148 1076 2201 qui
1105 2145 1176 2186 hos
1211 2146 1402 2185 interfecit
1420 2147 1434 2184 ?
1470 2146 1577 2185 Mihi
1609 2156 1745 2185 contra
1773 2162 1849 2186 non

460 2216 583 2255 solum
603 2216 648 2253 οὸ
677 2215 825 2253 videtur
846 2214 970 2260 miser,
1001 2213 1105 2266 quod
1137 2227 1180 2253 ea
1210 2211 1330 2257 fecit;
1363 2212 1423 2251 sed
1456 2214 1571 2251 etiam
1601 2213 1707 2265 quod
1737 2213 1787 2250 ita
1815 2214 1849 2251 se

457 2281 579 2334 geffit,
611 2290 653 2319 ut
683 2293 724 2318 ea
757 2278 878 2318 facere
909 2279 942 2316 ej
976 2279 1132 2317 liceret:
1167 2278 1232 2317 etfi
1264 2291 1417 2331 peccare
1451 2278 1595 2316 nemini
1627 2278 1730 2316 licet.
1777 2279 1847 2316 Sed

460 2346 641 2385 sermonis
661 2358 783 2383 errore
802 2344 982 2384 labimur.
1029 2344 1073 2383 Id
1096 2344 1200 2382 enim
1223 2344 1336 2382 licere
1361 2343 1541 2387 dicimus,
1572 2343 1676 2396 quod
1706 2343 1848 2396 cuique

458 2411 694 2451 conceditur.

514 2475 657 2513 Utriim
675 2475 828 2514 tandem
847 2474 991 2513 beatior
1009 2474 1056 2512 C.
1076 2473 1239 2518 Marius,
1254 2483 1338 2512 tum
1359 2487 1450 2512 cum
1465 2473 1672 2513 Cimbricae
1683 2472 1848 2511 victoriae

458 2541 621 2594 gloriam
650 2555 743 2580 cum
774 2541 920 2595 collega
940 2540 1081 2580 Catulo
1109 2540 1426 2587 communicavit,
1458 2554 1553 2594 pene
1573 2540 1690 2579 altero
1708 2538 1843 2582 Laelio,
