2330 2983
677 278 952 319 LIBER
1016 278 1374 318 PRIMUS.
1647 294 1718 331 241

333 379 613 434 principiorum
628 377 715 417 efl'et
727 379 968 431 complexus,
981 391 1001 416 e
1017 378 1156 431 quibus
1177 379 1308 417 omnia
1326 379 1528 425 orirentur,
1546 380 1723 432 quintam

334 445 528 498 quandam
550 453 723 483 naturam
742 443 866 482 censet
886 444 969 488 effe,
991 457 1011 481 e
1031 457 1106 495 qua
1125 444 1169 481 fit
1188 457 1310 481 mens.
1349 445 1528 496 cogitare
1547 447 1666 491 enim,
1687 458 1725 485 et

333 510 543 563 providere,
565 519 603 549 et
622 509 774 553 discere,
795 517 833 546 et
852 509 1000 554 docere,
1021 517 1058 546 et
1077 509 1246 546 invenire
1265 508 1424 560 aliquid,
1446 519 1484 547 et
1503 521 1581 549 tam
1604 513 1727 550 multa

333 574 419 620 alia,
450 572 678 619 meminisse,
699 585 838 618 amare,
858 572 987 618 odiffe,
1008 586 1159 625 cupere,
1181 573 1331 618 timere,
1359 575 1461 626 angi,
1483 575 1598 614 laetari
1611 596 1623 622 3
1645 577 1726 616 haec

333 647 372 676 et
402 639 539 677 similia
556 651 692 677 eorum
722 638 762 676 in
782 637 924 676 horum
943 646 1107 690 quatuor
1131 650 1316 689 generum
1338 639 1445 677 nullo
1464 640 1577 678 ineffe
1604 652 1724 694 putat.

335 705 535 756 Qintum
553 717 674 757 genus
693 703 865 748 adhibet,
895 717 1030 742 vacans
1050 704 1207 742 nomine
1222 723 1233 749 5
1264 713 1302 740 et
1322 704 1370 741 fic
1391 705 1517 757 ipsum
1537 708 1727 753 animum,

335 764 528 815 ὲνὸελεχε-ωιν
546 769 711 824 appellat
731 783 831 808 novo
847 770 1019 815 nomine,
1037 771 1139 823 quafi
1156 770 1347 823 quandam
1363 773 1625 812 continuatam
1640 788 1727 813 mo-

336 835 484 873 tionem
503 845 541 874 et
560 848 783 888 perennem.

392 901 477 939 Nifi
498 914 582 953 quae
612 914 675 939 me
694 900 794 939 forte
823 899 994 954 fugiunt,
1024 899 1083 939 hae
1103 900 1189 939 sunt
1220 899 1297 940 fere
1315 903 1495 941 omnium
1526 904 1572 942 de
1601 905 1731 944 animo

337 965 542 1004 sententiae.
566 967 840 1004 Democritum
859 966 979 1011 enim,
1001 979 1188 1018 magnum
1201 967 1360 1018 quidem
1381 967 1495 1006 illum
1511 970 1651 1015 virum,
1670 971 1732 1009 sed

338 1031 486 1069 levibus
515 1039 554 1069 et
586 1030 760 1069 rotundis
792 1031 1027 1084 corpusculis
1066 1031 1299 1070 efficientem
1337 1033 1514 1072 animum
1548 1036 1734 1075 concursu

337 1097 507 1149 quodam
536 1095 712 1141 fortuito,
734 1096 972 1135 omittamus.
1018 1095 1134 1135 Nihil
1153 1096 1206 1134 est
1235 1097 1341 1135 enim
1372 1099 1472 1151 apud
1492 1099 1594 1145 istos,
1629 1102 1735 1153 quod

338 1175 417 1202 non
447 1173 667 1202 atomorum
697 1163 809 1201 turba
838 1162 1032 1202 conficiat.
1080 1164 1234 1202 Harum
1254 1164 1525 1203 sententiarum
1546 1181 1629 1219 quae
1650 1181 1736 1206 vera

340 1229 399 1274 fit,
421 1229 529 1267 Deus
549 1228 688 1281 aliquis
707 1228 845 1267 viderit
860 1247 872 1274 ς
905 1242 989 1280 quae
1008 1229 1298 1274 verisimillima,
1332 1243 1471 1283 magna
1489 1233 1645 1284 quaestio
1667 1234 1733 1272 est.

340 1294 487 1334 Utrum
503 1295 621 1348 igitur
640 1296 739 1333 inter
758 1294 825 1333 has
841 1295 1041 1333 sententias
1062 1295 1112 1347 dij
1120 1295 1269 1333 udicare
1286 1296 1495 1342 malumus,
1517 1311 1563 1336 an
1584 1299 1629 1337 ad
1644 1313 1734 1353 pro-

341 1361 508 1415 positum
529 1361 647 1399 redire
665 1362 678 1398 ?

388 1427 460 1465 XI.
483 1428 718 1465 Aunwon.
741 1427 934 1479 Cuperem
948 1426 1374 1480 equidemutrumque,
1402 1428 1428 1466 fi
1448 1429 1589 1481 poffet:
1609 1429 1670 1468 sed
1686 1431 1738 1469 est

340 1492 500 1531 difficile
520 1505 596 1530 non
612 1491 861 1530 confundere.
885 1493 1014 1543 Qare
1033 1492 1073 1537 fi,
1089 1501 1132 1530 ut
1151 1492 1218 1530 ista
1232 1506 1310 1530 non
1330 1493 1564 1540 differantur,
1586 1495 1737 1534 liberari

342 1558 479 1597 mortis
510 1567 618 1596 metu
637 1557 849 1610 poffumus,
879 1557 918 1595 id
939 1570 1109 1610 agamus.
1153 1558 1218 1596 Sin
1249 1558 1290 1596 id
1323 1572 1401 1597 non
1421 1559 1557 1612 potest,
1578 1562 1646 1599 nisi
1667 1561 1738 1600 hac

341 1623 547 1677 quaestione
580 1623 800 1661 animorum
833 1624 1034 1676 explicata,
1064 1637 1182 1668 nunc,
1226 1624 1252 1662 s1
1287 1625 1451 1671 videtur,
1486 1625 1561 1664 hoc
1577 1645 1589 1672 3
1625 1628 1738 1673 illud,

341 1690 446 1729 alias.
496 1690 711 1729 MARCUS.
743 1690 863 1742 Qod
882 1690 997 1728 malle
1016 1699 1053 1728 te
1073 1690 1266 1743 intelligO,
1294 1691 1334 1729 id
1355 1702 1451 1744 puto
1470 1692 1541 1730 effe
1560 1707 1740 1733 commo-

342 1755 443 1795 dius.
503 1756 658 1794 Efficiet
678 1756 784 1794 enim
804 1756 913 1800 ratio,
942 1765 986 1794 ut
1006 1769 1246 1808 quaecunque
1271 1770 1356 1795 vera
1375 1757 1420 1795 fit
1439 1771 1569 1796 earum
1589 1759 1740 1798 senten-

343 1822 499 1866 tiarum,
534 1833 627 1873 quas
655 1821 827 1874 exposui,
855 1834 959 1859 mors
979 1830 1043 1858 aut
1062 1821 1211 1859 malum
1241 1835 1318 1860 non
1338 1822 1396 1867 fit,
1427 1832 1492 1861 aut
1517 1823 1562 1862 fit
1593 1824 1742 1864 bonurn

344 1887 488 1940 potius.
521 1887 627 1925 Nam
648 1886 675 1924 fi
695 1900 775 1932 cor,
794 1895 859 1924 aut
883 1886 1046 1939 sanguis,
1063 1895 1127 1924 aut
1148 1887 1347 1925 cerebrum
1368 1888 1420 1926 est
1439 1889 1604 1934 animus,
1627 1900 1741 1936 certe,

344 1953 530 2005 quoniam
550 1952 603 1990 est
622 1964 774 2005 corpus,
796 1952 969 1990 interibit
988 1965 1080 1990 cum
1100 1952 1249 2005 reliquo
1268 1966 1425 2006 corpore
1441 1968 1450 1992 ε
1481 1954 1508 1992 fi
1529 1955 1656 1993 anima
1673 1955 1741 2000 est,

344 2017 496 2056 fortasse
513 2017 753 2070 diffipabitur
766 2036 778 2063 ⁵
810 2017 836 2055 fi
851 2018 967 2070 ignis,
999 2017 1245 2070 extinguetur
1257 2037 1268 2063 ;
1301 2018 1327 2057 fi
1346 2018 1398 2057 est
1413 2019 1631 2059 Aristoxeni
1651 2019 1741 2059 har-

346 2084 489 2129 monia,
511 2083 744 2122 dissolvetur.
776 2084 884 2137 Qid
905 2084 950 2122 de
970 2083 1196 2122 Dicaearcho
1215 2084 1356 2130 dicam,
1376 2086 1444 2138 qui
1463 2085 1562 2124 nihil
1581 2087 1743 2125 omnino

346 2150 521 2188 animum
541 2150 643 2188 dicat
663 2150 764 2188 effe?
794 2150 872 2189 His
904 2150 1098 2189 sententiis
1132 2151 1313 2189 omnibus
1335 2150 1434 2190 nihil
1464 2153 1546 2205 post
1576 2163 1742 2191 mortem

346 2216 535 2268 pertinere
568 2216 615 2253 ad
649 2229 886 2268 quemquam
907 2216 1041 2268 potest.
1088 2216 1231 2254 Pariter
1261 2217 1366 2256 enim
1397 2231 1489 2256 cum
1517 2219 1593 2256 vita
1619 2219 1742 2257 sensus

348 2281 553 2319 amittitur.
585 2281 679 2319 Non
696 2281 890 2320 sentientis
908 2290 1050 2327 autem,
1068 2281 1166 2321 nihil
1188 2283 1253 2327 est,
1269 2284 1388 2321 ullam
1410 2285 1449 2321 in
1471 2294 1616 2336 partem
1640 2285 1742 2336 quod

349 2347 505 2385 interfit.
538 2347 797 2399 Reliquorum
817 2347 1008 2386 sententiae
1029 2348 1133 2401 spem
1154 2348 1330 2394 afferunt,
1363 2351 1387 2387 fi
1406 2360 1442 2387 te
1463 2349 1559 2388 forte
1580 2349 1654 2388 hoc
1676 2350 1742 2388 de-

350 2412 474 2456 lthat,
506 2411 606 2464 posse
625 2412 788 2457 animos,
823 2426 916 2451 cum
949 2427 969 2450 e
999 2415 1224 2466 corporibus
1254 2414 1487 2459 excesserint,
1520 2415 1560 2452 in
1590 2415 1742 2459 caelum,

350 2477 452 2531 quasi
475 2477 515 2515 in
536 2477 783 2517 domicilium
800 2478 925 2524 suum,
947 2480 1154 2532 pervenire.

396 2545 631 2583 Aumron.
650 2544 720 2582 Me
735 2559 823 2584 vero
841 2545 999 2584 delectat
1012 2563 1024 2591 ς
1046 2545 1177 2598 idque,
1199 2544 1384 2599 primum,
1402 2547 1454 2583 ita
1473 2546 1542 2585 effe
1558 2565 1569 2591 5
1592 2546 1743 2591 deinde,

451 2610 490 2649 T
504 2623 528 2648 0
544 2622 595 2649 M.
627 2610 681 2649 11.
1356 2613 1396 2651 H
1418 2612 1445 2650 h
