2330 2983
644 236 961 274 LIBER
1032 238 1445 277 PRIMUS.
1698 242 1746 292 63

356 333 553 377 inchoasti,
602 332 648 370 ad
686 332 967 384 impellendum
1006 333 1116 378 satis,
1161 334 1206 371 ad
1245 334 1484 372 edocendum
1515 348 1662 386 parum.

410 397 573 436 Causam
593 406 721 434 autem
740 396 980 448 probabilem
1009 406 1053 435 tu
1073 398 1232 449 quidem
1252 398 1359 437 affers
1379 414 1387 437 ι
1419 408 1483 437 aut
1508 401 1612 438 enim
1635 401 1743 438 Grae-

353 476 397 501 ca
416 463 539 515 legere
572 462 730 506 malent,
759 463 827 513 qui
857 471 969 499 erunt
1001 463 1167 507 eruditi;
1199 473 1263 501 aut
1292 478 1339 501 ne
1367 464 1448 502 haec
1475 466 1647 517 quidem,
1678 468 1747 518 qui

353 528 420 565 illa
437 527 623 565 nesciunt.
683 527 755 564 Sed
774 527 820 564 da
839 526 939 564 mihi
959 540 1077 572 nunc,
1108 527 1239 565 satisne
1259 529 1421 580 probas?
1454 530 1582 567 Immo
1602 544 1690 568 vero
1709 541 1746 568 et

352 591 448 637 haec,
479 592 546 645 qui
576 592 642 629 illa
662 605 738 629 non
759 601 968 643 poterunt,
999 602 1038 629 et
1067 593 1135 644 qui
1156 593 1291 630 Graeca
1316 603 1512 646 poterunt,
1543 608 1619 633 non
1650 609 1744 632 con-

352 667 528 696 temnent
548 658 622 696 sua.
683 657 792 709 Qid
810 658 914 695 enim
935 657 1051 696 causae
1071 658 1137 703 est,
1168 672 1237 696 cur
1262 669 1392 711 poetas
1413 660 1572 698 Latinos
1601 661 1745 698 Graecis

352 725 472 763 literis
492 725 630 762 eruditi
651 724 791 776 legant,
824 723 1072 776 philosophos
1094 738 1173 763 non
1204 724 1357 777 legant?
1388 727 1451 764 An
1473 726 1562 778 quia
1586 726 1746 764 delec'tat

353 791 518 836 Ennius,
540 790 742 834 Pacuvius,
772 791 930 835 Accius,
962 790 1078 828 multi
1105 791 1182 835 alii,
1208 792 1277 843 qui
1297 805 1374 829 non
1395 792 1521 836 verba,
1552 792 1614 829 sed
1649 793 1744 836 vim,

355 857 581 895 Graecorum
616 855 873 908 expresserunt
903 857 1132 908 poetarum?
1176 857 1332 909 Qanto
1366 857 1487 909 magis
1525 856 1747 909 philosophi

353 922 610 966 delectabunt,
641 921 681 966 fi,
717 930 760 958 ut
793 921 851 958 illi
871 920 1115 972 AEschylum,
1144 921 1390 974 Sophoclem,
1422 923 1665 974 Euripidem,
1695 923 1746 961 fic

353 985 394 1024 hi
422 987 624 1024 Platonem
654 986 869 1032 imitentur,
900 986 1160 1031 Aristotelem,
1191 985 1534 1039 Theophrastum?
1567 988 1746 1026 Oratores

352 1053 510 1104 quidem
530 1051 674 1090 laudari
692 1052 816 1096 video,
846 1051 873 1089 fi
893 1052 961 1104 qui
981 1065 1002 1089 e
1035 1052 1169 1090 nostris
1190 1053 1432 1104 Hyperidem
1451 1053 1536 1097 fint,
1571 1061 1636 1090 aut
1662 1054 1745 1091 De-

352 1117 593 1165 mosthenem
613 1117 768 1155 imitati.
815 1117 901 1169 Ego
921 1126 1049 1154 autem
1073 1117 1217 1168 (dicam
1250 1118 1370 1162 enim,
1401 1127 1444 1156 ut
1474 1130 1530 1155 res
1550 1117 1620 1169 est)
1652 1118 1746 1157 dum

351 1198 416 1223 me
450 1184 625 1229 ambitio,
656 1183 751 1221 dum
784 1182 962 1228 honores,
999 1183 1094 1221 dum
1125 1183 1255 1228 causae,
1286 1184 1381 1222 dum
1414 1184 1633 1236 reipublicae
1663 1198 1744 1234 *non

351 1249 476 1288 solum
495 1263 599 1293 cura,
629 1248 691 1286 sed
720 1248 894 1300 quaedam
915 1249 1030 1286 etiam
1050 1249 1267 1301 procuratio
1297 1249 1432 1287 multis
1452 1249 1588 1286 officiis
1609 1249 1745 1302 impli-

352 1324 484 1353 catum
517 1324 555 1352 et
585 1314 834 1352 constrictum
869 1314 1033 1359 tenebat,
1064 1313 1145 1352 haec
1179 1314 1324 1352 inclusa
1354 1313 1545 1352 habebam
1562 1332 1574 1358 ;
1616 1323 1668 1358 et,
1699 1328 1746 1352 ne

353 1379 638 1424 obsolescerent,
669 1380 909 1423 renovabam,
940 1393 1031 1417 cum
1052 1379 1204 1424 licebat,
1226 1379 1400 1432 legendo.
1461 1380 1581 1418 Nunc
1601 1393 1688 1418 vero
1708 1388 1746 1419 et

354 1446 516 1485 fortunae
546 1445 761 1498 graviffimo
779 1445 969 1498 percuffus
991 1446 1159 1491 vulnere,
1190 1455 1228 1483 et
1260 1445 1583 1484 administratione
1603 1446 1745 1498 repub-

353 1513 436 1551 licae
470 1512 663 1556 liberatus,
694 1510 834 1549 doloris
867 1511 1101 1549 medicinam
1135 1525 1156 1554 a
1184 1509 1427 1564 philosophia
1459 1520 1562 1563 peto,
1605 1520 1643 1548 et
1676 1512 1745 1550 otii

353 1577 648 1616 oblectationem
680 1574 780 1614 hanc
810 1574 1107 1613 honestissimam
1121 1576 1270 1627 judico.
1308 1577 1390 1614 Aut
1409 1576 1514 1614 enim
1535 1575 1627 1613 huic
1647 1576 1747 1615 aetati

351 1642 426 1681 hoc
446 1642 614 1681 maxime
633 1650 768 1694 aptum
787 1641 840 1679 est
852 1659 863 1686 ς
892 1650 955 1679 aut
975 1641 1022 1679 iis
1043 1641 1169 1686 rebus,
1191 1641 1218 1680 fi
1239 1655 1331 1694 quas
1352 1641 1484 1694 dignas
1504 1641 1615 1679 laude
1633 1642 1745 1694 geffi-

350 1706 558 1753 mus,.hoc
589 1708 629 1745 in
660 1707 796 1760 primis
816 1706 1139 1752 consentaneum,
1171 1715 1236 1745 aut
1255 1707 1372 1745 etiam
1392 1707 1438 1745 ad
1468 1707 1612 1745 nostros
1643 1708 1745 1746 cives

353 1774 577 1813 erudiendos
598 1773 697 1812 nihil
718 1774 851 1811 utilius
868 1792 879 1818 ς
911 1783 988 1818 aut,
1010 1773 1036 1810 fi
1057 1773 1137 1811 haec
1157 1774 1210 1811 ita
1230 1787 1307 1811 non
1328 1773 1426 1818 sunt,
1447 1771 1545 1811 nihil
1565 1774 1669 1811 alind
1688 1774 1747 1812 vi-

352 1840 437 1884 deo,
459 1839 563 1892 quod
592 1853 699 1892 agere
718 1839 914 1891 poffimus.
947 1840 1087 1877 Brutus
1108 1839 1266 1891 quidem
1290 1839 1425 1883 noster,
1447 1838 1636 1876 excellens
1656 1852 1746 1876 om-

351 1907 391 1944 ni
421 1919 556 1958 genere
586 1906 721 1950 laudis,
763 1905 811 1943 fic
844 1904 1128 1957 philosophiam
1159 1905 1308 1943 Latinis
1339 1905 1458 1942 literis
1494 1904 1744 1956 persequitur,

350 1971 449 2011 nihil
482 1981 524 2009 ut
544 1971 678 2009 iisdem
698 1971 743 2008 de
774 1971 885 2009 rebus
907 1971 1056 2009 Graecia
1089 1971 1269 2009 desideret
1285 1989 1296 2015 ;
1327 1980 1364 2008 et
1394 1970 1554 2008 eandem
1584 1970 1743 2022 quidem

351 2039 577 2077 sententiam
597 2037 780 2090 sequitur,
793 2051 911 2090 quam
932 2046 987 2075 tu.
1011 2037 1117 2075 Nam
1138 2037 1311 2075 Aristum
1328 2035 1492 2074 Athenis
1509 2036 1654 2074 audivit
1673 2036 1744 2073 ali-

348 2104 533 2156 quandiu,
555 2106 664 2156 cujus
685 2114 727 2141 tu
746 2102 903 2142 fratrem
920 2102 1177 2142 Antiochum.
1218 2102 1500 2155 Qmmbrem,
1521 2102 1580 2147 da,
1602 2102 1741 2154 quaeso,

352 2179 389 2208 te
408 2169 500 2208 huic
521 2171 637 2207 etiarn
656 2169 785 2222 generi
807 2169 1016 2207 literarum.

409 2236 480 2274 IV.
513 2237 550 2273 T
556 2249 622 2273 um
656 2235 734 2279 ille,
768 2235 873 2272 Istud
903 2235 1062 2287 quidem
1097 2234 1353 2279 considerabo,
1385 2235 1454 2272 nec
1485 2246 1573 2271 vero
1599 2233 1674 2270 fine
1697 2241 1743 2270 te.

351 2302 423 2340 Sed
442 2301 488 2339 de
509 2311 545 2339 te
564 2300 644 2353 ipso
665 2301 758 2352 quid
778 2301 843 2345 est,
875 2301 1016 2353 inquit,
1039 2301 1143 2353 quod
1168 2301 1311 2338 audio?
1344 2301 1537 2351 Qanam,
1570 2300 1744 2350 inquam,

351 2367 397 2404 de
417 2367 485 2404 re?
517 2367 707 2405 Relictam
738 2380 758 2404 a
792 2377 827 2404 te
847 2376 1011 2404 veterem
1037 2368 1134 2418 jam,
1157 2367 1309 2418 inquit;
1342 2365 1489 2403 tractari
1522 2374 1650 2402 autem
1671 2377 1742 2401 no-

349 2446 450 2470 vam.
501 2433 608 2483 Qid
637 2446 739 2485 ergo,
772 2434 947 2484 inquam,
978 2431 1176 2471 Antiocho
1207 2432 1246 2470 id
1266 2433 1387 2484 magis
1419 2431 1583 2474 licuerit,
1614 2429 1741 2467 nostro

350 2498 545 2543 familiari,
576 2499 779 2551 remigrare
810 2501 849 2538 in
870 2500 1033 2538 domum
1054 2510 1221 2538 veterem
1241 2511 1260 2536 e
1282 2511 1390 2542 nova,
1422 2510 1539 2549 quam
1560 2496 1669 2535 nobis
1700 2496 1741 2533 in

467 2565 610 2603 ToM.
644 2564 696 2603 ΙΙ.
1428 2563 1446 2600 Ι
