2330 2983
652 235 926 273 LIBER
982 235 1477 274 SECUNDUS.
1685 248 1761 290 295

374 331 472 369 ferre
491 345 568 369 non
592 331 801 384 poffumus.
864 332 1010 384 Opinio
1039 332 1091 370 est
1120 333 1225 371 enim
1250 332 1425 384 quaedam
1454 331 1690 371 effoeminata
1717 346 1762 372 ac

375 395 482 440 levis,
514 409 582 433 nec
602 396 642 433 in
662 396 791 433 dolore
822 397 943 447 magis
964 410 1080 447 quam
1105 397 1237 434 eadem
1268 397 1308 434 in
1328 397 1522 449 voluptate
1534 414 1548 442 ς
1577 410 1653 449 qua
1670 410 1763 436 cum

375 459 634 510 liquescimus,
655 458 883 510 fluimusque
903 459 1080 502 mollitia,
1102 460 1181 510 apis
1194 460 1371 497 aculeum
1387 461 1463 498 fine
1482 461 1647 499 clamore
1665 461 1763 500 ferre

374 535 451 560 non
471 522 682 574 poffumus.

426 587 482 624 At
510 600 598 624 vero
629 587 677 624 C.
711 587 874 630 Marius,
910 586 1118 624 rusticanus
1147 587 1218 631 vir,
1249 587 1312 624 sed
1339 579 1452 639 plane
1484 588 1555 632 vir,
1586 602 1678 626 cum
1705 590 1762 627 se-

373 660 535 694 caretur,
557 659 600 688 ut
620 651 729 703 supra
748 651 842 695 dixi,
863 652 1054 703 principio
1073 652 1194 689 vetuit
1215 646 1250 688 se
1269 652 1415 704 alligari
1433 667 1441 690 :
1474 665 1544 690 nec
1561 653 1762 705 quisquam

372 724 458 752 ante
478 715 651 753 Marium
672 715 814 753 solutus
848 715 989 753 dicitur
1008 715 1079 753 effe
1109 716 1241 754 sectus.
1293 717 1375 754 Cur
1403 730 1493 768 ergo
1522 717 1648 769 postea
1665 718 1760 755 alii?

373 780 507 818 Valuit
526 781 738 818 austoritas.
772 780 934 818 Videsne
954 781 1072 832 igitur
1090 781 1282 833 opinionis
1301 781 1385 826 effe,
1407 795 1484 820 non
1501 791 1656 826 naturae,
1677 796 1761 820 ma-

373 845 486 882 lum?
508 845 561 882 Et
577 854 703 882 tamen
724 843 833 881 fuisse
853 858 976 882 acrem
996 845 1167 883 morsum
1187 846 1328 883 doloris
1347 846 1450 884 idem
1470 847 1617 884 Marius
1637 847 1763 885 osten-

374 910 431 947 dit
447 928 458 954 ;
490 922 576 947 crus
597 906 702 947 enim
732 909 892 947 alterum
923 923 1000 947 non
1030 910 1205 962 praebuit.
1244 911 1301 948 Ita
1330 920 1368 948 et
1402 911 1492 948 tulit
1512 911 1697 957 dolorem,
1719 920 1763 949 ut

373 975 457 1019 vir3
488 983 539 1018 et,
576 983 618 1011 ut
637 973 769 1018 homo,
810 975 993 1025 majorem
1023 973 1119 1012 ferre
1148 975 1225 1012 fine
1258 975 1366 1013 causa
1395 976 1589 1014 necessaria
1619 976 1760 1015 noluit.

372 1041 524 1078 Totum
555 1039 673 1091 igitur
692 1039 733 1076 in
753 1052 798 1076 eo
817 1039 882 1083 est,
919 1048 961 1076 ut
982 1040 1053 1077 tibi
1073 1041 1248 1092 imperes.
1293 1041 1452 1078 Ostendi
1479 1050 1623 1086 autem,
1657 1042 1763 1093 quod

371 1103 460 1142 effet
480 1103 692 1155 imperandi
711 1116 845 1155 genus.
876 1105 1007 1154 Atque
1026 1102 1107 1141 haec
1126 1104 1321 1155 cogitatio,
1336 1105 1430 1155 quid
1449 1105 1646 1156 patientia,
1667 1105 1763 1156 quid

373 1168 614 1213 fortitudine,
636 1168 730 1220 quid
749 1168 1015 1220 magnitudine
1034 1169 1154 1206 animi
1174 1167 1438 1222 digniffimum
1458 1169 1515 1215 fit,
1540 1184 1618 1208 non
1636 1170 1762 1208 solum

371 1234 547 1273 animum
565 1234 804 1287 comprimit,
837 1233 898 1272 sed
917 1232 1043 1286 ipsum
1062 1235 1178 1272 etiam
1197 1235 1370 1273 dolorem
1396 1235 1520 1273 nescio
1546 1249 1624 1287 quo
1651 1237 1762 1288 paeto

374 1300 569 1337 mitiorem
590 1298 697 1337 facit.

426 1365 582 1402 XXIII.
615 1365 672 1402 Ut
705 1364 809 1402 enim
841 1363 886 1402 fit
905 1365 945 1402 in
964 1365 1108 1417 praelio,
1138 1374 1181 1403 ut
1201 1365 1359 1417 ignavus
1380 1365 1490 1404 miles
1522 1379 1565 1404 ac
1585 1365 1760 1410 timidus,

373 1427 484 1466 simul
505 1441 546 1465 ac
566 1428 702 1465 viderit
721 1427 883 1472 hostem,
904 1428 1049 1480 abjecto
1069 1429 1174 1467 scuto
1193 1429 1330 1481 fugiat,
1355 1439 1544 1482 quantum
1563 1431 1688 1482 poffit,
1709 1430 1761 1468 ob

374 1506 535 1546 eamque
555 1493 703 1531 causam
723 1502 847 1545 pereat
865 1507 1157 1545 nonnunquam,
1174 1495 1289 1532 etiam
1309 1496 1457 1547 integro
1476 1508 1646 1547 corpore,
1668 1508 1761 1532 cum

373 1559 421 1603 ei,
443 1559 510 1610 qui
530 1558 685 1602 steterit,
708 1557 805 1594 nihil
827 1558 899 1595 tale
918 1559 1109 1603 evenerit;
1141 1558 1204 1602 fic,
1227 1560 1295 1610 qui
1315 1559 1455 1597 doloris
1479 1559 1645 1611 speciem
1664 1559 1762 1597 ferre

374 1637 450 1661 non
472 1622 638 1675 poss‘unt,
673 1622 858 1673 abjiciunt
878 1622 926 1667 se,
957 1632 1070 1674 atque
1095 1623 1147 1660 ita
1166 1622 1297 1661 afflicti
1327 1633 1365 1661 et
1383 1625 1588 1662 exanimati
1602 1625 1731 1676 jacent
1746 1643 1759 1669 ς

372 1687 440 1740 qui
459 1696 585 1725 autem
606 1686 834 1731 restiterunt,
856 1687 1053 1725 discedunt
1072 1687 1265 1739 saepiffime
1285 1688 1504 1740 superiores.
1537 1691 1632 1726 Sunt
1654 1690 1761 1727 enim

372 1752 546 1805 quaedam
567 1752 685 1790 animi
718 1752 983 1790 fimilitudines
1009 1766 1100 1790 cum
1130 1766 1299 1804 corpore.
1351 1755 1407 1791 Ut
1438 1767 1551 1791 onera
1569 1755 1760 1792 contentis

372 1818 593 1869 corporibus
615 1816 765 1854 facilius
785 1816 972 1860 feruntur,
1001 1817 1158 1855 remiffis
1178 1818 1431 1869 opprimunt;
1463 1819 1656 1856 simillime
1675 1821 1759 1856 ani-

374 1896 460 1920 mus
482 1882 692 1919 intentione
723 1882 785 1919 sua
805 1882 960 1933 depellit
980 1882 1145 1934 pressum
1176 1896 1332 1920 omnem
1353 1884 1595 1935 ponderum;
1627 1884 1760 1922 remis-

374 1948 475 1985 sione
496 1957 623 1984 autem
654 1947 703 1983 sic
734 1956 903 1998 urgetur,
934 1957 976 1984 ut
994 1947 1029 1984 se
1048 1957 1209 1998 nequeat
1231 1948 1425 1986 extollere.
1484 1950 1550 1993 Et,
1581 1949 1606 1986 fi
1626 1962 1759 1987 verum

373 2012 593 2064 quaerimus,
625 2011 665 2048 in
684 2011 866 2048 omnibus
887 2011 1022 2049 officiis
1042 2012 1308 2064 persequendis
1330 2013 1449 2051 animi
1476 2013 1528 2050 est
1547 2012 1761 2051 adhibenda

375 2077 586 2114 contentio.
619 2076 676 2113 Ea
693 2076 745 2113 est
765 2075 840 2113 sola
859 2076 975 2114 officii
996 2086 1177 2128 tanquam
1198 2077 1377 2116 custodia.
1410 2078 1482 2116 Sed
1500 2077 1575 2116 hoc
1601 2079 1759 2130 quidem

374 2143 411 2179 in
443 2142 570 2179 dolore
603 2141 770 2178 maxime
801 2141 853 2178 est
885 2141 1178 2192 providendum,
1211 2156 1257 2179 ne
1286 2143 1380 2194 quid
1401 2143 1555 2194 abjecte,
1586 2157 1635 2180 ne
1666 2143 1759 2194 quid

375 2207 523 2249 timide,
555 2219 602 2243 ne
632 2206 725 2257 quid
759 2206 903 2257 ignave,
936 2219 982 2243 ne
1013 2206 1107 2256 quid
1127 2207 1308 2244 serviliter
1338 2208 1621 2245 muliebriterve
1641 2206 1758 2244 facia-

375 2284 460 2308 mus
478 2290 488 2315 3
521 2271 558 2307 in
592 2269 799 2321 primisque
821 2269 1006 2308 refutetur
1024 2284 1066 2308 ac
1096 2272 1284 2322 rejiciatur
1304 2271 1569 2310 Philoctetaeus
1596 2272 1660 2308 ille
1679 2272 1758 2308 cla-

377 2349 472 2373 mor.
522 2334 772 2385 Ingemiscere
793 2345 1071 2387 nonnunquam
1090 2337 1171 2374 viro
1191 2336 1406 2374 concessum
1426 2337 1491 2381 est,
1514 2337 1627 2387 idque
1648 2349 1728 2373 raro
1745 2353 1756 2379 ς

375 2401 534 2451 ejulatus
570 2413 616 2436 ne
646 2400 797 2438 mulieri
829 2401 999 2452 quidem.
1049 2401 1102 2438 Et
1121 2401 1185 2439 hic
1205 2403 1391 2440 nimirum
1419 2402 1470 2438 est
1491 2401 1614 2444 fietus,
1642 2414 1758 2452 quem

376 2465 579 2503 duodecim
614 2465 750 2503 tabulae
779 2467 819 2503 in
849 2465 1046 2504 funeribus
1080 2466 1251 2504 adhiberi
1285 2475 1496 2504 vetuerunt.
1556 2465 1640 2502 Nec
1671 2479 1759 2502 vero

377 2543 547 2583 unquam
567 2542 614 2567 ne
634 2529 849 2582 ingemiscit
877 2531 1035 2583 quidem
1054 2531 1111 2568 vir
1130 2530 1238 2569 fortis
1258 2544 1299 2568 ac
1321 2529 1477 2582 sapiens,
1509 2529 1577 2566 nisi
1598 2527 1695 2567 forte
1717 2539 1758 2566 ut
