<?xml version="1.0" encoding="UTF-8"?>
<!DOCTYPE html PUBLIC "-//W3C//DTD XHTML 1.0 Transitional//EN"
    "http://www.w3.org/TR/xhtml1/DTD/xhtml1-transitional.dtd">
<html xmlns="http://www.w3.org/1999/xhtml" xml:lang="en" lang="en">
 <head>
  <title>
</title>
<meta http-equiv="Content-Type" content="text/html;charset=utf-8" />
  <meta name='ocr-system' content='tesseract 3.04.00' />
  <meta name='ocr-capabilities' content='ocr_page ocr_carea ocr_par ocr_line ocrx_word'/>
</head>
<body>
  <div class='ocr_page' id='page_1' title='image "./operacumindicibu02ciceuoft_0499.png"; bbox 0 0 2330 2983; ppageno 0'>
   <div class='ocr_carea' id='block_1_1' title="bbox 700 271 1762 324">
    <p class='ocr_par' dir='ltr' id='par_1_1' title="bbox 700 271 1762 324">
     <span class='ocr_line' id='line_1_1' title="bbox 700 271 1762 324; baseline 0.005 -15"><span class='ocrx_word' id='word_1_1' title='bbox 700 271 972 309; x_wconf 88' lang='lat' dir='ltr'>LIBER</span> <span class='ocrx_word' id='word_1_2' title='bbox 1031 271 1445 310; x_wconf 86' lang='lat' dir='ltr'><strong>TERTIUS.</strong></span> <span class='ocrx_word' id='word_1_3' title='bbox 1691 288 1762 324; x_wconf 78' lang='lat'>491</span> 
     </span>
    </p>
   </div>
   <div class='ocr_carea' id='block_1_2' title="bbox 374 369 1768 2577">
    <p class='ocr_par' dir='ltr' id='par_1_2' title="bbox 378 369 1768 1074">
     <span class='ocr_line' id='line_1_2' title="bbox 381 369 1766 415; baseline 0.001 -7"><span class='ocrx_word' id='word_1_4' title='bbox 381 371 489 409; x_wconf 89' lang='lat' dir='ltr'>causa</span> <span class='ocrx_word' id='word_1_5' title='bbox 508 383 585 408; x_wconf 89' lang='lat' dir='ltr'>non</span> <span class='ocrx_word' id='word_1_6' title='bbox 605 369 718 415; x_wconf 85' lang='lat' dir='ltr'>effet;</span> <span class='ocrx_word' id='word_1_7' title='bbox 750 384 841 409; x_wconf 89' lang='lat' dir='ltr'>cum</span> <span class='ocrx_word' id='word_1_8' title='bbox 862 371 964 408; x_wconf 91' lang='lat' dir='ltr'>idem</span> <span class='ocrx_word' id='word_1_9' title='bbox 986 370 1144 408; x_wconf 88' lang='lat' dir='ltr'>obtutus</span> <span class='ocrx_word' id='word_1_10' title='bbox 1164 370 1250 409; x_wconf 80' lang='lat' dir='ltr'>effet</span> <span class='ocrx_word' id='word_1_11' title='bbox 1279 371 1496 415; x_wconf 87' lang='lat' dir='ltr'>amborum,</span> <span class='ocrx_word' id='word_1_12' title='bbox 1529 379 1566 408; x_wconf 90' lang='lat' dir='ltr'>et</span> <span class='ocrx_word' id='word_1_13' title='bbox 1586 383 1677 409; x_wconf 89' lang='lat' dir='ltr'>cum</span> <span class='ocrx_word' id='word_1_14' title='bbox 1708 385 1766 409; x_wconf 87' lang='lat' dir='ltr'>re-</span> 
     </span>
     <span class='ocr_line' id='line_1_3' title="bbox 382 435 1767 487; baseline 0 -13"><span class='ocrx_word' id='word_1_15' title='bbox 382 450 469 474; x_wconf 85' lang='lat' dir='ltr'>rum</span> <span class='ocrx_word' id='word_1_16' title='bbox 488 445 632 480; x_wconf 86' lang='lat' dir='ltr'>natura,</span> <span class='ocrx_word' id='word_1_17' title='bbox 665 448 781 487; x_wconf 90' lang='lat' dir='ltr'>quam</span> <span class='ocrx_word' id='word_1_18' title='bbox 803 445 843 473; x_wconf 91' lang='lat' dir='ltr'>tu</span> <span class='ocrx_word' id='word_1_19' title='bbox 864 435 1070 487; x_wconf 85' lang='lat' dir='ltr'>sapientem</span> <span class='ocrx_word' id='word_1_20' title='bbox 1090 435 1160 473; x_wconf 84' lang='lat' dir='ltr'>effe</span> <span class='ocrx_word' id='word_1_21' title='bbox 1190 436 1260 480; x_wconf 90' lang='lat' dir='ltr'>vis,</span> <span class='ocrx_word' id='word_1_22' title='bbox 1288 436 1364 473; x_wconf 93' lang='lat' dir='ltr'>duo</span> <span class='ocrx_word' id='word_1_23' title='bbox 1395 436 1544 474; x_wconf 84' lang='lat' dir='ltr'>lumina</span> <span class='ocrx_word' id='word_1_24' title='bbox 1562 437 1608 474; x_wconf 86' lang='lat' dir='ltr'>ab</span> <span class='ocrx_word' id='word_1_25' title='bbox 1638 437 1767 474; x_wconf 86' lang='lat' dir='ltr'>animo</span> 
     </span>
     <span class='ocr_line' id='line_1_4' title="bbox 381 499 1766 553; baseline 0.001 -14"><span class='ocrx_word' id='word_1_26' title='bbox 381 502 427 539; x_wconf 85' lang='lat' dir='ltr'>ad</span> <span class='ocrx_word' id='word_1_27' title='bbox 446 501 576 540; x_wconf 88' lang='lat' dir='ltr'>oculos</span> <span class='ocrx_word' id='word_1_28' title='bbox 596 500 782 553; x_wconf 89' lang='lat' dir='ltr'>perforata</span> <span class='ocrx_word' id='word_1_29' title='bbox 808 513 875 538; x_wconf 88' lang='lat' dir='ltr'>nos</span> <span class='ocrx_word' id='word_1_30' title='bbox 895 499 1033 537; x_wconf 82' lang='lat' dir='ltr'>habere</span> <span class='ocrx_word' id='word_1_31' title='bbox 1060 500 1245 538; x_wconf 87' lang='lat' dir='ltr'>voluiffet.</span> <span class='ocrx_word' id='word_1_32' title='bbox 1289 500 1360 537; x_wconf 86' lang='lat' dir='ltr'>Sed</span> <span class='ocrx_word' id='word_1_33' title='bbox 1380 503 1469 552; x_wconf 88' lang='lat' dir='ltr'>quia</span> <span class='ocrx_word' id='word_1_34' title='bbox 1488 515 1564 539; x_wconf 87' lang='lat' dir='ltr'>non</span> <span class='ocrx_word' id='word_1_35' title='bbox 1594 502 1766 540; x_wconf 90' lang='lat' dir='ltr'>confide-</span> 
     </span>
     <span class='ocr_line' id='line_1_5' title="bbox 381 565 1765 617; baseline 0.001 -13"><span class='ocrx_word' id='word_1_36' title='bbox 381 567 460 611; x_wconf 86' lang='lat' dir='ltr'>bas,</span> <span class='ocrx_word' id='word_1_37' title='bbox 491 574 569 603; x_wconf 90' lang='lat' dir='ltr'>tam</span> <span class='ocrx_word' id='word_1_38' title='bbox 590 565 660 603; x_wconf 84' lang='lat' dir='ltr'>effe</span> <span class='ocrx_word' id='word_1_39' title='bbox 689 566 729 603; x_wconf 88' lang='lat' dir='ltr'>id</span> <span class='ocrx_word' id='word_1_40' title='bbox 748 565 1007 617; x_wconf 89' lang='lat' dir='ltr'>perspicuum,</span> <span class='ocrx_word' id='word_1_41' title='bbox 1039 579 1155 616; x_wconf 85' lang='lat' dir='ltr'>quam</span> <span class='ocrx_word' id='word_1_42' title='bbox 1189 574 1231 602; x_wconf 94' lang='lat' dir='ltr'>tu</span> <span class='ocrx_word' id='word_1_43' title='bbox 1261 565 1382 608; x_wconf 74' lang='lat' dir='ltr'>velis5</span> <span class='ocrx_word' id='word_1_44' title='bbox 1414 575 1612 617; x_wconf 84' lang='lat' dir='ltr'>propterea</span> <span class='ocrx_word' id='word_1_45' title='bbox 1631 567 1765 605; x_wconf 86' lang='lat' dir='ltr'>multis</span> 
     </span>
     <span class='ocr_line' id='line_1_6' title="bbox 380 628 1765 683; baseline 0.001 -15"><span class='ocrx_word' id='word_1_46' title='bbox 380 631 628 683; x_wconf 85' lang='lat' dir='ltr'>argumentis,</span> <span class='ocrx_word' id='word_1_47' title='bbox 658 631 760 668; x_wconf 86' lang='lat' dir='ltr'><strong>Deos</strong></span> <span class='ocrx_word' id='word_1_48' title='bbox 787 630 871 674; x_wconf 83' lang='lat' dir='ltr'>effe,</span> <span class='ocrx_word' id='word_1_49' title='bbox 898 629 1031 667; x_wconf 89' lang='lat' dir='ltr'>docere</span> <span class='ocrx_word' id='word_1_50' title='bbox 1060 629 1226 668; x_wconf 91' lang='lat' dir='ltr'>voluisti.</span> <span class='ocrx_word' id='word_1_51' title='bbox 1267 628 1374 667; x_wconf 84' lang='lat' dir='ltr'>Mihi</span> <span class='ocrx_word' id='word_1_52' title='bbox 1404 630 1507 668; x_wconf 86' lang='lat' dir='ltr'>enim</span> <span class='ocrx_word' id='word_1_53' title='bbox 1532 644 1653 668; x_wconf 89' lang='lat' dir='ltr'>unum</span> <span class='ocrx_word' id='word_1_54' title='bbox 1682 632 1765 670; x_wconf 85' lang='lat' dir='ltr'>satis</span> 
     </span>
     <span class='ocr_line' id='line_1_7' title="bbox 379 694 1765 748; baseline 0.001 -15"><span class='ocrx_word' id='word_1_55' title='bbox 379 705 470 741; x_wconf 90' lang='lat' dir='ltr'>erat,</span> <span class='ocrx_word' id='word_1_56' title='bbox 492 696 545 734; x_wconf 89' lang='lat' dir='ltr'>ita</span> <span class='ocrx_word' id='word_1_57' title='bbox 564 695 674 734; x_wconf 88' lang='lat' dir='ltr'>nobis</span> <span class='ocrx_word' id='word_1_58' title='bbox 695 696 854 748; x_wconf 86' lang='lat' dir='ltr'>majores</span> <span class='ocrx_word' id='word_1_59' title='bbox 874 695 1017 733; x_wconf 89' lang='lat' dir='ltr'>nostros</span> <span class='ocrx_word' id='word_1_60' title='bbox 1039 694 1237 733; x_wconf 81' lang='lat' dir='ltr'>tradidiffe.</span> <span class='ocrx_word' id='word_1_61' title='bbox 1260 695 1331 733; x_wconf 90' lang='lat' dir='ltr'>Sed</span> <span class='ocrx_word' id='word_1_62' title='bbox 1352 704 1393 733; x_wconf 93' lang='lat' dir='ltr'>tu</span> <span class='ocrx_word' id='word_1_63' title='bbox 1413 695 1650 734; x_wconf 62' lang='lat' dir='ltr'>auctoritates</span> <span class='ocrx_word' id='word_1_64' title='bbox 1670 710 1765 735; x_wconf 87' lang='lat' dir='ltr'>con-</span> 
     </span>
     <span class='ocr_line' id='line_1_8' title="bbox 378 760 1766 813; baseline 0 -14"><span class='ocrx_word' id='word_1_65' title='bbox 378 762 533 806; x_wconf 84' lang='lat' dir='ltr'>temnis,</span> <span class='ocrx_word' id='word_1_66' title='bbox 555 762 698 799; x_wconf 90' lang='lat' dir='ltr'>ratione</span> <span class='ocrx_word' id='word_1_67' title='bbox 718 773 879 813; x_wconf 88' lang='lat' dir='ltr'>pugnas.</span> <span class='ocrx_word' id='word_1_68' title='bbox 922 761 1052 798; x_wconf 89' lang='lat' dir='ltr'>Patere</span> <span class='ocrx_word' id='word_1_69' title='bbox 1079 760 1196 812; x_wconf 87' lang='lat' dir='ltr'>igitur</span> <span class='ocrx_word' id='word_1_70' title='bbox 1222 760 1408 798; x_wconf 86' lang='lat' dir='ltr'>rationem</span> <span class='ocrx_word' id='word_1_71' title='bbox 1435 774 1560 799; x_wconf 88' lang='lat' dir='ltr'>meam</span> <span class='ocrx_word' id='word_1_72' title='bbox 1591 775 1682 799; x_wconf 88' lang='lat' dir='ltr'>cum</span> <span class='ocrx_word' id='word_1_73' title='bbox 1703 770 1766 799; x_wconf 89' lang='lat' dir='ltr'>tua</span> 
     </span>
     <span class='ocr_line' id='line_1_9' title="bbox 379 823 1765 877; baseline 0 -13"><span class='ocrx_word' id='word_1_74' title='bbox 379 826 523 864; x_wconf 87' lang='lat' dir='ltr'>ratione</span> <span class='ocrx_word' id='word_1_75' title='bbox 543 825 784 864; x_wconf 85' lang='lat' dir='ltr'>contendere.</span> <span class='ocrx_word' id='word_1_76' title='bbox 831 823 955 862; x_wconf 87' lang='lat' dir='ltr'>Affers</span> <span class='ocrx_word' id='word_1_77' title='bbox 976 823 1056 863; x_wconf 85' lang='lat' dir='ltr'>haec</span> <span class='ocrx_word' id='word_1_78' title='bbox 1078 825 1208 862; x_wconf 89' lang='lat' dir='ltr'>omnia</span> <span class='ocrx_word' id='word_1_79' title='bbox 1226 834 1462 877; x_wconf 86' lang='lat' dir='ltr'>argumenta,</span> <span class='ocrx_word' id='word_1_80' title='bbox 1483 839 1551 863; x_wconf 86' lang='lat' dir='ltr'>cur</span> <span class='ocrx_word' id='word_1_81' title='bbox 1572 826 1640 864; x_wconf 85' lang='lat' dir='ltr'>Dii</span> <span class='ocrx_word' id='word_1_82' title='bbox 1666 826 1737 864; x_wconf 90' lang='lat' dir='ltr'>s1nt</span> <span class='ocrx_word' id='word_1_83' title='bbox 1753 845 1765 871; x_wconf 71' lang='grc' dir='ltr'><strong><em>ς</em></strong></span> 
     </span>
     <span class='ocr_line' id='line_1_10' title="bbox 380 889 1768 943; baseline 0.001 -15"><span class='ocrx_word' id='word_1_84' title='bbox 380 903 538 943; x_wconf 90' lang='lat' dir='ltr'>remque</span> <span class='ocrx_word' id='word_1_85' title='bbox 568 890 653 928; x_wconf 66' lang='lat' dir='ltr'>mea</span> <span class='ocrx_word' id='word_1_86' title='bbox 686 889 868 928; x_wconf 68' lang='lat' dir='ltr'>sententia</span> <span class='ocrx_word' id='word_1_87' title='bbox 894 890 1058 928; x_wconf 90' lang='lat' dir='ltr'>minime</span> <span class='ocrx_word' id='word_1_88' title='bbox 1087 890 1259 935; x_wconf 90' lang='lat' dir='ltr'>dubiam,</span> <span class='ocrx_word' id='word_1_89' title='bbox 1290 891 1590 942; x_wconf 86' lang='lat' dir='ltr'>argumentando</span> <span class='ocrx_word' id='word_1_90' title='bbox 1609 891 1768 930; x_wconf 87' lang='lat' dir='ltr'>dubiam</span> 
     </span>
     <span class='ocr_line' id='line_1_11' title="bbox 379 955 1767 1002; baseline 0.002 -9"><span class='ocrx_word' id='word_1_91' title='bbox 379 955 486 994; x_wconf 87' lang='lat' dir='ltr'>facis.</span> <span class='ocrx_word' id='word_1_92' title='bbox 529 956 715 994; x_wconf 88' lang='lat' dir='ltr'>Mandavi</span> <span class='ocrx_word' id='word_1_93' title='bbox 733 957 837 994; x_wconf 89' lang='lat' dir='ltr'>enim</span> <span class='ocrx_word' id='word_1_94' title='bbox 857 956 1053 994; x_wconf 89' lang='lat' dir='ltr'>memoriae</span> <span class='ocrx_word' id='word_1_95' title='bbox 1072 969 1149 995; x_wconf 93' lang='lat' dir='ltr'>non</span> <span class='ocrx_word' id='word_1_96' title='bbox 1169 969 1375 995; x_wconf 88' lang='lat' dir='ltr'>numerum</span> <span class='ocrx_word' id='word_1_97' title='bbox 1395 955 1533 1002; x_wconf 90' lang='lat' dir='ltr'>solum,</span> <span class='ocrx_word' id='word_1_98' title='bbox 1560 956 1622 994; x_wconf 89' lang='lat' dir='ltr'>sed</span> <span class='ocrx_word' id='word_1_99' title='bbox 1651 957 1767 996; x_wconf 90' lang='lat' dir='ltr'>etiam</span> 
     </span>
     <span class='ocr_line' id='line_1_12' title="bbox 379 1021 1095 1074; baseline 0.001 -15"><span class='ocrx_word' id='word_1_100' title='bbox 379 1021 567 1066; x_wconf 88' lang='lat' dir='ltr'>ordinem,</span> <span class='ocrx_word' id='word_1_101' title='bbox 589 1031 905 1074; x_wconf 86' lang='lat' dir='ltr'>argumentorum</span> <span class='ocrx_word' id='word_1_102' title='bbox 925 1030 1095 1060; x_wconf 90' lang='lat' dir='ltr'>tuorum.</span> 
     </span>
    </p>

    <p class='ocr_par' dir='ltr' id='par_1_3' title="bbox 377 1087 1767 1204">
     <span class='ocr_line' id='line_1_13' title="bbox 433 1087 1767 1141; baseline 0.001 -16"><span class='ocrx_word' id='word_1_103' title='bbox 433 1087 611 1125; x_wconf 88' lang='lat' dir='ltr'>Primum</span> <span class='ocrx_word' id='word_1_104' title='bbox 630 1087 720 1132; x_wconf 84' lang='lat' dir='ltr'>fuit,</span> <span class='ocrx_word' id='word_1_105' title='bbox 741 1101 833 1125; x_wconf 91' lang='lat' dir='ltr'>cum</span> <span class='ocrx_word' id='word_1_106' title='bbox 851 1088 990 1126; x_wconf 86' lang='lat' dir='ltr'>caelum</span> <span class='ocrx_word' id='word_1_107' title='bbox 1009 1087 1308 1139; x_wconf 63' lang='lat' dir='ltr'>suspexissemus,</span> <span class='ocrx_word' id='word_1_108' title='bbox 1325 1087 1451 1126; x_wconf 89' lang='lat' dir='ltr'>statim</span> <span class='ocrx_word' id='word_1_109' title='bbox 1467 1101 1534 1126; x_wconf 89' lang='lat' dir='ltr'>nos</span> <span class='ocrx_word' id='word_1_110' title='bbox 1554 1088 1767 1141; x_wconf 87' lang='lat' dir='ltr'>intelligere</span> 
     </span>
     <span class='ocr_line' id='line_1_14' title="bbox 377 1150 1669 1204; baseline 0.002 -16"><span class='ocrx_word' id='word_1_111' title='bbox 377 1150 448 1189; x_wconf 86' lang='lat' dir='ltr'>effe</span> <span class='ocrx_word' id='word_1_112' title='bbox 467 1151 623 1204; x_wconf 80' lang='lat' dir='ltr'>aliquod</span> <span class='ocrx_word' id='word_1_113' title='bbox 643 1165 801 1197; x_wconf 90' lang='lat' dir='ltr'>numen,</span> <span class='ocrx_word' id='word_1_114' title='bbox 824 1165 902 1203; x_wconf 92' lang='lat' dir='ltr'>quo</span> <span class='ocrx_word' id='word_1_115' title='bbox 921 1150 1002 1189; x_wconf 83' lang='lat' dir='ltr'>haec</span> <span class='ocrx_word' id='word_1_116' title='bbox 1022 1160 1213 1203; x_wconf 87' lang='lat' dir='ltr'>regantur.</span> <span class='ocrx_word' id='word_1_117' title='bbox 1245 1153 1307 1189; x_wconf 87' lang='lat' dir='ltr'>Ex</span> <span class='ocrx_word' id='word_1_118' title='bbox 1327 1150 1401 1190; x_wconf 94' lang='lat' dir='ltr'>hoc</span> <span class='ocrx_word' id='word_1_119' title='bbox 1421 1152 1518 1190; x_wconf 91' lang='lat' dir='ltr'>illud</span> <span class='ocrx_word' id='word_1_120' title='bbox 1537 1153 1669 1198; x_wconf 83' lang='lat' dir='ltr'>etiam,</span> 
     </span>
    </p>

    <p class='ocr_par' dir='ltr' id='par_1_4' title="bbox 377 1216 1765 1530">
     <span class='ocr_line' id='line_1_15' title="bbox 479 1216 1629 1270; baseline 0.001 -15"><span class='ocrx_word' id='word_1_121' title='bbox 479 1218 609 1270; x_wconf 82' lang='lat' dir='ltr'>Aspice</span> <span class='ocrx_word' id='word_1_122' title='bbox 627 1217 690 1256; x_wconf 86' lang='lat' dir='ltr'>hoc</span> <span class='ocrx_word' id='word_1_123' title='bbox 694 1217 847 1270; x_wconf 83' lang='lat' dir='ltr'>sublime</span> <span class='ocrx_word' id='word_1_124' title='bbox 862 1216 1023 1261; x_wconf 82' lang='lat' dir='ltr'>candens,</span> <span class='ocrx_word' id='word_1_125' title='bbox 1045 1231 1144 1270; x_wconf 85' lang='lat' dir='ltr'>quem</span> <span class='ocrx_word' id='word_1_126' title='bbox 1162 1217 1333 1256; x_wconf 83' lang='lat' dir='ltr'>invocant</span> <span class='ocrx_word' id='word_1_127' title='bbox 1351 1232 1463 1256; x_wconf 85' lang='lat' dir='ltr'>omnes</span> <span class='ocrx_word' id='word_1_128' title='bbox 1481 1219 1629 1270; x_wconf 85' lang='lat' dir='ltr'>Jovem.</span> 
     </span>
     <span class='ocr_line' id='line_1_16' title="bbox 377 1281 1764 1335; baseline 0.001 -16"><span class='ocrx_word' id='word_1_129' title='bbox 377 1282 495 1333; x_wconf 86' lang='lat' dir='ltr'>Qafi</span> <span class='ocrx_word' id='word_1_130' title='bbox 514 1296 603 1320; x_wconf 91' lang='lat' dir='ltr'>vero</span> <span class='ocrx_word' id='word_1_131' title='bbox 623 1282 824 1334; x_wconf 87' lang='lat' dir='ltr'>quisquam</span> <span class='ocrx_word' id='word_1_132' title='bbox 844 1281 1015 1320; x_wconf 68' lang='lat' dir='ltr'>nostrum</span> <span class='ocrx_word' id='word_1_133' title='bbox 1034 1281 1150 1319; x_wconf 87' lang='lat' dir='ltr'>istum</span> <span class='ocrx_word' id='word_1_134' title='bbox 1169 1281 1312 1334; x_wconf 89' lang='lat' dir='ltr'>potius,</span> <span class='ocrx_word' id='word_1_135' title='bbox 1346 1295 1463 1334; x_wconf 92' lang='lat' dir='ltr'>quam</span> <span class='ocrx_word' id='word_1_136' title='bbox 1485 1283 1764 1335; x_wconf 73' lang='lat' dir='ltr'>CapitolInum‚</span> 
     </span>
     <span class='ocr_line' id='line_1_17' title="bbox 377 1344 1765 1399; baseline 0.001 -14"><span class='ocrx_word' id='word_1_137' title='bbox 377 1348 515 1397; x_wconf 90' lang='lat' dir='ltr'>Jovem</span> <span class='ocrx_word' id='word_1_138' title='bbox 535 1346 701 1399; x_wconf 90' lang='lat' dir='ltr'>appellet</span> <span class='ocrx_word' id='word_1_139' title='bbox 716 1364 728 1391; x_wconf 67' lang='grc' dir='ltr'><strong><em>ς</em></strong></span> <span class='ocrx_word' id='word_1_140' title='bbox 750 1355 815 1384; x_wconf 87' lang='lat' dir='ltr'>aut</span> <span class='ocrx_word' id='word_1_141' title='bbox 833 1344 908 1384; x_wconf 93' lang='lat' dir='ltr'>hoc</span> <span class='ocrx_word' id='word_1_142' title='bbox 927 1345 1172 1399; x_wconf 89' lang='lat' dir='ltr'>perspicuum</span> <span class='ocrx_word' id='word_1_143' title='bbox 1193 1346 1250 1392; x_wconf 82' lang='lat' dir='ltr'>sit,</span> <span class='ocrx_word' id='word_1_144' title='bbox 1266 1346 1486 1399; x_wconf 91' lang='lat' dir='ltr'>constetque</span> <span class='ocrx_word' id='word_1_145' title='bbox 1502 1347 1600 1385; x_wconf 89' lang='lat' dir='ltr'>inter</span> <span class='ocrx_word' id='word_1_146' title='bbox 1615 1361 1765 1394; x_wconf 87' lang='lat' dir='ltr'>omnes,</span> 
     </span>
     <span class='ocr_line' id='line_1_18' title="bbox 377 1411 1765 1466; baseline 0.002 -16"><span class='ocrx_word' id='word_1_147' title='bbox 377 1425 440 1451; x_wconf 89' lang='lat' dir='ltr'>eos</span> <span class='ocrx_word' id='word_1_148' title='bbox 462 1411 533 1450; x_wconf 82' lang='lat' dir='ltr'>effe</span> <span class='ocrx_word' id='word_1_149' title='bbox 548 1413 668 1457; x_wconf 89' lang='lat' dir='ltr'>Deos,</span> <span class='ocrx_word' id='word_1_150' title='bbox 684 1425 780 1464; x_wconf 90' lang='lat' dir='ltr'>quos</span> <span class='ocrx_word' id='word_1_151' title='bbox 798 1412 869 1451; x_wconf 89' lang='lat' dir='ltr'>tibi</span> <span class='ocrx_word' id='word_1_152' title='bbox 885 1412 1071 1457; x_wconf 89' lang='lat' dir='ltr'>Velleius,</span> <span class='ocrx_word' id='word_1_153' title='bbox 1089 1412 1282 1465; x_wconf 89' lang='lat' dir='ltr'>multique</span> <span class='ocrx_word' id='word_1_154' title='bbox 1296 1421 1472 1466; x_wconf 86' lang='lat' dir='ltr'>praeterea</span> <span class='ocrx_word' id='word_1_155' title='bbox 1490 1426 1537 1452; x_wconf 92' lang='lat' dir='ltr'>ne</span> <span class='ocrx_word' id='word_1_156' title='bbox 1556 1414 1765 1453; x_wconf 86' lang='lat' dir='ltr'>animantes</span> 
     </span>
     <span class='ocr_line' id='line_1_19' title="bbox 377 1477 869 1530; baseline 0.002 -15"><span class='ocrx_word' id='word_1_157' title='bbox 377 1477 538 1530; x_wconf 89' lang='lat' dir='ltr'>quidem</span> <span class='ocrx_word' id='word_1_158' title='bbox 556 1477 627 1516; x_wconf 79' lang='lat' dir='ltr'>effe</span> <span class='ocrx_word' id='word_1_159' title='bbox 645 1477 869 1516; x_wconf 87' lang='lat' dir='ltr'>concedant.</span> 
     </span>
    </p>

    <p class='ocr_par' dir='ltr' id='par_1_5' title="bbox 374 1543 1766 1778">
     <span class='ocr_line' id='line_1_20' title="bbox 433 1543 1766 1596; baseline 0.001 -15"><span class='ocrx_word' id='word_1_160' title='bbox 433 1544 560 1581; x_wconf 90' lang='lat' dir='ltr'>Grave</span> <span class='ocrx_word' id='word_1_161' title='bbox 579 1544 695 1582; x_wconf 85' lang='lat' dir='ltr'>etiam</span> <span class='ocrx_word' id='word_1_162' title='bbox 712 1552 984 1596; x_wconf 87' lang='lat' dir='ltr'>argumentum</span> <span class='ocrx_word' id='word_1_163' title='bbox 1003 1543 1074 1582; x_wconf 90' lang='lat' dir='ltr'>tibi</span> <span class='ocrx_word' id='word_1_164' title='bbox 1094 1543 1307 1588; x_wconf 88' lang='lat' dir='ltr'>videbatur,</span> <span class='ocrx_word' id='word_1_165' title='bbox 1338 1543 1443 1595; x_wconf 78' lang='lat' dir='ltr'>quod</span> <span class='ocrx_word' id='word_1_166' title='bbox 1462 1544 1595 1596; x_wconf 89' lang='lat' dir='ltr'>opinio</span> <span class='ocrx_word' id='word_1_167' title='bbox 1611 1544 1657 1582; x_wconf 90' lang='lat' dir='ltr'>de</span> <span class='ocrx_word' id='word_1_168' title='bbox 1678 1545 1766 1583; x_wconf 84' lang='lat' dir='ltr'>Diis</span> 
     </span>
     <span class='ocr_line' id='line_1_21' title="bbox 378 1603 1765 1661; baseline 0 -14"><span class='ocrx_word' id='word_1_169' title='bbox 378 1609 661 1647; x_wconf 82' lang='lat' dir='ltr'>immortalibus</span> <span class='ocrx_word' id='word_1_170' title='bbox 678 1617 716 1644; x_wconf 89' lang='lat' dir='ltr'>et</span> <span class='ocrx_word' id='word_1_171' title='bbox 733 1603 912 1645; x_wconf 85' lang='lat' dir='ltr'>omnium</span> <span class='ocrx_word' id='word_1_172' title='bbox 932 1607 1034 1651; x_wconf 80' lang='lat' dir='ltr'>esset,</span> <span class='ocrx_word' id='word_1_173' title='bbox 1067 1615 1104 1644; x_wconf 87' lang='lat' dir='ltr'>et</span> <span class='ocrx_word' id='word_1_174' title='bbox 1124 1607 1296 1658; x_wconf 89' lang='lat' dir='ltr'>quotidie</span> <span class='ocrx_word' id='word_1_175' title='bbox 1316 1607 1511 1646; x_wconf 89' lang='lat' dir='ltr'>cresceret.</span> <span class='ocrx_word' id='word_1_176' title='bbox 1545 1609 1673 1647; x_wconf 90' lang='lat' dir='ltr'>Placet</span> <span class='ocrx_word' id='word_1_177' title='bbox 1690 1610 1765 1661; x_wconf 84' lang='lat' dir='ltr'>igi-</span> 
     </span>
     <span class='ocr_line' id='line_1_22' title="bbox 377 1671 1766 1727; baseline 0.001 -15"><span class='ocrx_word' id='word_1_178' title='bbox 377 1683 453 1719; x_wconf 91' lang='lat' dir='ltr'>tur,</span> <span class='ocrx_word' id='word_1_179' title='bbox 484 1682 604 1712; x_wconf 91' lang='lat' dir='ltr'>tantas</span> <span class='ocrx_word' id='word_1_180' title='bbox 623 1685 680 1710; x_wconf 87' lang='lat' dir='ltr'>res</span> <span class='ocrx_word' id='word_1_181' title='bbox 700 1672 881 1725; x_wconf 89' lang='lat' dir='ltr'>opinione</span> <span class='ocrx_word' id='word_1_182' title='bbox 899 1671 1103 1711; x_wconf 89' lang='lat' dir='ltr'>stultorum</span> <span class='ocrx_word' id='word_1_183' title='bbox 1116 1673 1295 1725; x_wconf 87' lang='lat' dir='ltr'>judicari,</span> <span class='ocrx_word' id='word_1_184' title='bbox 1323 1673 1431 1711; x_wconf 91' lang='lat' dir='ltr'>vobis</span> <span class='ocrx_word' id='word_1_185' title='bbox 1451 1673 1670 1725; x_wconf 88' lang='lat' dir='ltr'>praesertim,</span> <span class='ocrx_word' id='word_1_186' title='bbox 1697 1675 1766 1727; x_wconf 87' lang='lat' dir='ltr'>qui</span> 
     </span>
     <span class='ocr_line' id='line_1_23' title="bbox 374 1738 904 1778; baseline -0.006 0"><span class='ocrx_word' id='word_1_187' title='bbox 374 1739 461 1778; x_wconf 90' lang='lat' dir='ltr'>illos</span> <span class='ocrx_word' id='word_1_188' title='bbox 482 1739 629 1777; x_wconf 90' lang='lat' dir='ltr'>insanos</span> <span class='ocrx_word' id='word_1_189' title='bbox 649 1738 720 1776; x_wconf 85' lang='lat' dir='ltr'>effe</span> <span class='ocrx_word' id='word_1_190' title='bbox 739 1738 873 1776; x_wconf 88' lang='lat' dir='ltr'>dicatis</span> <span class='ocrx_word' id='word_1_191' title='bbox 891 1738 904 1774; x_wconf 90' lang='lat'>?</span> 
     </span>
    </p>

    <p class='ocr_par' dir='ltr' id='par_1_6' title="bbox 374 1802 1766 2577">
     <span class='ocr_line' id='line_1_24' title="bbox 431 1802 1765 1857; baseline 0 -15"><span class='ocrx_word' id='word_1_192' title='bbox 431 1805 482 1843; x_wconf 90' lang='lat' dir='ltr'>V.</span> <span class='ocrx_word' id='word_1_193' title='bbox 515 1805 570 1842; x_wconf 94' lang='lat' dir='ltr'>At</span> <span class='ocrx_word' id='word_1_194' title='bbox 589 1804 693 1842; x_wconf 92' lang='lat' dir='ltr'>enim</span> <span class='ocrx_word' id='word_1_195' title='bbox 714 1803 912 1856; x_wconf 74' lang='lat' dir='ltr'>praesentes</span> <span class='ocrx_word' id='word_1_196' title='bbox 931 1802 1104 1841; x_wconf 87' lang='lat' dir='ltr'>videmus</span> <span class='ocrx_word' id='word_1_197' title='bbox 1129 1803 1247 1847; x_wconf 87' lang='lat' dir='ltr'>Deos,</span> <span class='ocrx_word' id='word_1_198' title='bbox 1269 1812 1312 1841; x_wconf 91' lang='lat' dir='ltr'>ut</span> <span class='ocrx_word' id='word_1_199' title='bbox 1332 1805 1432 1856; x_wconf 89' lang='lat' dir='ltr'>apud</span> <span class='ocrx_word' id='word_1_200' title='bbox 1452 1804 1652 1857; x_wconf 89' lang='lat' dir='ltr'>Regillum</span> <span class='ocrx_word' id='word_1_201' title='bbox 1672 1804 1765 1843; x_wconf 92' lang='lat' dir='ltr'>Pos-</span> 
     </span>
     <span class='ocr_line' id='line_1_25' title="bbox 375 1867 1766 1921; baseline -0.001 -12"><span class='ocrx_word' id='word_1_202' title='bbox 375 1869 538 1914; x_wconf 83' lang='lat' dir='ltr'>tumius,</span> <span class='ocrx_word' id='word_1_203' title='bbox 573 1869 614 1906; x_wconf 88' lang='lat' dir='ltr'>in</span> <span class='ocrx_word' id='word_1_204' title='bbox 648 1868 784 1907; x_wconf 88' lang='lat' dir='ltr'>Salaria</span> <span class='ocrx_word' id='word_1_205' title='bbox 814 1868 1012 1913; x_wconf 84' lang='lat' dir='ltr'>Vatienus‚</span> <span class='ocrx_word' id='word_1_206' title='bbox 1048 1867 1173 1906; x_wconf 89' lang='lat' dir='ltr'>nescio</span> <span class='ocrx_word' id='word_1_207' title='bbox 1208 1869 1302 1921; x_wconf 88' lang='lat' dir='ltr'>quid</span> <span class='ocrx_word' id='word_1_208' title='bbox 1331 1869 1446 1908; x_wconf 89' lang='lat' dir='ltr'>etiam</span> <span class='ocrx_word' id='word_1_209' title='bbox 1473 1870 1518 1907; x_wconf 91' lang='lat' dir='ltr'>de</span> <span class='ocrx_word' id='word_1_210' title='bbox 1551 1871 1766 1908; x_wconf 87' lang='lat' dir='ltr'>Locrorum</span> 
     </span>
     <span class='ocr_line' id='line_1_26' title="bbox 376 1934 1766 1989; baseline 0 -15"><span class='ocrx_word' id='word_1_211' title='bbox 376 1936 477 1989; x_wconf 91' lang='lat' dir='ltr'>apud</span> <span class='ocrx_word' id='word_1_212' title='bbox 498 1936 651 1987; x_wconf 88' lang='lat' dir='ltr'>Sagram</span> <span class='ocrx_word' id='word_1_213' title='bbox 678 1934 824 1987; x_wconf 85' lang='lat' dir='ltr'>praelio.</span> <span class='ocrx_word' id='word_1_214' title='bbox 868 1935 977 1986; x_wconf 87' lang='lat' dir='ltr'>Qos</span> <span class='ocrx_word' id='word_1_215' title='bbox 1008 1934 1125 1987; x_wconf 90' lang='lat' dir='ltr'>igitur</span> <span class='ocrx_word' id='word_1_216' title='bbox 1145 1943 1187 1973; x_wconf 90' lang='lat' dir='ltr'>tu</span> <span class='ocrx_word' id='word_1_217' title='bbox 1207 1934 1444 1986; x_wconf 88' lang='lat' dir='ltr'>Tyndaridas</span> <span class='ocrx_word' id='word_1_218' title='bbox 1468 1936 1695 1988; x_wconf 86' lang='lat' dir='ltr'>appellabas,</span> <span class='ocrx_word' id='word_1_219' title='bbox 1726 1936 1766 1974; x_wconf 92' lang='lat' dir='ltr'>id</span> 
     </span>
     <span class='ocr_line' id='line_1_27' title="bbox 375 1999 1765 2054; baseline 0.001 -15"><span class='ocrx_word' id='word_1_220' title='bbox 375 2001 441 2046; x_wconf 89' lang='lat' dir='ltr'>est,</span> <span class='ocrx_word' id='word_1_221' title='bbox 473 2000 651 2039; x_wconf 84' lang='lat' dir='ltr'>homines</span> <span class='ocrx_word' id='word_1_222' title='bbox 685 1999 845 2038; x_wconf 91' lang='lat' dir='ltr'>homine</span> <span class='ocrx_word' id='word_1_223' title='bbox 878 2009 998 2045; x_wconf 89' lang='lat' dir='ltr'>natos,</span> <span class='ocrx_word' id='word_1_224' title='bbox 1029 2009 1067 2038; x_wconf 93' lang='lat' dir='ltr'>et</span> <span class='ocrx_word' id='word_1_225' title='bbox 1097 2014 1192 2052; x_wconf 88' lang='lat' dir='ltr'>quos</span> <span class='ocrx_word' id='word_1_226' title='bbox 1219 2001 1430 2047; x_wconf 87' lang='lat' dir='ltr'>Homerus,</span> <span class='ocrx_word' id='word_1_227' title='bbox 1465 2002 1535 2054; x_wconf 86' lang='lat' dir='ltr'>qui</span> <span class='ocrx_word' id='word_1_228' title='bbox 1564 2014 1692 2040; x_wconf 88' lang='lat' dir='ltr'>recens</span> <span class='ocrx_word' id='word_1_229' title='bbox 1718 2002 1765 2040; x_wconf 88' lang='lat' dir='ltr'>ab</span> 
     </span>
     <span class='ocr_line' id='line_1_28' title="bbox 374 2065 1764 2119; baseline 0.001 -14"><span class='ocrx_word' id='word_1_230' title='bbox 374 2067 532 2106; x_wconf 89' lang='lat' dir='ltr'>illorum</span> <span class='ocrx_word' id='word_1_231' title='bbox 552 2074 658 2105; x_wconf 84' lang='lat' dir='ltr'>aetate</span> <span class='ocrx_word' id='word_1_232' title='bbox 678 2065 768 2111; x_wconf 86' lang='lat' dir='ltr'>fuit,</span> <span class='ocrx_word' id='word_1_233' title='bbox 800 2065 966 2119; x_wconf 88' lang='lat' dir='ltr'>sepultos</span> <span class='ocrx_word' id='word_1_234' title='bbox 995 2065 1065 2104; x_wconf 79' lang='lat' dir='ltr'>effe</span> <span class='ocrx_word' id='word_1_235' title='bbox 1085 2066 1180 2104; x_wconf 90' lang='lat' dir='ltr'>dicit</span> <span class='ocrx_word' id='word_1_236' title='bbox 1208 2067 1498 2112; x_wconf 85' lang='lat' dir='ltr'>Lacedaemone,</span> <span class='ocrx_word' id='word_1_237' title='bbox 1525 2081 1588 2106; x_wconf 88' lang='lat' dir='ltr'>eos</span> <span class='ocrx_word' id='word_1_238' title='bbox 1610 2077 1651 2106; x_wconf 90' lang='lat' dir='ltr'>tu</span> <span class='ocrx_word' id='word_1_239' title='bbox 1673 2081 1764 2106; x_wconf 87' lang='lat' dir='ltr'>can·</span> 
     </span>
     <span class='ocr_line' id='line_1_29' title="bbox 376 2131 1764 2178; baseline 0 -7"><span class='ocrx_word' id='word_1_240' title='bbox 376 2132 508 2171; x_wconf 90' lang='lat' dir='ltr'>theriis</span> <span class='ocrx_word' id='word_1_241' title='bbox 528 2132 638 2176; x_wconf 78' lang='lat' dir='ltr'>albis,</span> <span class='ocrx_word' id='word_1_242' title='bbox 660 2131 775 2170; x_wconf 90' lang='lat' dir='ltr'>nullis</span> <span class='ocrx_word' id='word_1_243' title='bbox 796 2132 1009 2176; x_wconf 91' lang='lat' dir='ltr'>calonibus,</span> <span class='ocrx_word' id='word_1_244' title='bbox 1041 2132 1195 2170; x_wconf 88' lang='lat' dir='ltr'>obviam</span> <span class='ocrx_word' id='word_1_245' title='bbox 1216 2133 1378 2171; x_wconf 84' lang='lat' dir='ltr'>Vatieno</span> <span class='ocrx_word' id='word_1_246' title='bbox 1397 2132 1532 2171; x_wconf 87' lang='lat' dir='ltr'>veniffe</span> <span class='ocrx_word' id='word_1_247' title='bbox 1561 2133 1764 2178; x_wconf 85' lang='lat' dir='ltr'>existimas,</span> 
     </span>
     <span class='ocr_line' id='line_1_30' title="bbox 374 2197 1763 2250; baseline 0.001 -15"><span class='ocrx_word' id='word_1_248' title='bbox 374 2207 414 2236; x_wconf 88' lang='lat' dir='ltr'>et</span> <span class='ocrx_word' id='word_1_249' title='bbox 448 2197 646 2235; x_wconf 58' lang='lat' dir='ltr'>victoriam</span> <span class='ocrx_word' id='word_1_250' title='bbox 675 2197 810 2249; x_wconf 88' lang='lat' dir='ltr'>populi</span> <span class='ocrx_word' id='word_1_251' title='bbox 843 2197 1013 2235; x_wconf 90' lang='lat' dir='ltr'>Romani</span> <span class='ocrx_word' id='word_1_252' title='bbox 1046 2197 1210 2235; x_wconf 86' lang='lat' dir='ltr'>vatieno</span> <span class='ocrx_word' id='word_1_253' title='bbox 1242 2198 1386 2250; x_wconf 84' lang='lat' dir='ltr'>potius,</span> <span class='ocrx_word' id='word_1_254' title='bbox 1433 2198 1585 2236; x_wconf 90' lang='lat' dir='ltr'>homini</span> <span class='ocrx_word' id='word_1_255' title='bbox 1612 2198 1763 2243; x_wconf 89' lang='lat' dir='ltr'>rustico,</span> 
     </span>
     <span class='ocr_line' id='line_1_31' title="bbox 375 2262 1766 2316; baseline 0.001 -16"><span class='ocrx_word' id='word_1_256' title='bbox 375 2275 495 2315; x_wconf 86' lang='lat' dir='ltr'>quam</span> <span class='ocrx_word' id='word_1_257' title='bbox 515 2263 579 2300; x_wconf 93' lang='lat' dir='ltr'>M.</span> <span class='ocrx_word' id='word_1_258' title='bbox 603 2263 757 2306; x_wconf 86' lang='lat' dir='ltr'>Catoni,</span> <span class='ocrx_word' id='word_1_259' title='bbox 790 2262 858 2314; x_wconf 91' lang='lat' dir='ltr'>qui</span> <span class='ocrx_word' id='word_1_260' title='bbox 879 2271 963 2301; x_wconf 87' lang='lat' dir='ltr'>tum</span> <span class='ocrx_word' id='word_1_261' title='bbox 983 2272 1060 2300; x_wconf 91' lang='lat' dir='ltr'>erat</span> <span class='ocrx_word' id='word_1_262' title='bbox 1086 2263 1279 2316; x_wconf 88' lang='lat' dir='ltr'>princeps,</span> <span class='ocrx_word' id='word_1_263' title='bbox 1311 2264 1566 2303; x_wconf 83' lang='lat' dir='ltr'>nuntiaviffe?</span> <span class='ocrx_word' id='word_1_264' title='bbox 1598 2265 1702 2315; x_wconf 91' lang='lat' dir='ltr'>Ergo</span> <span class='ocrx_word' id='word_1_265' title='bbox 1728 2273 1766 2301; x_wconf 92' lang='lat' dir='ltr'>et</span> 
     </span>
     <span class='ocr_line' id='line_1_32' title="bbox 378 2327 1764 2382; baseline 0 -16"><span class='ocrx_word' id='word_1_266' title='bbox 378 2328 476 2366; x_wconf 90' lang='lat' dir='ltr'>illud</span> <span class='ocrx_word' id='word_1_267' title='bbox 495 2328 535 2365; x_wconf 93' lang='lat' dir='ltr'>in</span> <span class='ocrx_word' id='word_1_268' title='bbox 555 2328 670 2372; x_wconf 88' lang='lat' dir='ltr'>filice,</span> <span class='ocrx_word' id='word_1_269' title='bbox 692 2328 796 2380; x_wconf 92' lang='lat' dir='ltr'>quod</span> <span class='ocrx_word' id='word_1_270' title='bbox 816 2327 930 2367; x_wconf 89' lang='lat' dir='ltr'>hodie</span> <span class='ocrx_word' id='word_1_271' title='bbox 950 2337 1103 2381; x_wconf 88' lang='lat' dir='ltr'>apparet</span> <span class='ocrx_word' id='word_1_272' title='bbox 1122 2329 1222 2382; x_wconf 89' lang='lat' dir='ltr'>apud</span> <span class='ocrx_word' id='word_1_273' title='bbox 1243 2330 1457 2382; x_wconf 89' lang='lat' dir='ltr'>Regillum,</span> <span class='ocrx_word' id='word_1_274' title='bbox 1481 2339 1661 2381; x_wconf 89' lang='lat' dir='ltr'>tanquam</span> <span class='ocrx_word' id='word_1_275' title='bbox 1681 2329 1764 2366; x_wconf 90' lang='lat' dir='ltr'>ves-</span> 
     </span>
     <span class='ocr_line' id='line_1_33' title="bbox 377 2393 1765 2446; baseline 0.001 -16"><span class='ocrx_word' id='word_1_276' title='bbox 377 2393 519 2445; x_wconf 82' lang='lat' dir='ltr'>tigium</span> <span class='ocrx_word' id='word_1_277' title='bbox 546 2393 711 2445; x_wconf 89' lang='lat' dir='ltr'>ungulae,</span> <span class='ocrx_word' id='word_1_278' title='bbox 745 2393 906 2432; x_wconf 87' lang='lat' dir='ltr'>Castoris</span> <span class='ocrx_word' id='word_1_279' title='bbox 937 2395 1027 2446; x_wconf 89' lang='lat' dir='ltr'>equi</span> <span class='ocrx_word' id='word_1_280' title='bbox 1063 2395 1182 2433; x_wconf 90' lang='lat' dir='ltr'>credis</span> <span class='ocrx_word' id='word_1_281' title='bbox 1214 2395 1311 2433; x_wconf 84' lang='lat' dir='ltr'>effe?</span> <span class='ocrx_word' id='word_1_282' title='bbox 1342 2396 1485 2436; x_wconf 85' lang='lat' dir='ltr'>Nonne</span> <span class='ocrx_word' id='word_1_283' title='bbox 1517 2394 1635 2432; x_wconf 86' lang='lat' dir='ltr'>mavis</span> <span class='ocrx_word' id='word_1_284' title='bbox 1668 2393 1765 2431; x_wconf 88' lang='lat' dir='ltr'>illud</span> 
     </span>
     <span class='ocr_line' id='line_1_34' title="bbox 377 2458 1762 2513; baseline 0 -16"><span class='ocrx_word' id='word_1_285' title='bbox 377 2458 542 2503; x_wconf 90' lang='lat' dir='ltr'>credere,</span> <span class='ocrx_word' id='word_1_286' title='bbox 574 2459 678 2510; x_wconf 90' lang='lat' dir='ltr'>quod</span> <span class='ocrx_word' id='word_1_287' title='bbox 712 2460 861 2511; x_wconf 87' lang='lat' dir='ltr'>probari</span> <span class='ocrx_word' id='word_1_288' title='bbox 895 2460 1030 2513; x_wconf 90' lang='lat' dir='ltr'>potest,</span> <span class='ocrx_word' id='word_1_289' title='bbox 1065 2461 1212 2499; x_wconf 90' lang='lat' dir='ltr'>animos</span> <span class='ocrx_word' id='word_1_290' title='bbox 1246 2462 1513 2513; x_wconf 63' lang='lat' dir='ltr'>praeclarorum</span> <span class='ocrx_word' id='word_1_291' title='bbox 1541 2459 1762 2504; x_wconf 88' lang='lat' dir='ltr'>hominum,</span> 
     </span>
     <span class='ocr_line' id='line_1_35' title="bbox 377 2523 1763 2577; baseline 0.001 -16"><span class='ocrx_word' id='word_1_292' title='bbox 377 2523 508 2576; x_wconf 88' lang='lat' dir='ltr'>quales</span> <span class='ocrx_word' id='word_1_293' title='bbox 539 2523 598 2562; x_wconf 90' lang='lat' dir='ltr'>isti</span> <span class='ocrx_word' id='word_1_294' title='bbox 630 2524 858 2574; x_wconf 81' lang='lat' dir='ltr'>Tyndarida:</span> <span class='ocrx_word' id='word_1_295' title='bbox 888 2524 1058 2571; x_wconf 89' lang='lat' dir='ltr'>fuerunt,</span> <span class='ocrx_word' id='word_1_296' title='bbox 1094 2526 1241 2564; x_wconf 88' lang='lat' dir='ltr'>divinos</span> <span class='ocrx_word' id='word_1_297' title='bbox 1275 2525 1344 2563; x_wconf 82' lang='lat' dir='ltr'>effe</span> <span class='ocrx_word' id='word_1_298' title='bbox 1377 2534 1414 2561; x_wconf 91' lang='lat' dir='ltr'>et</span> <span class='ocrx_word' id='word_1_299' title='bbox 1445 2534 1614 2571; x_wconf 87' lang='lat' dir='ltr'>aeternos‚</span> <span class='ocrx_word' id='word_1_300' title='bbox 1647 2537 1763 2577; x_wconf 89' lang='lat' dir='ltr'>quam</span> 
     </span>
    </p>
   </div>
   <div class='ocr_carea' id='block_1_3' title="bbox 1282 2592 1462 2643">
    <p class='ocr_par' dir='ltr' id='par_1_7' title="bbox 1282 2592 1462 2643">
     <span class='ocr_line' id='line_1_36' title="bbox 1282 2592 1462 2643; baseline 0 0"><span class='ocrx_word' id='word_1_301' title='bbox 1282 2592 1462 2643; x_wconf 69' lang='lat' dir='ltr'>Qqq2</span> 
     </span>
    </p>
   </div>
  </div>
 </body>
</html>
