2330 2983
698 257 977 297 LIBER
1033 256 1465 309 QUARTUS.
1704 271 1782 313 335

386 354 623 395 declinamus
640 372 654 400 3
684 367 772 407 quae
801 354 1022 400 declinatio,
1056 354 1082 393 fi
1102 368 1195 393 cum
1226 355 1370 394 ratione
1395 353 1475 401 fiet,
1505 354 1622 394 cautio
1646 355 1781 409 appel-

385 420 499 466 letur,
528 433 647 473 eaque
680 420 920 473 intelligatur
944 421 985 458 in
1018 420 1098 458 solo
1118 420 1190 458 effe
1219 421 1412 473 sapiente:
1444 434 1531 474 quae
1555 430 1684 460 autem
1704 421 1782 460 fine

385 487 544 532 ratione,
575 495 614 525 et
643 499 736 524 curn
769 485 1050 525 exanimatione
1081 484 1227 523 humili
1246 495 1360 538 atque
1390 485 1520 532 frasta,
1560 488 1783 527 nominetur

385 562 526 591 metus.
557 552 626 590 Est
645 552 765 605 igitur
783 561 910 590 metus
930 551 1070 590 rationi
1089 550 1238 589 adversa
1256 551 1397 590 cautio.
1436 552 1631 592 Praesentis
1652 563 1783 593 autem

385 617 493 663 mali,
523 616 681 671 sapienti
701 616 851 655 affet‘tio
871 616 979 655 nulla
997 617 1063 655 est.
1114 616 1250 654 Stultis
1271 625 1401 655 autem
1430 618 1615 669 aegritudo
1645 619 1697 656 est
1724 633 1781 665 ea,

383 697 462 737 qua
479 684 700 722 afficiuntur
720 684 760 721 in
782 683 893 722 malis
927 683 1106 736 opinatis,
1137 683 1361 736 animosque
1390 683 1602 722 demittunt
1628 693 1666 723 et
1685 699 1782 723 con-

386 748 559 795 trahunt,
591 749 728 788 rationi
748 763 826 787 non
847 750 1168 802 obtemperantes,
1211 750 1345 801 Itaque
1363 747 1446 787 haec
1465 749 1590 802 prima
1609 749 1784 789 definitio

383 815 436 853 est
451 833 463 860 ς
496 825 539 853 ut
559 815 745 867 aegritudo
775 814 820 852 fit
849 815 985 860 animi,
1015 814 1230 853 adversante
1249 815 1408 859 ratione,
1438 815 1660 854 contractio.
1720 817 1782 854 Sic

384 890 549 933 quatuor
567 881 870 934 perturbationes
891 881 991 926 sunt,
1013 889 1087 919 tres
1107 881 1339 926 constantiae,
1360 882 1546 934 quoniam
1566 882 1785 935 aegritudini-

384 947 492 985 nulla
510 947 719 986 constantia
737 947 960 999 opponitur.

440 1013 532 1050 VII.
565 1012 636 1050 Sed
655 1025 790 1050 omnes
810 1012 1113 1064 perturbationes
1127 1012 1278 1064 judicio
1297 1013 1451 1050 censent
1469 1013 1551 1051 fieri
1571 1022 1608 1051 et
1627 1013 1784 1066 opinio-

384 1091 446 1116 ne.
478 1078 613 1129 Itaque
632 1091 692 1115 eas
713 1077 902 1115 definiunt
921 1078 1089 1130 preffius,
1112 1086 1154 1115 ut
1173 1078 1412 1130 intelligatur
1431 1091 1508 1115 non
1528 1079 1646 1116 modo
1665 1093 1784 1131 quam

383 1142 540 1187 vitiosae,
562 1143 623 1181 sed
641 1143 758 1180 etiam
779 1156 897 1193 quam
917 1143 958 1180 in
979 1143 1103 1180 nostra
1121 1142 1193 1180 sint
1212 1143 1408 1195 potestate.
1446 1143 1514 1181 Est
1532 1143 1653 1196 igitur
1672 1145 1783 1197 aegri-

382 1209 492 1254 tudo,
525 1209 658 1262 opinIO
689 1222 819 1247 recens
848 1209 942 1247 mali
967 1209 1172 1262 praesenti8‚
1204 1210 1245 1247 in
1284 1223 1363 1262 quo
1396 1209 1552 1248 demitti
1585 1209 1784 1249 contrahi-

382 1288 459 1328 que
492 1276 622 1313 animo
656 1276 803 1312 rectum
837 1275 907 1312 effe
941 1275 1125 1313 videatur.
1179 1275 1344 1320 Laetitia,
1375 1275 1508 1327 opinio
1528 1288 1655 1314 recens
1689 1276 1784 1314 boni

384 1339 591 1392 praesentis,
626 1339 667 1376 in
688 1353 767 1391 quo
797 1338 921 1377 efferri
956 1341 1102 1377 reetum
1133 1338 1203 1376 effe
1234 1339 1419 1377 videatur.
1468 1340 1619 1385 Metus,
1650 1340 1786 1393 opinio

384 1405 644 1458 impendentis
665 1405 772 1449 mali,
791 1405 896 1456 quod
913 1405 1152 1443 intolerabile
1171 1404 1242 1443 esse
1260 1405 1444 1443 videatur.
1473 1406 1632 1451 Libido,
1649 1407 1786 1459 opinio

383 1472 536 1509 venturi
556 1472 662 1516 boni,
683 1471 789 1523 quod
806 1471 849 1509 sit
869 1484 916 1509 ex
936 1471 1003 1508 usu
1018 1473 1099 1522 jam
1120 1471 1279 1523 praesens
1301 1471 1371 1509 effe
1385 1480 1499 1523 atque
1514 1471 1645 1510 adefi‘e.

440 1537 513 1574 Sed
533 1550 617 1588 quae
640 1536 800 1587 judicia,
833 1536 1000 1587 quasque
1019 1537 1220 1588 opiniones
1240 1537 1574 1588 perturbationum
1595 1535 1666 1574 effe
1686 1537 1782 1583 dixi,

385 1615 463 1640 non
483 1602 523 1639 in
553 1602 606 1639 eis
626 1601 930 1654 perturbationes
961 1601 1086 1639 solum
1117 1602 1252 1654 positas
1272 1602 1343 1640 effe
1374 1603 1526 1648 dicunt,
1555 1616 1688 1641 verum
1716 1604 1784 1642 illa

383 1668 515 1712 etiam,
547 1681 632 1719 quae
652 1667 873 1705 efficiuntur
892 1667 1258 1719 perturbationibuS,
1290 1677 1333 1706 ut
1350 1669 1535 1720 aegritudo
1551 1670 1653 1721 quasi
1675 1684 1782 1708 mor-

385 1732 471 1771 sum
491 1733 659 1785 aliquem
681 1732 821 1770 doloris
841 1733 982 1770 efficiat
997 1751 1012 1777 ς
1041 1742 1166 1770 metus
1194 1733 1377 1771 recess‘um
1398 1734 1589 1785 quendam
1605 1735 1725 1773 animi
1745 1744 1784 1773 et

384 1797 518 1852 fugam
533 1817 546 1843 5
568 1799 701 1836 laetitia
718 1798 913 1851 profusam
933 1797 1164 1837 hilaritatem
1180 1817 1191 1844 3
1215 1799 1337 1837 libido
1357 1799 1576 1837 effrenatam
1596 1809 1782 1853 appeten-

384 1864 494 1902 tiam.
519 1863 798 1916 Opinationem
817 1873 960 1909 autem,
977 1877 1095 1916 quam
1112 1864 1152 1902 in
1169 1878 1302 1903 omnes
1319 1864 1560 1904 definitiones
1576 1865 1782 1919 superiores

386 1929 627 1974 inclufimus‚
648 1929 785 1968 volunt
804 1929 874 1967 effe
893 1930 1133 1968 imbecillam
1153 1930 1409 1969 afl‘enfionem.

441 1996 512 2034 Sed
543 1996 700 2048 singulis
734 1996 1085 2048 perturbationibus
1120 2006 1242 2049 partes
1274 1997 1443 2050 ejusdem
1476 1998 1624 2051 generis
1654 1998 1780 2051 plures

385 2062 667 2115 subjiciuntur:
700 2072 744 2100 ut
763 2063 980 2116 :egritudini
1001 2063 1222 2109 invidentia,
1257 2065 1464 2115 (utendum
1490 2065 1541 2102 est
1561 2065 1681 2110 enim,
1710 2065 1780 2103 do-

384 2129 495 2167 cendi
516 2128 637 2174 causa,
668 2128 784 2167 verbo
817 2129 945 2167 minus
975 2130 1138 2175 usitat03
1171 2131 1355 2182 quoniam
1380 2131 1524 2169 invidia
1544 2145 1620 2170 non
1647 2132 1687 2169 in
1721 2144 1780 2176 eo,

385 2194 454 2246 qui
472 2195 632 2239 invidet,
654 2194 779 2232 solum
800 2195 954 2240 dicitur,
987 2195 1048 2233 sed
1067 2197 1182 2234 etiam
1204 2197 1242 2234 in
1263 2211 1321 2242 eo,
1343 2198 1406 2234 cui
1427 2197 1635 2249 invidetur)
1659 2211 1780 2235 aemu-

385 2259 492 2304 latio,
519 2260 757 2305 obtret‘htio,
786 2260 1055 2306 misericordia,
1083 2275 1215 2314 angor,
1237 2262 1376 2307 luetils,
1411 2276 1566 2307 moeror,
1598 2275 1778 2306 aerumna,

385 2325 507 2370 dolor,
528 2325 765 2370 lamentatio,
788 2325 1018 2372 sollicitudo,
1042 2327 1226 2373 molestia,
1257 2327 1463 2373 afflifftatio,
1491 2328 1710 2380 desperatio,
1742 2336 1780 2365 et

387 2391 411 2429 s1
434 2405 517 2443 qua:
538 2391 624 2430 sunt
644 2391 689 2429 de
709 2405 845 2445 genere
865 2393 1015 2431 eodem.
1068 2394 1198 2431 Metui
1218 2404 1344 2432 autem
1368 2394 1531 2445 subjecta
1551 2393 1636 2430 sunt
1656 2393 1779 2446 pigri-

387 2457 451 2501 tia,
483 2455 620 2509 pudor,
651 2465 782 2503 terror,
814 2458 946 2504 timor,
973 2472 1102 2511 pavor,
1134 2459 1378 2503 exanimatio,
1411 2458 1666 2503 conturbatio,
1697 2456 1779 2495 for-

387 2522 508 2561 mido.
555 2522 757 2575 Voluptati
788 2524 1055 2562 malevolentia
1089 2524 1215 2562 laetans
1251 2524 1352 2562 malo
1387 2523 1523 2568 alieno,
1565 2523 1779 2568 deleatatiQ

382 2589 551 2640 jactatIO,
568 2598 605 2628 et
619 2589 768 2628 fimilia.
784 2590 960 2629 Libidini
975 2590 1042 2636 ira,
1056 2589 1375 2634 excandescentia,
1393 2590 1541 2635 odium,
1561 2590 1780 2635 inimicitia,
