2330 2983
603 287 879 327 LIBER
937 287 1300 329 PRIMUS.
1575 306 1651 344 249

398 389 508 434 Veb'li,
523 388 695 441 petebant
707 389 832 441 pellem
851 388 1058 426 inauratam
1077 388 1202 427 arietis
1217 407 1229 433 ς

259 464 324 493 aut
343 454 384 500 ii,
416 456 484 506 qui
507 455 653 491 Oceani
672 453 767 491 freta
785 453 851 490 illa
871 453 1061 497 viderunt,

395 521 579 572 Europam
597 519 816 571 Libyamque
835 527 954 570 rapax
973 517 1036 556 ubi
1049 516 1181 556 dividit
1199 517 1295 557 unda
1309 535 1321 562 ;

259 584 366 637 quod
404 584 559 622 tandem
591 582 851 636 spectaculum
884 582 965 621 fore
998 592 1194 635 putamus,
1240 596 1333 621 cum
1360 592 1481 621 totam
1518 592 1654 624 terram

259 648 434 687 contueri
463 648 611 692 licebit,
640 647 797 700 ejusque
826 661 920 686 cum
951 648 1081 693 fitum,
1113 647 1295 693 formam,
1328 647 1655 702 circumscriptio-

260 726 365 760 nem,
387 724 472 754 tum
492 723 530 752 et
549 713 777 753 habitabiles
798 715 982 767 regiones,
1013 723 1051 753 et
1070 713 1221 753 rursum
1247 715 1356 753 omni
1375 715 1484 754 cultu
1505 724 1658 769 propter

260 781 341 818 vim
361 780 514 834 frigoris
534 788 599 818 aut
618 780 752 819 caloris
767 781 971 819 vacantes?

315 846 402 884 Nos
434 846 540 884 enim
570 858 618 884 ne
651 857 755 884 nunc
775 845 934 898 quidem
964 846 1088 884 oculis
1119 846 1314 885 cernimus
1345 859 1401 891 ea,
1431 860 1516 899 quae
1550 847 1657 885 vide-

261 923 364 949 mus.
424 912 566 964 Neque
584 911 689 949 enim
709 911 762 949 est
780 911 882 949 ullus
903 911 1028 950 sensus
1048 911 1089 950 in
1120 925 1293 965 corpore,
1323 912 1399 956 sed,
1428 921 1471 950 ut
1501 926 1577 951 non
1598 912 1657 952 so-

260 976 347 1015 lum
367 976 513 1030 physici
534 977 687 1022 docent,
718 989 853 1015 verum
872 977 989 1016 etiarn
1009 977 1164 1023 medici,
1195 979 1263 1030 qui
1294 976 1361 1016 ista
1383 987 1508 1031 aperta
1527 989 1566 1016 et
1590 992 1658 1031 pa-

260 1042 398 1081 tefacta
427 1043 618 1087 viderunt,
649 1043 718 1081 viae
748 1043 850 1095 quasi
882 1043 1058 1095 quaedam
1089 1042 1178 1081 sunt
1206 1043 1252 1081 ad
1284 1044 1432 1088 oculos,
1463 1045 1509 1082 ad
1538 1057 1658 1089 aures,

261 1109 307 1147 ad
336 1121 458 1153 nares,
489 1122 509 1147 a
528 1109 610 1146 sede
643 1106 764 1147 animi
794 1107 1004 1161 perforatae.
1049 1109 1184 1161 Itaque
1213 1108 1308 1162 saepe
1338 1118 1404 1147 aut
1428 1111 1661 1162 cogitatione

259 1184 328 1214 aut
347 1175 473 1228 aliqua
491 1175 529 1213 vi
556 1175 683 1213 morbi
703 1175 897 1228 impediti,
928 1175 1066 1229 apertis
1096 1184 1210 1228 atque
1236 1176 1394 1229 integris
1415 1184 1453 1215 et
1472 1177 1595 1215 oculis
1625 1186 1662 1215 et

259 1241 430 1286 auribus,
464 1253 534 1279 nec
564 1240 755 1286 videmus,
785 1255 856 1280 nec
886 1242 1087 1287 audimus,
1120 1251 1164 1280 ut
1192 1238 1305 1280 facile
1335 1241 1502 1294 intelligi
1536 1243 1660 1296 possit,

261 1309 438 1347 animum
467 1318 506 1346 et
524 1308 651 1346 videre
683 1317 721 1346 et
751 1308 894 1354 audire,
925 1322 1003 1347 non
1037 1322 1095 1347 eas
1126 1318 1265 1361 partes,
1295 1323 1380 1362 quae
1408 1309 1510 1362 quafi
1536 1307 1662 1347 fenes-

264 1382 330 1412 trae
350 1374 437 1412 sunt
456 1375 574 1412 animi
591 1392 603 1418 ς
635 1374 776 1426 quibus
798 1384 926 1412 tamen
957 1375 1093 1413 sentire
1113 1373 1212 1412 nihil
1241 1384 1354 1427 queat
1380 1386 1504 1420 mens,
1536 1375 1603 1413 nifi
1623 1375 1663 1414 id

264 1449 363 1492 agat,
394 1449 432 1477 et
449 1439 556 1478 adfit.
607 1439 730 1490 Qid,
751 1438 857 1492 quod
876 1439 1008 1477 eadem
1028 1447 1158 1478 mente
1185 1452 1241 1478 res
1261 1440 1531 1478 diffimillimas
1551 1453 1663 1479 com-

263 1505 554 1558 prehendimus,
585 1514 630 1543 ut
648 1505 833 1551 colorem,
869 1504 1054 1558 saporem,
1086 1505 1266 1550 calorem,
1297 1505 1471 1551 odorem,
1493 1503 1663 1545 sonum?

265 1585 353 1625 qua:
372 1584 573 1624 nunquam
592 1572 766 1624 quinque
785 1571 933 1609 nuntiis
952 1572 1104 1610 animus
1129 1572 1387 1625 cognosceret,
1418 1572 1487 1610 nis1
1508 1573 1554 1611 ad
1573 1585 1666 1612 eum

265 1637 398 1675 omnia
417 1635 658 1682 referrentur,
675 1646 712 1674 et
733 1637 763 1675 is
783 1637 964 1675 omnium
978 1637 1100 1689 judex
1118 1636 1218 1675 solus
1239 1636 1342 1676 effer.
1365 1640 1497 1691 Atque
1515 1650 1557 1676 ea
1572 1651 1665 1692 pro·

265 1701 367 1740 fecto
386 1709 472 1740 tum
493 1701 620 1739 multo
640 1701 792 1754 puriora
811 1710 848 1739 et
867 1701 1096 1740 dilucidiora
1115 1711 1331 1748 cernentur,
1362 1715 1469 1748 cum,
1497 1716 1575 1756 quo
1596 1717 1665 1742 na-

265 1778 350 1806 tura
368 1765 456 1812 fert,
473 1767 569 1805 liber
588 1768 740 1805 animus
756 1769 982 1820 pervenerit.
1005 1769 1112 1806 Nam
1129 1781 1233 1806 nunc
1249 1768 1422 1820 quidem,
1441 1781 1665 1821 quanquam

265 1833 454 1872 foramina
473 1832 552 1877 illa,
583 1846 668 1885 quae
688 1842 819 1885 patent
839 1834 885 1871 ad
905 1833 1082 1871 animum
1103 1846 1123 1870 a
1143 1846 1313 1886 corpore,
1342 1833 1584 1872 callidiffimo
1603 1849 1664 1873 ar-

265 1899 387 1938 tificio
405 1907 537 1937 natura
552 1897 735 1936 fabricata
749 1898 814 1944 est,
830 1907 957 1936 tamen
978 1898 1148 1944 terrenis,
1162 1899 1425 1952 concretisque
1441 1900 1665 1953 corporibus

267 1966 354 2003 sunt
374 1965 576 2018 intersepta
595 1965 896 2017 quodammodo.
941 1966 1045 2003 Cum
1065 1974 1194 2003 autem
1218 1963 1317 2003 nihil
1336 1966 1408 2004 erit
1427 1975 1561 2019 praeter
1581 1967 1664 2005 ani-

267 2045 380 2070 mum
395 2050 408 2077 ς
439 2031 545 2070 nulla
566 2043 622 2069 res
654 2031 800 2084 objecta
831 2031 1028 2084 impediet,
1061 2045 1138 2085 quo
1159 2032 1288 2071 minus
1321 2032 1522 2086 percipiat,
1553 2034 1666 2085 quale

267 2098 440 2151 quidque
461 2098 519 2137 fit.

312 2165 425 2204 XXI.
448 2165 640 2217 Qamvis
659 2165 808 2218 copiose
827 2164 923 2211 haec,
941 2165 1168 2210 diceremus,
1190 2165 1216 2204 fi
1233 2178 1289 2203 res
1310 2165 1528 2218 postularet,
1548 2179 1667 2219 quam

269 2231 407 2276 multa,
431 2243 549 2283 quam
569 2231 683 2276 varia,
714 2240 856 2283 quanta
875 2231 1084 2285 spestac'ula
1103 2231 1255 2269 animus
1276 2232 1314 2269 in
1337 2231 1431 2270 locis
1457 2232 1665 2270 caelestibus

268 2295 358 2334 esset
387 2295 603 2335 habiturus.
652 2297 750 2348 Qae
781 2297 939 2349 quidem
960 2298 1146 2351 cogitans,
1178 2296 1278 2336 soleo
1298 2297 1390 2351 saepe
1409 2298 1537 2336 mirari
1566 2311 1665 2335 non-

271 2361 471 2400 nullorum
500 2362 744 2401 insolentiam
775 2362 1107 2416 philosophorum,
1139 2364 1208 2417 qui
1242 2372 1383 2402 naturae
1403 2364 1667 2415 cognitionem

270 2427 520 2473 admirantur,
537 2427 692 2481 ejusque
711 2429 902 2468 inventori
917 2439 954 2468 et
967 2430 1134 2483 principi
1149 2430 1285 2483 gratias
1304 2429 1516 2467 exultantes
1532 2422 1665 2481 agunt,

270 2507 440 2547 eumque
459 2504 698 2540 venerantur,
731 2504 775 2533 ut
795 2496 940 2536 Deum.
999 2497 1199 2535 Liberatos
1219 2495 1324 2533 enim
1345 2494 1380 2532 se
1407 2507 1475 2546 per
1494 2506 1584 2532 eum
1605 2494 1666 2531 di-

268 2569 367 2599 cunt
385 2560 612 2613 graviffimis
633 2561 816 2607 dominis,
848 2570 990 2601 terrore
1009 2562 1252 2615 sempiterno,
1287 2570 1325 2598 et
1344 2561 1483 2598 diurno
1508 2573 1550 2597 ac
1571 2573 1667 2598 noc-

272 2634 389 2665 turno
409 2635 530 2665 metu.
563 2627 655 2679 Qo
676 2627 844 2666 terrore?
871 2641 948 2681 quo
968 2628 1104 2667 metu?
1135 2628 1233 2679 Qu:
1252 2626 1304 2665 est
1324 2640 1416 2665 anus
1438 2634 1515 2665 tarn
1535 2625 1666 2672 delira,

357 2693 397 2731 T
407 2705 505 2733 OM„
526 2693 578 2733 ΙΙ.
1316 2693 1334 2732 I
1355 2693 1369 2731 i
