2330 2983
512 312 594 350 4¹4
771 295 865 334 DE
922 293 1248 334 NATURA
1305 293 1642 332 DEORUM

541 397 650 435 Hinc
669 393 777 432 vobis
796 391 923 431 existit
941 389 1115 444 primum
1135 391 1202 429 illa
1219 389 1344 430 fatalis
1364 391 1569 436 neceffitas,
1588 403 1705 443 quam
1720 385 1903 440 εἱμαῖιρμένην

508 461 636 500 dicitis
651 478 663 505 ;
695 468 752 504 ut,
773 458 964 511 quidquid
981 457 1140 502 aecidat,
1160 457 1201 495 id
1220 470 1266 495 ex
1286 466 1422 495 aeterna
1440 457 1608 501 veritate,
1629 455 1903 507 causarumque

511 525 800 564 continuatione
829 521 976 561 fluxisse
1008 522 1155 560 dicatis.
1205 522 1353 574 Qanti
1383 530 1512 560 autem
1545 521 1626 560 haec
1662 518 1904 574 philosophia

512 590 729 629 aestimanda
746 589 812 634 est,
833 588 910 633 cui,
929 597 1113 640 tanquam
1133 587 1308 632 aniculis,
1329 597 1367 625 et
1382 588 1428 625 iis
1448 587 1605 639 quidem
1625 586 1803 630 indoctis,
1824 584 1904 623 fato

512 656 595 695 fieri
614 655 809 694 videantur
828 652 986 692 omnia?
1018 653 1197 704 Sequitur
1213 649 1355 699 μαντικῆ
1374 652 1503 697 vestra,
1536 666 1620 704 quae
1643 652 1779 690 Latine
1800 651 1902 689 divi-

512 722 618 760 natio
636 721 779 759 dicitur
793 737 806 764 ;
837 731 913 771 qua
933 727 1036 755 tanta
1054 717 1318 756 imbueremur
1337 717 1610 769 superstitione,
1643 717 1668 755 fi
1689 730 1754 755 vos
1775 716 1904 754 audire

511 787 712 829 vellemus,
734 793 776 822 ut
796 782 1028 835 haruspices,
1047 794 1223 834 augures,
1244 781 1366 825 arioli,
1387 790 1502 826 vates,
1524 791 1562 819 et
1580 782 1811 833 conjectores
1830 794 1902 819 no-

513 851 572 890 bis
591 850 707 888 effent
725 847 891 886 colendi.

567 916 644 954 His
665 913 870 952 terroribus
900 911 947 950 ab
967 911 1138 964 Epicuro
1163 910 1290 955 soluti,
1319 919 1359 948 et
1387 909 1428 947 in
1457 910 1675 949 libertatem
1704 909 1902 954 vindicati,

511 994 582 1020 nec
602 980 814 1019 metuimus
834 991 912 1023 eos,
938 990 1036 1030 quos
1062 976 1318 1029 intelligimus
1338 988 1409 1014 nec
1428 975 1497 1014 fibi
1515 976 1658 1028 fingere
1676 975 1795 1014 ullam
1815 988 1904 1014 mo-

513 1046 674 1092 lestiam,
704 1059 773 1084 nee
804 1045 912 1082 alteri
941 1056 1107 1096 quaerere
1123 1061 1134 1088 ς
1165 1052 1204 1081 et
1233 1043 1297 1094 pie
1326 1042 1524 1094 sancteque
1544 1042 1710 1080 colimus
1730 1051 1904 1080 naturam

511 1112 764 1151 excellentem
784 1119 897 1162 atque
917 1109 1170 1162 praestantem.
1202 1108 1274 1146 Sed
1293 1108 1412 1146 elatus
1434 1107 1569 1152 studio,
1590 1120 1732 1152 vereor,
1749 1120 1796 1145 ne
1815 1107 1903 1145 lon-

512 1177 596 1229 gior
614 1175 772 1214 fuerim.
817 1175 910 1212 Erat
929 1183 1060 1212 autem
1079 1172 1250 1216 difficile,
1283 1185 1364 1211 rem
1385 1181 1543 1217 tantam,
1570 1181 1726 1225 tamque
1747 1171 1904 1224 praecla-

512 1255 609 1286 ram,
644 1239 864 1278 inchoatam
884 1239 1111 1290 relinquere.
1161 1238 1396 1289 Qanquam
1422 1251 1500 1275 non
1526 1247 1605 1276 tam
1625 1237 1778 1276 dicendi
1796 1238 1906 1291 *ratio

512 1305 613 1343 mihi
633 1303 807 1342 habenda
825 1302 914 1347 fuit,
945 1315 1063 1353 quam
1082 1301 1275 1339 audiendi.

566 1370 680 1409 XXI.
712 1369 823 1406 Tum
843 1368 960 1406 Cotta
976 1366 1152 1411 comiter,
1174 1375 1218 1404 ut
1244 1365 1400 1410 solebat,
1425 1365 1564 1418 Atqui,
1596 1365 1741 1417 inquit,
1762 1366 1904 1412 Vellei,

512 1436 580 1474 nisi
601 1444 644 1473 tu
664 1433 811 1486 aliquid
827 1431 991 1476 dixiss‘es,
1009 1430 1109 1469 nihil
1127 1430 1212 1469 sane
1230 1444 1278 1469 ex
1297 1444 1362 1470 me
1383 1430 1544 1483 quidem
1563 1430 1692 1468 audire
1709 1431 1904 1483 potuisses.

513 1500 622 1540 Mihi
641 1501 747 1538 enim
767 1513 844 1538 non
865 1508 945 1537 tam
964 1497 1076 1536 facile
1095 1497 1135 1535 in
1155 1506 1329 1536 mentem
1348 1497 1476 1535 venire
1496 1496 1603 1542 solet,
1634 1508 1749 1549 quare
1771 1510 1906 1537 verum

513 1566 559 1605 fit
577 1565 738 1618 aliquid,
757 1577 875 1616 quam
895 1576 1011 1616 quare
1030 1561 1183 1601 falsum.
1230 1563 1353 1615 quue
1374 1576 1468 1601 cum
1487 1562 1595 1616 saepe,
1615 1571 1716 1607 tum,
1747 1575 1839 1602 cum
1868 1572 1907 1602 te

513 1631 684 1670 audirem
710 1629 824 1683 paulo
843 1638 944 1674 ante,
968 1627 1148 1680 contigit.
1207 1628 1336 1680 Roges
1356 1641 1434 1673 me,
1464 1627 1619 1680 qualem
1638 1629 1816 1667 Deorum
1836 1641 1905 1667 na-

512 1704 640 1735 turam
660 1695 731 1733 esse
750 1695 890 1732 ducam
905 1712 918 1738 5
940 1692 1040 1732 nihil
1061 1691 1208 1732 fortaffe
1228 1692 1488 1746 respondeam.
1531 1694 1700 1744 Qaems,
1721 1702 1907 1745 putemne

513 1762 632 1800 talem
651 1759 735 1804 effe,
766 1759 890 1811 qualis
920 1758 1039 1797 modo
1059 1770 1079 1795 a
1109 1766 1147 1795 te
1167 1758 1211 1796 sit
1235 1758 1427 1810 exposita,
1459 1756 1558 1795 nihil
1578 1758 1704 1796 dicam
1724 1757 1825 1796 mihi
1844 1759 1905 1796 vi·

513 1827 594 1865 deri
614 1825 758 1864 minus.
801 1824 873 1862 Sed
902 1832 1109 1876 antequam
1129 1822 1322 1875 aggrediar
1351 1822 1398 1860 ad
1416 1835 1471 1867 ea,
1503 1835 1588 1875 quae
1618 1836 1639 1861 a
1664 1832 1700 1861 te
1719 1823 1907 1877 disputata

514 1891 614 1937 sunt,
635 1891 682 1929 de
701 1900 737 1928 te
758 1890 838 1942 ipso
857 1889 983 1927 dicam
1003 1888 1098 1940 quid
1115 1887 1288 1926 sentiam.

576 1958 679 2008 Saepe
698 1955 804 1992 enim
824 1954 870 1991 de
887 1954 935 1991 L.
951 1952 1094 1997 Crasso,
1108 1951 1287 1990 familiari
1308 1961 1375 1990 tuo
1394 1951 1477 1997 illo,
1498 1951 1629 1991 videor
1648 1951 1800 1997 audisse,
1814 1965 1907 1991 cum

515 2030 552 2059 te
573 2021 710 2072 togatis
730 2019 912 2057 omnibus
934 2017 1009 2055 fine
1029 2017 1148 2055 dubio
1168 2016 1382 2061 anteferret,
1396 2026 1432 2054 et
1453 2030 1592 2069 paucos
1613 2027 1742 2056 tecum
1757 2018 1906 2070 Epicu-

515 2100 596 2124 reos
616 2099 636 2123 e
657 2085 805 2124 Graecia
823 2092 1070 2135 compararet.
1103 2082 1188 2126 Sed,
1209 2082 1314 2133 quod
1333 2082 1379 2119 ab
1399 2095 1444 2119 eo
1466 2092 1501 2119 te
1521 2082 1683 2119 mirifice
1703 2083 1813 2135 diligi
1843 2083 1906 2120 in-

516 2151 752 2204 telligebam,
787 2149 992 2187 arbitrabar
1027 2149 1139 2186 illum
1167 2157 1318 2200 propter
1349 2147 1655 2185 benevolentiam
1683 2148 1722 2185 id
1753 2148 1906 2186 uberius

515 2217 651 2255 dicere.
689 2217 774 2267 Ego
793 2225 936 2258 autern,
958 2214 1021 2251 etsi
1044 2226 1172 2251 vereor
1191 2212 1340 2249 laudare
1356 2211 1591 2264 praesentem,
1607 2213 1742 2263 judico
1763 2222 1904 2258 tamen,

515 2283 562 2320 de
592 2296 630 2320 re
663 2281 820 2319 obscura
850 2290 962 2332 atque
994 2279 1144 2317 difficili
1171 2292 1191 2315 a
1218 2288 1252 2316 te
1283 2279 1430 2316 dietum
1457 2277 1528 2316 effe
1558 2278 1750 2323 dilucide;
1784 2292 1906 2331 neque

517 2347 711 2385 sententiis
732 2346 853 2384 solum
875 2345 1038 2397 copiose,
1073 2345 1131 2381 sed
1152 2344 1275 2382 verbis
1296 2344 1410 2381 etiam
1431 2344 1613 2388 ornatius,
1646 2357 1761 2396 quam
1788 2343 1907 2381 solent

518 2413 640 2450 vestri.
687 2412 898 2455 Zenonem,
920 2425 1035 2463 quem
1060 2409 1173 2447 Philo
1194 2409 1315 2447 noster
1333 2409 1581 2460 coryphaeum
1602 2409 1788 2462 appellare
1810 2410 1907 2462 Epi-

516 2491 718 2515 curcorum
741 2476 895 2521 solebat,
922 2490 1012 2513 cuin
1036 2474 1198 2512 Athenis
1219 2474 1346 2518 css‘cm,
1378 2475 1577 2512 audiebam
1606 2474 1837 2526 frequenter,
1869 2484 1907 2513 et

516 2542 675 2594 quidem
698 2541 776 2594 ipso
795 2543 943 2578 auc‘lore
966 2539 1152 2583 Philone,
1183 2539 1309 2582 credo,
1333 2549 1374 2576 ut
1393 2538 1539 2576 facilius
1556 2540 1767 2590 judicarem
1789 2552 1905 2590 quarn

518 2607 583 2645 illa
604 2607 696 2644 bene
724 2605 997 2650 refellerentur,
1031 2619 1122 2651 cum
1153 2618 1172 2642 a
1193 2604 1364 2657 principe
1388 2605 1665 2659 Epicureorum
1686 2603 1904 2657 accepissem
