2330 2983
716 216 991 256 LIBER
1054 217 1414 258 PRIMUS.
1685 234 1756 275 271

372 325 562 362 mortuos,
577 325 615 356 et
634 329 696 355 eos
717 317 824 356 domi
844 318 1001 356 servant.
1034 317 1150 356 Persae
1169 319 1285 357 etiarn
1305 331 1388 357 cera
1406 319 1645 359 circumlitos
1666 334 1762 360 con-

373 383 484 428 dunt,
514 391 557 420 ut
582 395 698 435 quam
726 383 894 421 maxime
923 393 1168 436 permaneant
1186 380 1374 437 Jdiuturna
1403 398 1572 438 corpora.
1619 387 1763 439 Mago-

374 461 462 486 rum
479 461 564 485 mos
583 447 649 492 est,
680 461 757 486 non
787 447 947 486 humare
974 462 1132 500 corpora
1150 449 1320 494 suorum,
1348 451 1416 488 nifi
1434 464 1454 487 a
1472 450 1561 489 feris
1581 451 1654 490 smt
1680 462 1766 491 ante

374 512 523 550 laniata.
562 513 607 550 In
628 513 824 563 Hyrcania
842 513 950 565 plebs
970 513 1146 565 publicos
1176 513 1243 551 alit
1273 527 1408 558 canes;
1439 516 1657 566 optimates,
1692 518 1764 555 do-

374 576 564 616 mesticos.
596 577 744 616 Nobile
764 587 891 616 autem
911 591 1030 630 genus
1050 591 1190 616 canum
1210 578 1307 617 illud
1327 578 1467 617 scimus
1487 580 1570 618 effe.
1603 582 1674 619 Sed
1697 596 1766 634 pro

374 643 438 681 sua
457 643 618 696 quisque
637 643 817 682 facultate
836 653 956 697 parat,
979 658 1000 682 a
1019 645 1160 696 quibus
1179 645 1342 683 lanietur
1353 664 1365 690 3
1396 659 1558 698 eamque
1576 647 1766 699 optimam

374 709 434 747 illi
454 709 524 748 effe
553 710 705 749 censent
735 711 982 764 sepulturam.
1029 712 1225 749 Permulta
1255 711 1327 749 alia
1345 712 1496 765 colligit
1516 711 1766 766 Chryfippus,

377 784 421 813 ut
442 775 494 813 est
513 776 553 814 in
573 777 681 814 omni
707 775 862 814 historia
881 776 1064 815 curiosus.
1131 777 1203 814 Sed
1222 778 1275 815 ita
1295 786 1389 816 tetra
1409 777 1495 816 sunt
1515 778 1702 829 quaedam,
1725 788 1769 817 ut

377 854 419 879 ea
440 840 563 894 fugiat
583 851 621 880 et
640 841 863 880 reformidet
882 843 1016 880 oratio.

432 909 558 946 Totus
578 909 695 961 igitur
715 907 779 946 hic
800 909 906 947 locus
927 908 979 946 est
999 909 1304 948 contemnendus
1325 910 1365 948 in
1385 909 1511 955 nobis,
1543 923 1620 948 non
1642 910 1768 964 negli-

377 973 523 1026 gendus
544 974 584 1011 in
615 974 748 1011 nostris
765 992 777 1019 ς
809 974 862 1011 ita
882 983 1024 1018 tamen,
1056 982 1098 1012 ut
1117 984 1360 1013 mortuorum
1384 989 1542 1028 corpora
1566 975 1665 1014 nihil
1684 976 1770 1014 sen-

378 1039 449 1076 tire
470 1038 547 1076 vivi
567 1037 785 1077 sentiamus.
809 1039 1014 1089 Qantum
1034 1048 1161 1076 autem
1181 1039 1446 1078 consuetudini
1466 1039 1655 1092 famaeque
1675 1041 1770 1078 dan-

378 1099 474 1142 dum'
494 1103 552 1148 fit,
574 1103 613 1141 id
633 1112 766 1141 curent
785 1103 876 1147 vivi,
907 1103 968 1140 sed
988 1103 1054 1148 ita,
1085 1111 1128 1140 ut
1148 1104 1377 1156 intelligant,
1407 1103 1507 1142 nihil
1527 1105 1572 1142 ad
1599 1114 1772 1143 mortuos

378 1169 578 1222 pertinere.
630 1169 701 1207 Sed
721 1167 892 1221 profesto
910 1181 1013 1206 mors
1045 1177 1131 1206 tum
1162 1169 1372 1221 aequiffimo
1401 1170 1532 1208 animo
1561 1171 1771 1223 oppetitur,

378 1247 472 1273 cum
491 1234 565 1272 suis
586 1234 621 1272 se
637 1234 814 1272 laudibus
834 1234 911 1272 vita
929 1233 1106 1272 occidens
1127 1234 1309 1272 consolari
1329 1235 1463 1287 potest.
1489 1236 1621 1274 Nemo
1637 1249 1774 1288 parum

380 1299 449 1338 diu
477 1300 589 1345 vixit,
633 1300 701 1351 qui
731 1299 881 1337 virtutis
914 1298 1089 1351 perfectae
1122 1298 1290 1352 perfecto
1323 1299 1478 1338 funftus
1512 1300 1564 1338 est
1597 1314 1772 1340 munere.

382 1366 514 1404 Multa
544 1363 644 1403 mihi
677 1365 747 1417 ipfi
770 1365 816 1402 ad
846 1374 1013 1403 mortem
1042 1365 1264 1417 tempestiva
1290 1364 1447 1404 fuerunt
1462 1385 1474 1411 ;
1512 1380 1597 1418 quae
1626 1367 1775 1405 utinam

382 1431 586 1484 potuissem
606 1431 712 1469 obire
730 1430 738 1467 !
770 1429 886 1468 Nihil
907 1431 1011 1468 enim
1026 1431 1108 1482 jam
1129 1431 1395 1483 acquirebatur
1410 1450 1422 1477 3
1453 1433 1649 1471 cumulata
1670 1442 1776 1471 erant

383 1497 510 1535 officia
534 1497 620 1535 vitae
635 1514 648 1542 5
679 1509 771 1534 cum
803 1494 958 1533 fortuna
987 1495 1088 1534 bella
1107 1496 1306 1534 restabant.
1353 1497 1497 1548 Qare,
1536 1497 1562 1535 fi
1582 1498 1661 1550 ipsa
1681 1499 1776 1537 ratio

383 1562 513 1601 minus
540 1561 726 1614 perficiet,
747 1569 791 1598 ut
810 1569 975 1599 mortem
995 1560 1185 1613 negligere
1204 1561 1384 1613 poffimus
1397 1580 1410 1607 3
1441 1571 1479 1600 at
1497 1562 1575 1601 vita
1593 1564 1671 1600 aeta
1688 1577 1774 1616 per-

383 1626 500 1672 ficiat,
523 1635 567 1664 ut
585 1626 670 1664 satis
690 1626 874 1678 superque
892 1625 1023 1664 vixifl‘e
1041 1626 1251 1665 videamur.
1274 1628 1509 1680 Qanquam
1528 1628 1632 1666 enim
1653 1628 1775 1667 sensus

383 1691 532 1737 abierit,
567 1700 697 1730 tamen
731 1691 890 1729 summis
924 1700 962 1729 et
995 1692 1157 1744 propriis
1192 1692 1302 1730 bonis
1333 1702 1371 1731 et
1401 1693 1536 1738 laudis,
1568 1703 1606 1731 et
1631 1695 1775 1746 gloriae,

383 1758 560 1810 quamvis
581 1771 658 1796 non
679 1757 854 1802 sentiant,
884 1758 1029 1795 mortui
1053 1771 1129 1795 non
1150 1767 1289 1796 carent.
1327 1759 1406 1796 Etfi
1428 1759 1532 1796 enim
1553 1757 1651 1796 nihil
1672 1760 1712 1797 in
1742 1760 1777 1798 se

383 1822 520 1862 habeat
549 1823 684 1876 gloria,
715 1835 784 1860 cur
815 1831 1026 1875 expetatur,
1057 1831 1183 1860 tamen
1214 1824 1396 1861 virtutem
1424 1833 1607 1877 tanquam
1639 1825 1777 1862 umbra

386 1889 571 1941 sequitur.
616 1885 763 1926 Verum
783 1888 1045 1925 multitudinis
1059 1888 1255 1940 judicium
1276 1889 1322 1926 de
1342 1889 1467 1935 bonis,
1488 1890 1513 1928 fi
1535 1890 1686 1941 quando
1709 1890 1776 1936 est,

386 1954 508 2006 magis
530 1952 763 1991 laudandum
783 1953 849 1998 est,
874 1966 991 2005 quam
1010 1952 1070 1990 illi
1088 1953 1138 1991 ob
1158 1967 1242 1991 eam
1260 1967 1340 1992 rem
1360 1955 1473 1993 beati.

440 2019 591 2061 XLVI.
622 2019 717 2057 Non
738 2017 886 2071 poffum
905 2027 1035 2056 autem
1055 2018 1191 2065 dicere,
1209 2033 1367 2072 quoquo
1382 2021 1498 2059 modo
1517 2020 1591 2059 hoc
1612 2021 1776 2073 accipia-

385 2096 462 2132 tur,
496 2086 738 2138 Lycurgum,
774 2084 969 2130 Solonem,
997 2085 1130 2138 legum
1161 2095 1199 2124 et
1231 2086 1396 2138 publicae
1422 2087 1630 2140 disciplinae
1655 2101 1778 2126 carere

387 2152 535 2205 gloria,
567 2150 885 2196 Themistoclem,
918 2151 1244 2204 Epaminondam,
1277 2152 1423 2190 bellicae
1449 2154 1615 2191 virtutis.
1674 2152 1779 2191 Ante

389 2219 494 2256 enim
515 2217 744 2256 Salaminam
763 2217 884 2269 ipsam
905 2217 1112 2270 Neptunus
1132 2218 1279 2263 obruet,
1294 2232 1409 2271 quam
1431 2219 1626 2257 Salaminii
1647 2220 1778 2272 tropaei

390 2284 643 2328 memoriam,
675 2283 853 2336 priusque
882 2283 1030 2321 Boeotia
1062 2284 1226 2322 Leuftra
1256 2284 1452 2330 tollentur,
1491 2299 1607 2338 quam
1641 2299 1778 2337 pugnae

391 2349 600 2388 Leu&ricae
628 2348 763 2401 gloria.
811 2348 947 2387 Multo
966 2357 1093 2386 autem
1125 2350 1266 2389 tardius
1297 2349 1398 2388 fama
1427 2350 1566 2388 deseret
1597 2351 1777 2394 Curium,

391 2414 630 2459 Fabricium,
652 2414 888 2459 Calatinum,
918 2415 1014 2453 duos
1040 2415 1250 2468 Scipiones,
1282 2416 1375 2453 duos
1395 2415 1612 2459 Africanos,
1642 2416 1777 2453 Maxi-

390 2494 520 2527 mum,
551 2480 800 2528 Marcellum,
830 2481 1011 2528 Paulum,
1042 2482 1245 2528 Catonem,
1276 2482 1457 2526 Lalimn,
1481 2481 1780 2519 innumerabiles
