2330 2983
572 242 624 281 90
982 224 1085 263 DE
1172 220 1556 261 F1N1Bus

572 323 805 363 defideraret.
835 323 907 361 ,Ita
924 320 1052 359 credo.
1095 319 1191 358 Non
1210 319 1263 358 est
1278 319 1397 373 igitur
1415 318 1589 372 voluptas
1610 315 1774 355 bonum.
1809 315 1902 355 Hoc
1922 327 1979 353 ne

574 391 735 428 statuam
755 387 914 440 quidem
935 386 1123 425 dicturam
1142 394 1247 439 pater
1266 385 1407 430 aiebat,
1435 385 1461 423 fi
1488 383 1598 437 loqui
1617 382 1754 436 pofl’etl
1794 380 1974 421 Conclu-

575 454 659 493 sum
680 453 732 491 est
752 453 858 491 enim
877 461 1011 490 contra
1027 451 1257 503 Cyrenaicos
1282 450 1367 489 satis
1388 459 1498 488 acute
1510 467 1522 494 ;
1553 448 1652 487 nihil
1673 448 1719 487 ad
1739 447 1976 501 Epicurum.

576 520 684 559 Nam
704 519 731 557 fi
761 517 899 556 casola
917 517 1091 570 voluptas
1111 516 1214 562 esset,
1241 530 1327 569 quae
1347 515 1449 569 quafi
1481 515 1652 553 titillaret
1680 513 1821 558 sensus,
1851 521 1895 551 ut
1923 511 1977 549 ita

578 586 719 629 dicam,
736 593 774 622 et
793 583 839 621 ad
859 596 922 633 eos
939 597 1031 621 cum
1048 583 1227 621 suavitate
1241 581 1414 621 afflueret
1432 591 1470 619 et
1490 581 1706 619 illaberetur
1720 598 1731 625 ς
1754 591 1824 618 nec
1840 589 1983 617 manus

578 650 649 689 effe
669 659 849 688 contenta
867 649 986 702 poffet
1004 648 1081 686 ulla
1100 649 1286 686 vacuitate
1312 647 1453 686 doloris
1474 646 1548 685 fine
1571 646 1748 699 jucundo
1776 652 1887 684 motu
1905 655 1979 681 vo-

579 716 751 769 luptatis.
782 715 849 754 Sin
869 724 996 752 autem
1017 714 1168 752 summa
1189 714 1366 766 voluptas
1385 712 1453 758 est,
1474 721 1518 750 ut
1534 711 1704 765 Epicuro
1720 711 1859 764 placet,
1878 707 1985 748 nihil

580 780 707 819 dolere
724 798 736 825 ς
778 779 952 832 primum
998 778 1070 816 tibi
1106 779 1220 823 reste,
1251 776 1481 830 Chryfippe,
1523 775 1743 814 concess‘um
1771 775 1839 819 est,
1879 771 1987 811 nihil>

581 845 784 884 desiderare
803 857 979 889 manum,
1000 857 1093 881 cum
1112 843 1165 881 ita
1183 842 1272 881 esset
1290 842 1423 880 affecta
1438 860 1453 887 ς
1480 841 1691 880 secundum
1711 853 1788 879 non
1809 840 1923 883 reste,
1954 836 1989 876 st

582 911 757 963 voluptas
775 909 863 948 effet
883 909 1047 954 bonum,
1067 907 1176 946 fuisse
1195 908 1500 947 defideraturam.
1523 907 1674 946 Idcirco
1691 906 1798 945 enirn
1813 918 1893 944 non
1912 902 1988 942 de·

584 976 769 1020 fideraret,
789 975 895 1027 quia,
915 975 1022 1027 quod
1041 973 1171 1012 dolore
1191 985 1305 1019 caret,
1327 974 1366 1012 id
1386 974 1426 1012 in
1448 973 1644 1026 voluptate
1661 971 1730 1010 est.

631 1042 725 1080 XII.
757 1041 991 1079 Extremum
1011 1049 1139 1078 autem
1159 1039 1230 1078 effe
1250 1040 1442 1078 bonorum
1458 1039 1697 1091 voluptatem
1716 1050 1763 1075 ex
1782 1035 1858 1074 hoc
1871 1033 1992 1074 facile

587 1106 748 1160 perspici
767 1105 900 1160 potest.
934 1105 1221 1145 Constituamus
1241 1105 1410 1158 aliquem
1431 1105 1597 1157 magnis,
1619 1103 1769 1147 multis,
1790 1099 1995 1155 perpetuis*

586 1171 779 1211 fruentem
800 1181 838 1210 et
857 1171 987 1210 animo
1007 1181 1044 1209 et
1063 1184 1222 1224 corpore
1241 1171 1516 1224 voluptatibus,
1539 1170 1648 1208 nullo
1667 1169 1797 1208 dolore
1816 1181 1886 1206 nec
1906 1167 1992 1204 im·—

589 1238 778 1291 pediente,
812 1250 881 1275 nec
911 1237 1182 1291 impendente:
1214 1251 1333 1290 quem
1353 1237 1507 1275 tandem
1526 1235 1601 1275 hoc
1621 1236 1717 1274 statu
1737 1232 1990 1288 praestabilio-

588 1306 670 1343 rem
690 1313 755 1342 aut
774 1303 897 1356 magis
915 1304 1175 1356 expetendum
1194 1303 1390 1356 poss'umus
1406 1304 1529 1341 dicere
1547 1304 1560 1340 ?
1593 1301 1711 1341 Iness'e
1730 1302 1836 1339 enim
1857 1297 1989 1338 neces-

589 1370 625 1409 se
643 1370 696 1409 est
721 1371 762 1409 in
787 1383 847 1415 eo,
878 1370 946 1423 qui
967 1370 1019 1408 ita
1039 1369 1084 1408 fit
1101 1369 1273 1415 affectus,
1304 1378 1343 1408 et
1361 1369 1588 1408 firmitatem
1617 1369 1755 1413 animi,
1783 1380 1854 1405 nec
1880 1378 1991 1404 mor-

591 1447 684 1482 tem,
714 1450 787 1475 nec
821 1436 993 1475 dolorem
1025 1437 1213 1481 timentis,
1243 1435 1349 1488 quod
1379 1449 1482 1474 mors
1503 1434 1611 1474 sensu
1630 1443 1781 1473 careat:
1811 1432 1920 1471 dolor
1949 1431 1993 1469 in

590 1489 874 1555 longinquitate
893 1501 1003 1546 levis,
1034 1501 1074 1539 in
1093 1501 1276 1554 gravitate
1296 1501 1436 1546 brevis,
1462 1500 1577 1539 soleat
1593 1500 1662 1539 effe
1675 1518 1688 1545 ς
1720 1509 1762 1537 ut
1781 1499 1862 1551 ejus
1878 1509 1993 1549 mag-

593 1567 812 1607 nitudinem
832 1567 1018 1613 celeritas,
1051 1567 1345 1618 diuturnitatem
1375 1567 1566 1612 allevatio,
1587 1566 1817 1605 consoletur.
1864 1564 1929 1603 Ad
1950 1575 1994 1601 ea

593 1647 685 1671 cum
705 1633 866 1678 accedit,
900 1642 941 1670 ut
962 1646 1086 1685 neque
1115 1632 1293 1670 divinum
1324 1646 1467 1671 numen
1498 1630 1664 1676 horreat,
1695 1643 1765 1669 nec
1786 1629 1994 1683 praeteritas

593 1699 808 1752 voluptates
827 1697 980 1737 effluere
1007 1699 1187 1752 patiatur,
1215 1711 1422 1752 earumque
1442 1698 1581 1737 affidua
1600 1697 1858 1737 recordatione
1887 1696 1994 1735 laete-

595 1777 681 1805 tur:
713 1765 807 1819 quid
825 1763 891 1810 est,
912 1765 1017 1818 quod
1036 1764 1115 1804 huc
1134 1765 1259 1818 poffit,
1276 1766 1380 1818 quod
1401 1765 1538 1804 melius
1555 1765 1613 1810 fit,
1630 1764 1804 1803 accedere
1820 1764 1832 1801 ?
1866 1764 1997 1802 Statue

595 1831 730 1871 contra
758 1832 930 1884 aliquem
960 1830 1184 1870 confectum
1215 1832 1330 1870 tantis
1361 1832 1480 1870 animi
1507 1831 1751 1884 corporisque
1782 1829 1996 1873 doloribus,

598 1898 734 1950 quanti
765 1898 805 1936 in
825 1896 1027 1936 hominem
1048 1898 1211 1936 maximi
1241 1898 1372 1936 cadere
1391 1897 1558 1951 poffunt,
1589 1897 1694 1936 nulla
1715 1897 1776 1950 spe
1809 1895 2000 1948 proposita

598 1963 678 2002 fore
698 1963 818 2001 levius
840 1963 1057 2015 aliquando,
1083 1963 1190 2001 nulla
1208 1972 1385 2016 praeterea
1407 1976 1474 2001 nec
1495 1962 1680 2015 praesenti,
1714 1975 1783 2000 nec
1803 1962 1998 2013 expectata

598 2029 794 2082 voluptate
814 2043 822 2067 :
845 2027 940 2081 quid
960 2041 1005 2067 eo
1024 2027 1197 2067 miserius
1217 2028 1294 2066 dici
1314 2038 1378 2067 aut
1399 2028 1491 2081 fingi
1514 2027 1662 2081 potest?

662 2094 780 2147 Qod
801 2094 827 2133 si
847 2095 924 2132 vita
943 2094 1138 2133 doloribus
1159 2093 1295 2132 referta
1316 2095 1484 2133 maxime
1505 2093 1687 2147 fugienda
1706 2092 1772 2137 est,
1801 2091 2001 2130 summum

605 2159 775 2213 profecto
797 2159 944 2198 malum
964 2159 1016 2198 est
1036 2160 1160 2197 vivere
1190 2173 1282 2198 cum
1302 2160 1445 2198 dolore.
1492 2160 1567 2198 Cui
1590 2158 1781 2197 sententia:
1801 2157 2002 2196 consenta-

606 2239 721 2265 neum
741 2224 807 2270 est,
843 2224 1029 2263 ultimum
1050 2224 1122 2263 esse
1155 2225 1348 2264 bonorum
1370 2239 1463 2264 cum
1494 2225 1689 2278 voluptate
1716 2224 1854 2261 vivere.
1914 2223 2000 2261 Nec

605 2293 711 2331 enim
732 2290 848 2330 habet
872 2291 992 2330 nostra
1011 2305 1119 2330 mens
1145 2292 1249 2330 aliud
1269 2292 1498 2345 quidquam,
1517 2292 1583 2330 ubi
1604 2291 1793 2334 consistat,
1820 2299 2004 2341 tanquam

608 2360 646 2396 in
667 2367 863 2396 extremo:
886 2356 1094 2409 omnesque
1113 2367 1151 2396 et
1171 2367 1310 2402 metus,
1327 2368 1364 2395 et
1380 2357 1623 2411 mgritudincs
1644 2357 1688 2394 ad
1709 2355 1880 2394 dolorem
1902 2353 2003 2393 refe-

612 2433 772 2462 runtur:
811 2436 879 2462 nec
902 2432 1077 2477 praeterca
1107 2423 1157 2461 cst
1180 2437 1234 2461 res
1258 2424 1348 2468 ulla,
1379 2438 1463 2476 qua·
1486 2423 1546 2461 sust
1569 2423 1700 2462 natura
1720 2432 1783 2460 aut
1806 2421 2007 2460 sollicitare

613 2489 736 2542 possut,
758 2498 822 2527 aut
842 2502 988 2543 angere.
1028 2490 1208 2528 Praetcrca
1227 2498 1263 2528 ct
1279 2490 1494 2543 appetendi,
1511 2499 1547 2527 ct
1570 2488 1799 2542 refugiendi,
1819 2496 1856 2525 et
1873 2487 2005 2526 omni-

613 2569 663 2593 no
684 2556 1082 2610 rerumagcrcndarum
1105 2556 1212 2595 initia
1230 2555 1523 2610 proficiscuntur
1542 2566 1606 2594 aut
1626 2569 1646 2593 a
1665 2555 1873 2608 voluptate,
1904 2561 1967 2591 aut
1987 2565 2008 2590 a
