2330 2983
668 214 944 253 LIBER
1000 214 1414 254 TERTIUS.
1664 233 1739 273 3¹3

345 322 438 347 cum
457 322 478 347 a
496 310 723 348 contuendis
745 324 813 348 nos
843 310 953 348 malis
973 318 1118 355 avocat,
1150 310 1255 348 nulla
1273 310 1339 349 est.
1370 311 1464 350 Non
1491 312 1544 351 est
1573 314 1678 352 enim
1700 316 1741 354 in

345 375 468 414 nostra
487 377 681 429 potestate,
711 375 970 414 fodicantibus
1004 377 1050 414 iis
1085 377 1211 422 rebus,
1242 391 1334 429 quas
1364 378 1481 417 malas
1501 378 1571 417 effe
1602 381 1740 434 opine-

345 454 448 486 mur,
468 441 730 485 diffimulatio,
756 441 816 478 vel
836 441 996 479 oblivio.
1055 442 1255 486 Lacerant,
1285 453 1436 488 vexant,
1467 444 1640 484 stimulos
1670 447 1738 485 ad-

343 514 515 549 movent,
549 505 656 557 ignes
677 505 875 550 adhibent,
906 505 1085 557 respirare
1114 519 1191 543 non
1214 506 1356 545 smunt.
1414 509 1467 545 Et
1497 518 1540 547 tu
1565 511 1740 551 oblivisci

337 572 479 623 jubes,
511 572 616 624 quod
646 581 778 610 contra
808 581 981 610 naturam
1008 572 1092 609 est?
1138 571 1257 624 Qod
1289 586 1310 609 a
1343 582 1475 611 natura
1503 575 1636 614 datum
1672 579 1737 623 est,

342 637 531 676 auxilium
561 647 765 690 extorques
795 638 992 676 inveterati
1011 638 1152 676 doloris
1174 639 1187 675 ?
1218 638 1286 676 Est
1305 639 1409 677 enim
1432 641 1533 678 tarda
1563 642 1629 680 illa
1648 645 1738 695 qui-

341 703 431 741 dem
465 703 673 749 medicina,
702 703 763 742 sed
794 713 924 742 tamen
955 718 1108 757 magna,
1135 717 1252 757 quam
1279 704 1387 743 affert
1412 706 1673 760 longinquitas
1702 719 1740 748 et

341 767 436 806 dies.
467 769 586 820 Jubes
621 782 686 807 me
715 769 815 807 bona
834 770 1015 822 cogitare,
1045 770 1219 808 oblivisci
1240 770 1447 809 malorum.
1479 773 1636 811 Diceres
1665 774 1737 812 ali-

340 833 451 884 quid,
481 843 520 872 et
540 847 681 886 magno
699 835 858 887 quidem
877 834 1108 888 philosopho
1128 835 1306 888 dignum,
1339 837 1365 874 fi
1396 850 1438 874 ea
1468 837 1567 875 bona
1586 837 1739 878 sentires

339 898 425 943 effe,
446 913 530 951 quae
549 899 665 938 effent
684 899 844 938 homine
864 900 1094 953 digniffima.

378 965 512 1002 XVII.
534 964 766 1016 Pythagoras
783 965 882 1002 mihi
898 966 923 1003 fi
941 965 1097 1010 diceret,
1112 973 1176 1002 aut
1193 968 1377 1011 Socrates,
1395 976 1460 1005 aut
1476 967 1586 1006 Plato
1593 987 1605 1013 ς
1629 969 1738 1022 Qid

333 1029 436 1080 jaces
455 1028 468 1064 ?
498 1038 563 1066 aut
583 1030 678 1083 quid
698 1044 836 1068 mceres
856 1031 869 1066 ?
899 1040 963 1068 aut
994 1044 1062 1068 cur
1081 1031 1300 1069 succumbis
1324 1032 1510 1084 cedisque
1539 1032 1704 1072 fortunae
1722 1036 1735 1073 ?

335 1107 434 1146 quae,
449 1103 492 1132 ut
506 1095 712 1147 pervellere
725 1103 761 1132 te
777 1094 931 1132 forfitan
947 1096 1116 1147 potuerit
1131 1104 1169 1132 et
1183 1109 1366 1147 pungere,
1382 1110 1460 1134 non
1480 1099 1620 1150 poterit
1636 1109 1737 1138 certe

336 1160 432 1197 vires
452 1158 637 1212 frangere.
683 1159 830 1211 Magna
855 1161 912 1198 vis
931 1159 1043 1198 estin
1063 1160 1294 1198 virtutibus:
1326 1174 1386 1199 eas
1417 1163 1558 1208 excita,
1587 1163 1612 1202 fi
1638 1163 1739 1204 forte

336 1225 550 1264 dormiunt.
581 1226 670 1277 Jam
704 1226 776 1263 tibi
809 1226 929 1263 aderit
959 1227 1136 1279 princeps
1171 1227 1390 1272 Fortitudo,
1421 1242 1506 1280 quae
1539 1238 1576 1267 te
1605 1232 1736 1270 animo

336 1300 444 1330 tanto
470 1291 542 1329 effe
560 1300 686 1344 coget,
707 1301 751 1329 ut
770 1293 916 1336 omnia,
937 1306 1022 1344 quae
1041 1292 1180 1345 poffint
1199 1292 1352 1330 homini
1372 1295 1533 1339 evenire,
1555 1306 1734 1336 contem-

334 1371 400 1396 nas
422 1367 459 1396 et
479 1372 549 1411 pro
568 1357 692 1396 nihilo
711 1368 834 1410 putes.
858 1359 995 1397 Aderit
1014 1360 1300 1412 Temperantia,
1319 1373 1403 1412 quae
1422 1361 1474 1399 est
1493 1363 1623 1401 eadem
1644 1378 1733 1402 mo-

336 1424 506 1468 derati03
538 1437 560 1461 a
588 1437 651 1461 me
681 1424 838 1475 quidem
869 1424 983 1477 paulo
1013 1433 1099 1462 ante
1120 1425 1306 1477 appellata
1325 1425 1520 1479 frugalitas
1536 1446 1548 1472 5
1580 1442 1665 1481 quae
1697 1440 1735 1468 te

336 1490 501 1542 turpiter
515 1498 552 1527 et
573 1489 747 1541 nequiter
766 1488 888 1527 facere
908 1489 1006 1527 nihil
1026 1490 1204 1542 patiatur.
1227 1491 1335 1541 Qid
1355 1491 1407 1528 est
1424 1501 1551 1530 autem
1571 1495 1732 1546 nequius

335 1565 400 1593 aut
418 1556 566 1607 turpius
585 1554 822 1592 effoeminato
841 1555 951 1592 viro?
983 1555 1204 1606 Nejustitia
1225 1556 1385 1607 quidem
1417 1557 1510 1596 finet
1530 1566 1567 1595 te
1587 1559 1653 1597 ista
1672 1559 1731 1598 fa-

333 1633 432 1665 cere,
449 1620 512 1658 cui
528 1619 739 1658 minimum
757 1619 828 1657 effe
848 1620 1000 1657 videtur
1018 1620 1058 1657 in
1080 1619 1150 1658 hac
1177 1620 1285 1658 causa
1303 1621 1406 1667 loci;
1430 1636 1515 1674 quae
1534 1632 1661 1663 tamen
1680 1627 1738 1664 ita

332 1686 448 1730 dicet,
469 1686 675 1738 dupliciter
702 1684 773 1722 effe
793 1695 830 1723 te
849 1685 1048 1736 injustum,
1083 1699 1175 1724 cum
1197 1695 1235 1724 et
1265 1687 1435 1725 alienum
1455 1698 1621 1741 appetas,
1645 1693 1735 1743 qui,

334 1751 506 1790 mortalis
527 1761 651 1796 natus,
686 1751 951 1789 conditionem
971 1751 1137 1803 postules
1158 1752 1440 1790 immortalium
1457 1772 1470 1798 5
1502 1763 1540 1792 et
1569 1757 1732 1807 graviter

333 1816 444 1862 feras,
466 1827 516 1861 te,
539 1817 643 1869 quod
663 1817 851 1855 utendum
872 1817 1073 1869 acceperis,
1095 1816 1308 1856 reddidisse.

388 1882 604 1920 Prudentiae
632 1895 721 1920 vero
751 1883 845 1934 quid
875 1881 1130 1935 respondebi5‚
1161 1883 1321 1928 dicenti,
1342 1883 1540 1923 Virtutem
1561 1886 1633 1924 sese
1658 1887 1737 1926 effe·

333 1956 573 1992 contentam,
592 1962 671 2000 quo
691 1948 809 1986 modo
828 1948 875 1986 ab
896 1948 991 1986 bene
1011 1948 1233 1993 vivendum,
1264 1948 1313 1986 fic
1339 1958 1377 1988 et
1396 1950 1442 1988 ad
1463 1951 1568 1989 beate
1586 1953 1599 1989 ?
1630 1954 1730 2004 Qae

333 2014 359 2052 fi
379 2013 611 2051 extrinsecus
631 2013 786 2065 religata
804 2013 978 2065 pendeat,
999 2023 1036 2051 et
1057 2027 1133 2051 non
1155 2024 1192 2052 et
1211 2014 1354 2052 oriatur
1372 2028 1392 2052 a
1411 2015 1461 2060 se,
1483 2026 1522 2054 et
1540 2018 1664 2056 rursus
1682 2020 1728 2057 ad

332 2079 368 2117 se
388 2088 605 2125 revertatur,
634 2088 672 2116 et
692 2079 823 2117 omnia
842 2078 905 2117 sua
924 2080 1128 2132 complexa
1160 2078 1260 2118 nihil
1280 2090 1422 2132 quaerat
1450 2083 1618 2129 aliunde,
1649 2098 1727 2124 non

331 2145 522 2197 intelligo,
557 2158 625 2183 cur
644 2154 708 2182 aut
728 2145 851 2183 verbis
883 2154 962 2183 tam
983 2144 1230 2183 vehementer
1263 2147 1442 2192 ornanda,
1475 2158 1540 2186 aut
1570 2163 1609 2187 re
1640 2159 1725 2188 tan-

331 2219 460 2262 topere
479 2210 703 2263 expetenda,
726 2210 909 2248 videatur.
931 2211 995 2248 Ad
1010 2209 1090 2248 haec
1111 2211 1211 2249 bona
1230 2224 1292 2249 me
1313 2211 1337 2249 fi
1357 2225 1520 2259 revocas,
1542 2215 1724 2268 Epicure,

330 2288 455 2327 pareo,
477 2275 625 2327 sequor,
661 2285 747 2313 utor
768 2284 804 2313 te
835 2275 914 2327 ipso
934 2276 1045 2320 duce,
1077 2276 1280 2315 obliviscor
1299 2277 1415 2316 etiam
1445 2280 1650 2325 malorum,
1682 2291 1725 2319 ut

325 2341 453 2391 jubes,
475 2354 596 2393 eoque
615 2340 780 2386 facilius,
813 2342 917 2393 quod
937 2355 979 2379 ea
998 2355 1045 2380 ne
1066 2343 1104 2380 in
1126 2343 1235 2380 malis
1257 2343 1415 2395 quidem
1435 2345 1610 2396 ponenda
1629 2359 1722 2384 cen-

330 2405 404 2444 seo.
465 2407 535 2444 Sed
569 2407 733 2446 traducis
767 2407 1018 2460 cogitationes
1063 2421 1165 2447 meas
1208 2409 1254 2447 ad
1297 2409 1522 2462 voluptates·
1583 2411 1688 2462 Qas
1707 2412 1720 2448 ?

330 2473 513 2525 corporis,
548 2473 675 2519 credo,
710 2484 774 2514 aut
807 2487 892 2527 quae
924 2484 1080 2529 propter
1112 2488 1252 2528 corpus
1281 2475 1338 2513 vel
1376 2475 1633 2515 recordatione
1661 2477 1725 2516 vel.

413 2538 452 2576 T
466 2551 489 2576 o
506 2550 556 2578 M.
588 2538 643 2579 11.
1322 2541 1359 2578 R
1377 2553 1394 2577 r
