2330 2983
753 275 1046 318 VARIAE
1131 272 1689 316 LECTIONES.

492 391 552 459 1ζις
579 417 613 446 16
634 414 785 454 caeteroqui
801 415 824 443 E
840 420 924 452 nytera
937 424 989 452 qua

576 467 610 493 ¹7
632 456 810 485 dubitantem
827 456 848 482 E
861 455 1068 490 dubitantemqaee

577 507 614 526 20
635 496 681 525 sed
698 495 726 524 U
740 495 782 528 sed
793 497 872 523 etiam

577 547 615 574 24
635 535 756 564 consessu
773 536 800 564 Ο
814 533 844 562 U
858 534 970 573 confinfia

573 592 615 599 —
636 575 693 614 ipse
709 576 732 604 E
746 577 773 604 d.

575 627 591 646 2
598 626 611 655 ς
635 617 657 645 is
671 617 694 644 E
708 617 740 644 id

576 666 613 694 29
634 656 716 684 vobis
729 666 794 684 cum
810 656 833 684 E
852 655 879 683 U
896 653 1020 688 nobiscum

579 707 616 734 32
639 707 653 724 a
669 704 695 724 te
711 696 826 724 affertur
840 695 863 723 E
880 703 904 722 n
919 695 998 731 ψη

578 746 613 774 35
637 735 779 763 videretur
794 735 816 762 F.
832 734 940 762 videtur

495 816 553 856 με
576 791 616 845 ἶ
636 785 773 844 3ἲῖἕὲῗῖ
788 774 812 802 Ε
827 776 855 803 ’·

596 866 615 892 4
637 865 682 883 eas
698 856 720 883 E
736 865 775 884 eor

596 906 611 934 5
636 895 762 924 Deorum
780 901 908 923 naturam
921 893 945 921 E
961 891 1078 921 eaelorum
1091 895 1196 918 nature

596 936 615 964 6
638 935 714 963 Nam
730 935 753 963 E
768 946 827 962 nam
842 942 865 962 et

576 991 617 999 --
638 974 802 1012 Protagoras
817 974 841 1002 E
856 976 901 1012 qui
913 980 938 1001 et
946 973 1104 1010 Protagoras
1115 968 1141 1005 ψ
1152 971 1210 1006 qui-

683 1016 736 1043 dem
749 1023 773 1043 e!
787 1015 946 1052 Protagoras

598 1065 614 1091 7
637 1054 666 1082 in
684 1055 706 1082 E
727 1056 756 1084 d.

598 1096 615 1122 8
638 1102 669 1123 ut
684 1094 736 1122 fint
752 1095 781 1124 U
787 1095 843 1132 fine

582 1144 612 1164 ιι
639 1135 826 1173 profitendam
851 1134 874 1162 E
891 1132 1066 1171 proferendam
1085 1131 1116 1160 U
1130 1131 1211 1167 conse-

681 1176 806 1212 quendam

583 1224 620 1251 14
640 1213 775 1242 Tubulus
792 1214 815 1242 E
829 1212 954 1242 ‘sabatius

582 1263 593 1283 ι
603 1263 618 1290 7
640 1253 689 1281 ista
704 1253 726 1280 E
739 1255 782 1281 ira

581 1303 614 1322 21
640 1293 776 1321 Concedo
791 1293 816 1321 E
828 1292 963 1322 concedere

577 1348 620 1356 —
639 1332 712 1361 doce
726 1333 750 1361 E
765 1333 794 1360 O
806 1333 876 1361 docet

581 1383 618 1411 23
641 1372 707 1401 hinc
723 1373 746 1401 E
763 1384 827 1401 nunc

582 1413 620 1442 26
641 1412 751 1441 nullum
769 1413 792 1441 E
806 1411 878 1441 nulla

580 1468 621 1475 —
642 1452 714 1481 nihil
729 1453 752 1481 E
767 1454 794 1481 d.

584 1496 622 1523 28
644 1501 679 1520 an
694 1492 717 1520 E
731 1499 782 1521 aut

555 1542 621 1572 ‘9
642 1533 700 1561 veri
716 1533 738 1561 E
753 1529 891 1570 verisimili

580 1588 622 1597 -—
642 1573 777 1602 similiora
794 1573 817 1600 E
834 1568 1015 1609 vmfimiliora

581 1629 622 1635 —
643 1613 730 1641 vestra
747 1613 770 1640 E
786 1613 871 1648 nostra

585 1662 619 1691 31
644 1661 739 1681 autem
756 1653 779 1680 E
793 1654 820 1680 d.
835 1652 864 1681 U
879 1663 925 1680 non
1095 1678 1098 1680 .

583 1708 625 1716 —
644 1701 763 1721 curvata
781 1693 804 1721 Ε
823 1693 1071 1728 autempiragmara
1096 1687 1124 1717 0
1138 1687 1165 1724 ψ
1174 1690 1218 1726 pi-

686 1739 796 1760 ramata
810 1732 839 1762 U
852 1738 876 1761 et
883 1734 1020 1770 pinnata

586 1783 623 1813 32
644 1773 756 1802 adunca
781 1772 810 1801 U
838 1772 940 1802 adunca
967 1773 1072 1811 (marg.
1098 1769 1138 1799 al.
1167 1771 1218 1799 ad-

678 1813 796 1850 juneo)

589 1863 628 1893 34
648 1860 678 1882 tu
695 1852 717 1880 E
731 1858 758 1881 d.

589 1905 623 1933 35
647 1903 733 1932 quam
746 1892 782 1921 de
801 1893 824 1921 E
839 1893 937 1931 quando

614 1944 624 1963 ι
650 1935 726 1962 Ante
743 1933 765 1961 Ε
781 1942 828 1961 ant

609 1985 625 2003 2
647 1973 703 2003 fuit
717 1973 740 2001 E
743 1975 833 2011 suerit

585 2029 627 2037 —-
646 2013 758 2052 flagitia
773 2014 910 2052 Estagim

608 2064 628 2091 4
649 2063 754 2082 merens
768 2053 793 2087 ψ
807 2064 903 2082 merear

586 2110 628 2118 —
647 2094 803 2132 Epicureus
819 2093 842 2122 E
853 2094 981 2131 Epicurus

608 2145 625 2173 7
648 2135 783 2173 lzngueat
797 2132 820 2161 Ε
835 2132 973 2172 quuatur

607 2185 626 2213 9
647 2174 675 2202 in
696 2174 718 2202 Ε
732 2175 760 2202 d.

592 2223 628 2244 ιο
649 2213 728 2242 nulla
743 2212 770 2248 ψ
783 2214 812 2242 1.

591 2264 601 2283 ι
609 2264 625 2294 5
649 2254 712 2282 Sint
730 2255 792 2282 sane

736 2294 827 2321 thomis

587 2349 629 2357 —
649 2334 746 2363 aetezni
760 2334 784 2363 12
799 2339 901 2362 eterna

587 2391 629 2398 —
651 2375 738 2414 Qod
752 2374 779 2409 ψ
793 2374 865 2411 Qia

595 2416 630 2444 16
652 2415 680 2443 id
698 2416 719 2443 E
736 2416 763 2442 O
778 2415 804 2442 A.

589 2471 629 2477 —
649 2455 678 2483 Si
692 2462 789 2483 natum
806 2454 834 2484 U
849 2454 878 2483 Si
892 2457 950 2484 nati

590 2511 631 2518 —-
652 2494 703 2523 Dii
719 2495 741 2524 E
757 2494 784 2523 U
801 2497 841 2525 dci

596 2545 631 2573 ¹7
654 2543 683 2565 tu
701 2536 723 2564 E
737 2536 764 2563 A.

507 1943 567 1974 4¹7

899 2252 1000 2283 atomis
1016 2253 1047 2283 fit
1065 2253 1095 2283 U
1110 2254 1139 2282 Si
1156 2262 1219 2282 exa-

1258 382 1316 449 ι;17
1341 420 1378 439 20
1398 409 1513 438 dumeta
1525 409 1548 438 E
1562 410 1682 438 &menta

1336 465 1378 472 —
1396 449 1544 488 correpitis
1560 449 1582 477 E
1597 450 1728 487 corripitis

1339 501 1376 519 22
1399 489 1475 527 quasi
1491 490 1514 518 E
1529 490 1557 517 Ο
1573 495 1698 526 tanquam

1340 540 1378 566 24
1399 529 1520 558 efferatis
1537 529 1558 556 E
1574 529 1602 557 0
1615 528 1773 566 sbqffrraeis

1341 571 1377 599 26
1399 569 1596 608 ambigebatur
1610 569 1633 596 E
1648 567 1800 606 ambigatur

1340 619 1376 642 27
1398 609 1536 638 ferrentur
1551 609 1574 636 E
1587 611 1713 645 ferentur

1341 659 1373 687 3¹
1399 649 1505 677 direc'to
1518 649 1541 676 E
1557 649 1584 676 O
1601 649 1629 677 U
1646 648 1671 681 ψ
1685 648 1785 676 dircen

1338 705 1380 711 —
1399 689 1526 717 deorsum
1542 688 1569 716 U
1584 688 1609 720 ψ
1623 689 1723 724 deorsus

1341 739 1376 767 32
1398 728 1493 755 dicere
1507 729 1529 755 E
1540 727 1629 754 deinde

1343 779 1379 807 35
1402 777 1498 795 verum
1514 767 1537 795 E
1553 767 1638 795 neutri

1340 824 1381 831 —
1402 807 1454 835 ess'e
1470 807 1497 836 U
1511 809 1566 844 efflt

1340 865 1381 871 —
1401 847 1539 885 pertinuit
1554 855 1590 874 ne
1604 846 1622 874 fi
1637 845 1795 875 concess'um
1809 844 1876 874 effet
1889 845 1918 874 0
1933 845 1959 874 d.

1363 899 1379 918 2
1401 887 1479 916 fieret
1494 887 1516 915 E
1532 887 1560 915 0
1575 886 1604 915 U
1611 887 1676 923 fieri

1363 939 1377 967 3
1401 928 1488 965 potest
1503 927 1525 954 E
1536 930 1626 964 potuit

1363 979 1382 1007 4
1402 967 1460 1004 ipse
1475 968 1497 996 E
1512 968 1569 1005 ipsa

1364 1021 1378 1048 ς
1404 1007 1486 1035 Zeno
1502 1009 1524 1035 E
1539 1009 1624 1035 Zeno-

1363 1050 1381 1078 6
1402 1047 1491 1076 visum
1508 1047 1528 1074 E
1545 1049 1573 1075 d.

1365 1100 1382 1125 7
1405 1087 1480 1116 dixit
1494 1087 1517 1115 E
1533 1088 1598 1115 dicit

1366 1131 1382 1158 8
1405 1127 1489 1156 Nihil
1506 1127 1535 1156 U
1549 1128 1592 1155 nil

1260 890 1319 926 418

1343 1185 1384 1191 —
1404 1166 1507 1196 callide
1522 1168 1544 1195 E
1562 1167 1590 1195 Ο
1605 1166 1630 1201 ψ
1644 1166 1722 1195 valde
1734 1168 1764 1197 U
1778 1169 1806 1199 d.

1343 1225 1384 1232 —
1404 1207 1480 1235 enim
1496 1207 1526 1235 U
1538 1207 1620 1235 valde
1632 1212 1697 1235 enim

1365 1260 1383 1287 9
1406 1247 1484 1275 Dum
1498 1247 1521 1274 E
1535 1249 1562 1275 d.

1348 1297 1385 1317 ιο
1407 1296 1443 1314 ne
1457 1287 1480 1313 E
1495 1292 1524 1312 m

1348 1337 1385 1397 :3
1405 1325 1657 1405 maffia?

1346 1423 1386 1431 -
1404 1407 1434 1436 id
1447 1405 1472 1434 E
1487 1405 1515 1434 Ο
1530 1404 1557 1438 ψ
1568 1407 1593 1433 d.

1347 1464 1388 1470 —
1407 1447 1436 1475 in
1453 1446 1516 1474 Deo
1530 1444 1554 1473 Ε
1568 1446 1623 1474 ideo

1346 1503 1388 1511 —
1408 1485 1479 1516 ceris
1493 1486 1519 1520 ψ
1531 1488 1633 1513 eaeteri:

1349 1538 1384 1566 ¹7
1408 1526 1484 1566 quasi
1498 1535 1614 1562 corpus,
1629 1531 1678 1553 aut
1694 1525 1717 1552 E
1731 1524 1761 1553 0
1773 1525 1803 1555 U
1815 1525 1844 1554 d.

1347 1582 1388 1590 --
1410 1566 1517 1605 poffum
1533 1565 1556 1593 E
1570 1565 1599 1594 O
1611 1566 1730 1603 pfflmus

1353 1610 1387 1637 18
1410 1617 1444 1636 ne
1460 1607 1482 1634 E
1499 1617 1540 1633 nec

1349 1663 1390 1671 —
1412 1646 1493 1675 vobis
1507 1646 1530 1673 E
1546 1645 1617 1674 nubit

1353 1697 1388 1725 ¹9
1409 1686 1515 1715 dietata
1530 1686 1553 1714 E
1567 1685 1639 1714 dien

1351 1737 1388 1757 22
1411 1725 1527 1766 quidem
1543 1725 1687 1753 crederem
1699 1724 1723 1753 E
1733 1725 1834 1763 quiden
1847 1725 1942 1754 enlm
1956 1725 1985 1754 0

1452 1766 1556 1804 quidam
1569 1765 1668 1793 erda-
1676 1765 1706 1793 U
1718 1767 1785 1802 quod
1794 1766 1915 1794 (relatur
1925 1766 1989 1803 (fid

1450 1808 1478 1833 in
1492 1814 1571 1841 marg.
1587 1804 1625 1832 al.
1642 1804 1739 1842 quiden·
1752 1807 1873 1838 endam)

1353 1857 1389 1885 23
1411 1846 1486 1875 enim
1503 1844 1560 1872 olet
1577 1845 1599 1872 E
1605 1845 1681 1879 steret
1696 1844 1724 1872 0
1739 1845 1846 1881 &stom

1351 1901 1392 1909 —
1412 1885 1484 1915 nihil
1500 1884 1524 1913 E
1538 1883 1636 1913 nihilve
1651 1884 1679 1910 O
1695 1883 1723 1913 U
1740 1883 1766 1919 ψ
1780 1884 1890 1914 nihilne

1352 1937 1390 1964 ²4
1411 1927 1506 1965 Lyceo
1521 1925 1544 1952 E
1561 1925 1651 1952 Lentia
1664 1924 1690 1957 ψ
1704 1924 1793 1953 Leni·

1353 1968 1391 1997 26
1412 1972 1511 2004 putent
1525 1965 1551 1999 ψ
1562 1972 1652 2002 puna!

1351 2021 1393 2030 —
1413 2005 1547 2035 audiviss'e
1563 2005 1584 2032 E
1600 2005 1628 2031 O
1642 2003 1736 2042 andgffi

1356 2057 1391 2083 27
1414 2047 1458 2075 lbi
1476 2047 1498 2074 E
1516 2044 1561 2072 ubi

1356 2089 1393 2116 28
1416 2084 1564 2115 habitabat
1579 2083 1600 2111 E
1615 2082 1722 2111 habitae

1356 2137 1392 2165 ²9
1416 2126 1539 2155 Neocles
1555 2123 1577 2151 E
1594 2123 1690 2153 Nuda

1356 2176 1392 2205 30
1414 2167 1592 2196 Platonicum
1608 2163 1634 2197 ψ
1649 2165 1783 2194 Plau-e-

1355 2218 1392 2246 3²
1416 2204 1599 2236 Democriteo
1613 2205 1638 2241 ψ
1652 2203 1797 2235 Dan-crito

1357 2257 1394 2286 34
1414 2247 1472 2276 haec
1489 2248 1511 2275 E
1528 2245 1569 2273 hic

1273 2299 1333 2329 4¹9
1379 2297 1388 2316 1
1415 2287 1493 2325 quod
1510 2288 1531 2315 E
1546 2286 1575 2314 A.

1354 2342 1396 2351 -—·
1416 2336 1481 2356 ente
1496 2327 1518 2355 E
1532 2328 1560 2354 d.

1379 2379 1393 2398 2
1417 2367 1552 2406 pleraque
1567 2364 1590 2392 F·
1604 2364 1680 2403 plna

1355 2424 1397 2432 —
1417 2407 1500 2436 inane
1516 2409 1537 2436 E
1554 2406 1582 2433 O
1597 2407 1685 2436 inu-es
1700 2406 1730 2436 U
1745 2416 1826 2435 uvea

1354 2464 1397 2473 —
1417 2447 1555 2486 imagines
1575 2445 1601 2474 U
1615 2451 1748 2486 ,ra-agina

1376 2499 1391 2528 3
1416 2488 1585 2518 intinitatem
1600 2484 1629 2515 U
1643 2488 1784 2526 infinitates
