2330 2983
595 311 871 350 LIBER
929 310 1352 349 TERTIUS.
1604 322 1674 361 145

279 398 469 456 veniendi,
492 419 536 449 ut
555 410 740 462 quosdam
770 410 862 449 hinc
882 410 1000 448 libros
1021 424 1253 463 promerem.
1285 411 1338 448 Et
1358 408 1530 462 quidem,
1551 405 1675 453 sato,

279 486 400 515 totam
420 475 520 514 hanc
546 477 699 529 copiam
725 478 808 528 jam
838 477 1008 515 Lucullo
1042 477 1168 514 nostro
1198 485 1329 514 notam
1353 476 1423 513 ess'e
1455 475 1675 527 oportebit:

277 555 368 580 nam
388 541 448 580 his
469 542 576 580 libris
596 555 688 580 eum
715 542 832 586 malo,
860 555 978 594 quam
1005 541 1154 594 reliquo
1185 550 1321 579 ornatu
1345 540 1458 584 vium,
1487 541 1674 579 delectari.

278 607 346 645 Est
365 607 471 646 enim
490 606 591 646 mihi
625 621 774 660 magna?
792 621 892 646 curae
908 626 919 652 ;
951 620 1172 659 quanquam
1200 606 1276 645 hoc
1296 606 1457 658 quidem
1479 607 1676 659 proprium

277 681 391 711 tuum
412 686 554 711 munus
575 673 641 718 est,
664 683 707 711 ut
726 673 779 711 ita
798 673 1006 718 erudiatur,
1029 681 1072 711 ut
1092 681 1130 710 et
1151 673 1262 725 patri,
1283 681 1321 710 et
1342 672 1518 724 Caepioni
1537 672 1675 717 nostro,

277 746 316 775 et
337 738 410 776 tibi
430 747 510 777 tam
529 739 749 792 propinquo
770 738 1004 791 respondeat.
1036 738 1188 777 Laboro
1208 746 1338 776 autem
1359 751 1436 776 non
1458 738 1534 776 sine
1554 738 1675 777 causa.

277 803 386 843 Nam
403 813 440 842 et
460 805 519 842 avi
538 805 618 856 ejus
640 804 828 843 memoria
846 818 1018 849 moveor,
1039 805 1128 856 (nec
1149 804 1255 841 enim
1275 804 1441 856 ignoras,
1463 806 1597 856 quanti
1617 802 1676 842 fe-

276 870 399 908 cerim
419 871 671 923 Caepionem3
703 871 785 923 qui,
818 879 860 908 ut
891 871 1024 923 opinio
1045 883 1130 908 mea
1160 868 1248 915 fert,
1279 870 1319 907 in
1339 870 1579 922 principibus
1594 872 1677 923 jam

275 936 379 981 esset,
401 937 427 974 fi
447 937 607 989 viveret)
643 945 681 975 et
701 937 891 976 Lucullus
911 936 1011 975 mihi
1032 936 1197 975 versatur
1216 945 1303 974 ante
1330 936 1477 981 oculos,
1509 938 1567 975 vir
1586 936 1676 976 cum

275 1003 460 1040 omnibus
480 1002 684 1047 excellens,
716 1012 802 1041 tum
834 1016 992 1041 mecum
1021 1011 1059 1041 et
1088 1002 1258 1040 amicitia
1287 1010 1325 1040 et
1354 1003 1463 1040 omni
1484 1003 1679 1042 voluntate

276 1067 536 1121 sententiaque
555 1069 798 1120 conjunctus.

331 1133 539 1178 Praeclare,
569 1133 727 1186 inquit,
758 1132 878 1177 facis,
909 1145 1002 1171 cum
1036 1141 1075 1170 et
1113 1145 1249 1170 eorum
1292 1133 1522 1171 memoriam
1557 1143 1675 1178 teneS,

274 1213 443 1252 quorum
478 1209 637 1252 uterque
669 1200 741 1238 tibi
762 1200 988 1238 testamento
1019 1199 1158 1238 liberos
1193 1198 1278 1237 suos
1307 1201 1609 1246 commendavit,
1640 1211 1677 1239 et

276 1279 442 1319 puerum
462 1267 607 1319 diligis.
639 1266 759 1318 Qod
779 1276 908 1305 autem
930 1280 1063 1305 meum
1084 1279 1226 1305 munus
1251 1266 1361 1311 dicis,
1393 1280 1471 1305 non
1496 1268 1677 1320 equidem

275 1331 405 1370 recuso
420 1350 432 1376 ;
454 1331 517 1370 sed
538 1341 574 1370 te
592 1331 760 1384 adjungo
780 1332 940 1370 socium.
971 1331 1085 1370 Addo
1101 1332 1218 1369 etiam
1233 1331 1346 1376 illud,
1365 1332 1579 1384 multajam
1598 1334 1675 1371 mi·-

275 1395 319 1434 hi
339 1397 424 1435 dare
445 1397 547 1449 figna
571 1410 736 1449 puerum
755 1406 794 1435 et
819 1397 990 1450 pudoris,
1022 1407 1060 1434 et
1088 1397 1250 1450 ingenii.
1294 1397 1365 1435 Sed
1385 1406 1535 1436 aetatem
1555 1399 1675 1438 vides.

277 1463 402 1501 Video
423 1462 619 1515 equidem,
642 1463 802 1515 inquam
820 1478 829 1501 ε
862 1462 924 1500 sed
943 1471 1071 1501 tamen
1086 1464 1169 1515 jam
1190 1463 1296 1500 infici
1317 1463 1429 1501 debet
1450 1464 1496 1501 iis
1517 1465 1674 1510 astibus,

276 1542 370 1581 quas
401 1529 441 1573 fi,
473 1528 567 1566 dum
587 1527 638 1565 est
658 1538 776 1572 tener,
806 1528 1053 1572 combiberit,
1084 1528 1131 1565 ad
1165 1529 1308 1580 majora
1337 1529 1464 1566 veniet
1497 1531 1672 1582 paratior.

278 1595 353 1640 Sic,
381 1603 418 1632 et
437 1594 597 1646 quidem
617 1593 840 1645 diligentius
876 1593 1097 1646 saepiusque‚
1131 1593 1198 1632 ista
1223 1594 1428 1646 loquemur
1461 1595 1561 1634 inter
1591 1611 1674 1642 nos,

275 1660 507 1714 agemusque
525 1660 799 1698 communiter.
849 1659 921 1698 Sed
941 1659 1181 1706 resideamus,
1203 1659 1346 1714 inquit,
1367 1661 1394 1699 fi
1410 1661 1549 1715 placet.
1597 1665 1674 1702 Ita-

275 1740 350 1780 que
369 1725 548 1765 fecimus.

327 1793 402 1830 111.
435 1794 545 1831 Tum
567 1792 632 1831 ille
644 1811 656 1838 ς
678 1794 745 1831 Tu
764 1802 909 1839 autem,
926 1807 1018 1832 cum
1039 1793 1117 1846 ipse
1137 1801 1290 1832 tantum
1309 1794 1500 1833 librorum
1521 1794 1673 1842 habeas,

273 1872 371 1911 quos
405 1857 470 1896 hic
505 1859 661 1897 tandem
688 1861 846 1912 requiris
864 1862 876 1897 ?
923 1860 1234 1899 Commentarios
1260 1861 1461 1913 quosdam,
1497 1861 1672 1914 inquam,

274 1923 528 1969 Aristoteli0s‚
560 1938 656 1977 quos
677 1924 744 1963 hic
762 1925 928 1965 sciebam
947 1925 1033 1971 effe,
1064 1927 1151 1965 veni
1181 1936 1224 1965 ut
1250 1926 1453 1972 auferrem,
1484 1942 1581 1980 quos
1615 1929 1673 1967 le-

272 2003 417 2042 gerem,
448 1990 543 2028 dum
577 1990 690 2029 essem
724 1992 866 2031 otiosus
883 2010 894 2037 ;
927 1992 1032 2044 quod
1060 1992 1221 2044 quidem
1254 1992 1379 2038 nobis,
1411 2002 1455 2031 ut
1482 1993 1564 2039 scis,
1596 2008 1674 2033 non

273 2055 367 2108 saepe
387 2055 593 2108 contingit.
627 2056 759 2108 Qam
779 2057 934 2102 vellem,
960 2058 1102 2110 inquit,
1135 2067 1171 2096 te
1202 2058 1248 2096 ad
1278 2059 1424 2096 Stoicos
1450 2059 1673 2098 inclinavis-

273 2121 324 2159 ses
343 2121 349 2158 !
383 2122 476 2159 Erat
495 2122 616 2166 enim,
636 2122 661 2160 fi
682 2123 923 2176 cujusquam,
944 2133 1045 2162 certe
1066 2133 1195 2169 tuum,
1218 2123 1316 2163 nihil
1337 2134 1470 2178 praeter
1491 2126 1673 2164 virtutem

273 2187 312 2225 in
343 2187 454 2225 bonis
486 2187 637 2227 ducere.
669 2189 783 2234 Vide,
819 2203 868 2227 ne
897 2190 1034 2242 magis,
1066 2190 1240 2242 inquam,
1277 2201 1392 2229 tuum
1418 2190 1549 2236 fuerit,
1580 2205 1672 2230 cum

272 2266 310 2289 re
331 2251 433 2291 idem
454 2253 540 2297 tibi,
555 2253 660 2305 quod
675 2252 790 2299 mihi,
811 2254 1015 2300 videretur,
1034 2269 1111 2294 non
1127 2269 1225 2294 nova
1240 2265 1277 2294 te
1293 2257 1403 2294 rebus
1420 2258 1577 2295 nomina
1594 2258 1670 2294 im-

274 2331 426 2370 ponere.
487 2319 602 2358 Ratio
622 2320 726 2358 enim
748 2321 871 2359 nostra
899 2321 1101 2366 consentit,
1132 2323 1254 2360 oratio
1281 2332 1440 2375 pugnat.
1501 2323 1672 2361 Minime

273 2398 374 2428 vero,
403 2384 531 2437 inquit
551 2385 630 2430 ille,
652 2386 852 2425 consentit.
893 2388 1098 2441 Qidquid
1117 2390 1222 2427 enim
1245 2400 1377 2441 praeter
1397 2389 1450 2433 id,
1472 2388 1575 2440 quod
1595 2387 1670 2427 ho-

274 2450 422 2488 nestum
444 2450 501 2495 slt,
522 2453 778 2503 expetendum
797 2453 867 2492 effe
886 2454 1041 2499 dixeris,
1064 2455 1103 2492 in
1126 2455 1310 2507 bonisque
1328 2455 1606 2499 numeraverim
1633 2465 1671 2492 et

273 2515 477 2554 honestum
499 2516 638 2569 ipsum,
673 2519 776 2571 quasi
806 2519 959 2558 virtutis
990 2521 1136 2566 lumen,
1168 2521 1389 2564 extinxeris,
1424 2530 1460 2557 et
1488 2520 1670 2558 virtutem

275 2592 427 2633 pen1tus
447 2592 639 2622 everteris.

329 2648 526 2687 DiCuntur
545 2649 625 2700 ista,
645 2651 756 2698 Cato,
775 2652 992 2707 magnifice,
1014 2653 1198 2706 inquam:
1221 2653 1281 2692 sed
1301 2653 1450 2692 videsne
1468 2653 1669 2693 verborum

374 2715 412 2753 T
427 2728 450 2754 ο
466 2727 517 2755 M.
550 2716 604 2756 ΙΙ.
1330 2721 1367 2759 T
