2330 2983
584 283 858 322 LIBER
915 282 1346 335 QUINTUs.
1585 295 1659 335 ²25

311 383 464 422 XXVI.
485 383 596 421 Tum
617 383 777 427 Lucius,
800 381 906 420 Mihi
927 396 1014 420 vero
1034 382 1100 420 ista
1118 382 1226 419 valde
1245 382 1400 434 probata
1421 380 1523 419 sunt:
1557 382 1660 433 quod

270 447 365 486 item
386 446 491 484 fratri
509 454 619 499 puto.
641 447 751 484 Tum
771 444 872 483 mihi
892 445 992 490 Piso,
1013 445 1107 497 quid
1127 459 1230 497 ergo,
1253 445 1408 496 inquit?
1440 445 1548 483 dasne
1568 446 1658 483 ado-

269 512 425 550 lescenti
445 511 623 549 veniam?
654 513 718 549 An
748 524 839 549 eum
859 510 1000 548 discere
1023 523 1065 547 ea
1086 511 1220 555 mavis,
1251 524 1335 562 quae
1365 523 1455 547 cum
1488 511 1660 562 praeclare

268 577 459 621 didicerit,
480 575 580 615 nihil
600 576 718 614 sciat?
740 577 826 628 Ego
846 589 932 614 vero
952 575 1025 620 isti,
1047 576 1219 627 inquam,
1241 575 1436 627 permitto.
1470 576 1540 612 Sed
1561 590 1659 613 non-

268 655 316 680 ne
334 642 560 687 meministi,
582 641 682 680 mihi
702 642 814 680 licere
834 642 992 694 probare
1007 641 1087 686 ista,
1105 655 1189 694 quae
1209 641 1295 679 sunt
1315 654 1335 678 a
1356 650 1391 678 te
1411 640 1536 678 dicta?
1560 642 1659 692 Qis

268 708 375 746 enim
394 708 517 761 potest
545 720 600 752 ea,
631 721 716 760 quae
746 707 960 760 probabilia
989 707 1186 745 videantur
1204 707 1253 751 ei,
1284 720 1359 744 non
1381 705 1565 758 probare?
1597 707 1661 743 An

270 787 373 818 vero,
395 774 536 826 inquit,
568 773 772 826 quisquam
802 773 923 826 potest
952 772 1126 825 probare,
1160 772 1264 824 quod
1284 781 1522 825 perceptum,
1557 772 1662 824 quod

267 838 603 892 comprehensum,
635 839 740 891 quod
768 839 970 892 cognitum
999 852 1076 877 non
1107 838 1252 876 habet?
1284 838 1378 877 Non
1411 837 1463 875 est
1487 837 1565 881 ista,
1599 838 1661 875 in-

268 917 402 956 quam,
433 904 532 948 Piso,
565 917 702 956 magna
722 904 906 942 diffenfio.
938 902 1054 943 Nihil
1074 904 1126 942 est
1145 904 1250 941 enim
1269 903 1386 948 aliud,
1407 903 1662 954 quamobrem

268 968 369 1007 nihil
401 970 548 1022 percipi
577 969 678 1007 mihi
708 969 808 1022 poffe
833 969 1017 1014 videatur,
1050 969 1119 1007 nifi
1140 969 1244 1022 quod
1265 968 1500 1021 percipiendi
1521 969 1575 1005 vis
1610 969 1663 1006 ita

268 1034 449 1072 definitur
478 1048 499 1072 a
529 1035 680 1079 Stoicis,
714 1044 758 1072 ut
788 1044 927 1087 negent
947 1035 1162 1087 quidquam
1181 1034 1282 1086 poffe
1308 1034 1466 1086 percipi,
1499 1034 1566 1071 nifi
1589 1034 1663 1071 tale

269 1113 419 1145 verum,
441 1100 554 1153 quale
578 1099 717 1138 falsum
737 1100 808 1138 effe
829 1113 906 1138 non
926 1100 1051 1152 poffit.
1111 1101 1245 1152 Itaque
1277 1098 1358 1138 haec
1388 1113 1480 1138 cum
1508 1099 1583 1137 illis
1611 1100 1663 1138 est

269 1164 452 1211 difl‘enfio,
472 1179 566 1204 cum
586 1165 848 1219 Peripateticis
867 1165 973 1203 nulla
992 1165 1088 1204 sane.
1121 1165 1192 1204 Sed
1207 1164 1288 1204 haec
1308 1165 1558 1210 omittamus3
1590 1163 1661 1203 ha-

270 1230 363 1269 bent
382 1232 488 1270 enim
506 1240 544 1269 et
563 1231 659 1269 bene
678 1231 835 1284 longam
855 1241 893 1269 et
912 1231 997 1270 satis
1017 1231 1224 1284 litigiosam
1241 1230 1550 1283 disputationem.

324 1296 428 1334 Illud
458 1294 559 1334 mihi
585 1309 605 1333 a
635 1304 673 1333 te
693 1296 863 1334 nimium
883 1295 1102 1334 festinanter
1121 1295 1267 1333 dictum
1289 1295 1449 1339 videtur,
1480 1294 1662 1347 sapientes

267 1373 402 1398 omnes
422 1360 493 1399 effe
513 1361 659 1413 semper
678 1361 806 1399 beatos
823 1379 834 1405 ;
869 1360 1013 1412 (nescio
1043 1375 1122 1413 quo
1147 1360 1264 1398 modo
1284 1360 1558 1413 praetervolavit
1576 1373 1662 1398 ora-

269 1425 343 1476 tio)
374 1426 479 1478 quod
510 1425 578 1464 nisi
612 1427 664 1463 ita
697 1426 875 1471 efficitur,
905 1441 990 1478 quae
1023 1425 1310 1478 Theophrastus
1340 1426 1386 1463 de
1418 1425 1584 1470 fortuna,
1615 1425 1663 1463 de

268 1490 412 1536 dolore,
438 1491 484 1529 de
503 1491 674 1528 cruciatu
701 1491 869 1543 corporis
889 1492 1002 1536 dixit,
1033 1505 1126 1529 cum
1147 1491 1287 1543 quibus
1308 1491 1490 1542 conjungi
1512 1490 1663 1528 beatam

269 1556 390 1594 vitam
409 1556 518 1595 nullo
538 1556 656 1594 modo
682 1556 782 1607 poffe
803 1557 964 1609 putavit,
985 1570 1113 1595 vereor
1133 1569 1180 1593 ne
1199 1569 1284 1593 vera
1303 1556 1387 1594 sint.
1430 1556 1535 1594 Nam
1564 1556 1663 1594 illud

270 1620 515 1659 vehementer
534 1630 734 1673 repugnat,
768 1621 934 1659 eundem
954 1630 992 1659 et
1021 1621 1177 1659 beatum
1203 1620 1287 1666 effe,
1322 1629 1360 1659 et
1386 1620 1520 1658 multis
1550 1621 1661 1660 malis

268 1685 500 1738 oppressum.
546 1687 644 1724 Haec
683 1700 760 1738 quo
799 1686 916 1725 modo
952 1687 1196 1732 conveniant,
1235 1700 1312 1725 non
1349 1686 1433 1724 sane
1470 1686 1660 1739 intelligo.

269 1751 415 1790 Utrum
448 1752 566 1803 igitur
599 1752 671 1790 tibi
693 1765 769 1791 non
790 1753 927 1804 placet,
955 1752 1098 1804 inquit,
1128 1752 1279 1790 virtutis
1302 1761 1447 1789 tantam
1473 1751 1554 1789 vim
1574 1751 1659 1797 effe,

268 1825 313 1854 ut
331 1817 378 1854 ad
400 1817 508 1855 beate
527 1816 735 1855 vivendum
766 1816 801 1854 se
820 1815 898 1869 ipsa
923 1825 1102 1855 contenta
1121 1817 1193 1854 fit?
1225 1819 1303 1861 An,
1325 1816 1350 1854 fi
1371 1816 1409 1854 id
1426 1815 1575 1869 probas,
1608 1817 1662 1854 ita

269 1881 350 1920 fieri
370 1881 470 1934 posse
489 1894 617 1934 negaS,
653 1891 696 1920 ut
715 1882 757 1927 ii,
793 1883 861 1934 qui
880 1883 1032 1921 virtutis
1059 1891 1256 1935 compotes
1284 1881 1368 1926 sint,
1400 1882 1515 1920 etiam
1550 1883 1660 1920 malis

268 1947 498 2000 quibusdam
518 1946 656 1992 affecti,
689 1947 788 1985 beati
808 1948 906 1986 fint?
938 1949 1024 2000 Ego
1043 1961 1130 1985 vero
1150 1948 1237 1986 volo
1270 1947 1311 1985 in
1332 1947 1470 1985 virtute
1490 1947 1570 1985 vim
1590 1948 1662 1985 effe

268 2027 386 2066 quam
407 2014 645 2052 maximam:
678 2013 752 2058 sed,
783 2023 925 2065 quanta
944 2014 1002 2058 fit,
1034 2012 1124 2052 alias
1139 2032 1152 2058 ;
1183 2026 1286 2052 nunc
1314 2011 1478 2058 tantum,
1500 2013 1661 2067 poflitne

267 2079 338 2117 effe
357 2089 473 2125 tanta,
494 2079 520 2118 fi
541 2079 754 2132 quidquam
773 2088 877 2118 extra
897 2080 1079 2118 virtutem
1099 2078 1283 2117 habeatur
1302 2079 1342 2117 in
1362 2079 1488 2118 bonis.

321 2145 461 2197 Atqui,
482 2145 625 2196 inquit,
643 2145 670 2182 fi
691 2145 826 2182 Stoicis
846 2145 1039 2190 concedis,
1057 2154 1099 2182 ut
1119 2145 1236 2182 virtus
1257 2144 1345 2188 sola,
1368 2145 1393 2182 si
1414 2144 1518 2189 adfit,
1540 2145 1660 2183 vitam

268 2209 409 2247 efficiat
429 2210 604 2253 beatam;
635 2210 811 2247 concedis
845 2211 961 2248 etiam
982 2210 1254 2262 Peripateticis.
1297 2211 1396 2262 Qae
1426 2212 1530 2248 enim
1560 2209 1661 2248 mala

266 2275 327 2312 illi
347 2288 424 2312 non
444 2275 584 2312 audent
603 2275 803 2326 appellare,
825 2275 950 2327 aspera
968 2285 1110 2320 autem,
1135 2284 1172 2312 et
1192 2275 1451 2320 incommoda,
1473 2284 1509 2313 et
1531 2275 1659 2327 rejici-

269 2339 379 2384 enda,
413 2349 451 2377 et
470 2339 591 2377 aliena
610 2349 751 2377 naturae
770 2339 841 2378 effe
864 2341 1094 2386 concedunt,
1129 2354 1171 2378 ea
1189 2354 1256 2378 nos
1279 2341 1377 2378 mala
1395 2340 1574 2384 dicimus,
1597 2339 1659 2378 sed

268 2405 408 2457 exigua
425 2414 463 2443 et
484 2419 594 2458 porro
613 2406 789 2444 minima.
822 2407 949 2459 Qare
969 2407 994 2445 fi
1015 2407 1135 2460 potest
1154 2406 1224 2444 effe
1245 2407 1373 2445 beatus
1394 2407 1438 2451 is,
1461 2407 1528 2458 qui
1547 2405 1599 2444 est
1618 2407 1660 2445 in

270 2471 407 2524 asperis
428 2471 712 2524 rejiciendisque
732 2473 858 2518 rebus,
879 2474 1000 2526 potest
1019 2474 1050 2512 is
1071 2487 1226 2526 quoque
1245 2473 1328 2517 esse,
1355 2472 1423 2524 qui
1443 2472 1495 2510 est
1511 2472 1549 2510 in
1570 2486 1660 2525 par-

271 2537 328 2574 vis
347 2537 474 2575 malis.
520 2537 573 2575 Et
591 2550 677 2589 ego,
700 2537 797 2583 Piso,
830 2539 1004 2590 inquam,
1032 2539 1058 2577 fi
1078 2539 1130 2577 est
1149 2539 1364 2591 quisquam,
1392 2538 1459 2590 qui
1480 2547 1589 2576 acute
1619 2539 1660 2577 in

272 2601 388 2640 causls
409 2601 535 2639 videre
568 2601 696 2648 soleat,
733 2617 818 2655 quae
839 2617 895 2642 res
919 2613 1063 2658 agatur,
1096 2603 1127 2643 is
1159 2617 1197 2642 es
1230 2602 1401 2657 profecto
1432 2612 1488 2642 tu.
1534 2603 1662 2654 Qare

379 2667 419 2706 T
433 2680 457 2707 0
472 2679 524 2707 M.
555 2667 609 2708 II.
1290 2669 1322 2708 F
1345 2667 1368 2708 f
