2330 2983
1159 222 1386 278 [1⁶8]

946 450 1064 490 DE
1149 447 1609 489 FINIBUS

599 625 1148 692 BONORUM
1214 642 1313 682 ET
1379 621 1959 693 MALORUM‚

831 853 1148 896 LIBER
1230 851 1730 905 QUARTUS.

584 1057 617 1096 I.
640 1051 811 1203 Οἱ]
826 1052 874 1091 AE
906 1064 998 1089 cum
1019 1048 1182 1094 dixisset,
1210 1047 1328 1086 finem
1349 1047 1428 1086 ille.
1467 1046 1554 1100 Ego
1570 1055 1714 1091 autem,
1744 1044 1819 1084 Nae
1839 1053 1895 1089 tu,
1916 1045 1980 1083 in-

801 1131 934 1171 quam,
955 1118 1065 1161 Cato,
1088 1115 1153 1153 ista
1172 1113 1374 1167 exposuisti
1396 1122 1476 1152 tam
1495 1113 1620 1152 multa
1639 1111 1875 1155 memoriter,
1901 1119 1981 1148 tam

801 1183 962 1222 obscura
981 1181 1160 1220 dilucide.
1194 1182 1327 1233 Itaque
1343 1188 1408 1218 aut
1426 1179 1652 1218 omittamus
1672 1176 1806 1216 contra
1819 1177 1983 1215 omnino

586 1252 684 1290 velle
704 1249 864 1303 aliquid,
893 1257 957 1286 aut
988 1247 1152 1299 spatium
1172 1246 1367 1284 sumamus
1393 1245 1438 1284 ad
1457 1245 1734 1297 cogitandum:
1766 1253 1846 1281 tam
1876 1242 1983 1280 enim

587 1318 805 1369 diligenter,
837 1324 875 1352 et
895 1314 920 1351 fi
942 1313 1071 1351 minus
1090 1325 1188 1357 vere,
1213 1313 1322 1363 (nam
1341 1311 1517 1350 nondum
1540 1310 1580 1348 id
1599 1309 1758 1362 quidem
1781 1308 1901 1346 audeo
1921 1307 1983 1346 di-

587 1385 689 1435 cere)
712 1382 771 1421 sed
793 1391 921 1419 tamen
942 1388 1113 1417 accurate
1140 1392 1217 1416 non
1243 1378 1361 1416 modo
1380 1376 1595 1420 fundatam,
1625 1388 1759 1413 verum
1779 1374 1896 1412 etiam
1915 1387 1985 1412 ex·

588 1451 767 1493 tructam,
789 1445 1030 1499 disciplinam
1051 1458 1128 1483 non
1147 1443 1199 1482 est
1218 1442 1330 1481 facile
1350 1442 1572 1496 perdiscere.

643 1517 754 1554 Tum
785 1513 864 1558 ille,
898 1512 987 1551 Ain’
1009 1511 1178 1555 tandem,
1210 1510 1368 1562 inquit?
1399 1522 1492 1548 cum
1517 1523 1589 1562 ego
1619 1518 1656 1547 te
1686 1507 1756 1546 hac
1778 1520 1875 1545 nova
1902 1507 1986 1559 lege

588 1582 739 1621 videam
759 1580 895 1619 eodem
915 1578 976 1617 die
996 1577 1202 1616 accusatori
1222 1574 1456 1629 respondere,
1473 1585 1511 1613 et
1531 1575 1653 1613 tribus
1673 1573 1778 1612 horis
1799 1585 1985 1626 perorare,

589 1650 630 1687 in
650 1647 722 1687 hac
743 1661 807 1686 me
825 1645 932 1685 causa
951 1650 1104 1698 tempus
1124 1643 1334 1682 dilaturum
1354 1642 1492 1695 putas?
1535 1642 1632 1693 Qae
1652 1649 1780 1679 tamen
1800 1653 1821 1677 a
1841 1649 1877 1678 te
1896 1651 1987 1692 age-

591 1725 654 1753 tur
675 1729 750 1754 non
772 1713 922 1757 melior,
944 1724 1062 1764 quam
1082 1710 1156 1748 illae
1175 1709 1275 1754 sunt,
1297 1721 1390 1762 quas
1416 1707 1611 1746 interdurn
1630 1706 1796 1746 obtines.
1859 1706 1989 1757 Qare

591 1783 702 1821 istam
719 1793 874 1834 quoque
893 1777 1109 1832 aggredere,
1137 1777 1331 1815 tractatam
1348 1774 1555 1829 praesertim
1575 1783 1613 1813 et
1632 1773 1680 1812 ab
1709 1773 1807 1818 aliis,
1838 1782 1876 1812 et
1905 1785 1926 1810 a
1952 1780 1989 1810 te

592 1848 672 1901 ipso
691 1847 799 1901 saepe,
821 1855 865 1885 ut
885 1845 956 1883 tibi
977 1843 1093 1882 deeffe
1113 1856 1189 1881 non
1206 1842 1317 1896 poffit
1332 1841 1466 1880 oratio.

648 1915 759 1952 Tum
777 1926 863 1965 ego,
896 1911 989 1950 Non
1010 1908 1230 1948 mehercule
1250 1907 1349 1947 soleo
1379 1916 1521 1946 temere
1550 1916 1683 1945 contra
1709 1904 1880 1944 Stoicos:
1913 1916 1991 1942 non

593 1993 673 2033 quo
703 1979 779 2017 illis
806 1977 1015 2017 admodum
1036 1974 1232 2020 assentiar3
1271 1974 1329 2012 sed
1361 1973 1505 2026 pudore
1539 1972 1755 2025 impedior:
1787 1971 1839 2008 ita
1869 1970 1992 2008 multa

594 2047 744 2090 dicunt,
763 2059 846 2097 quae
867 2044 930 2082 vix
950 2041 1179 2094 intelligam.
1227 2038 1427 2084 'Obscura,
1448 2039 1589 2091 inquit,
1611 2037 1785 2090 quaedam
1807 2035 1878 2074 effe
1894 2049 1990 2073 con-

596 2112 730 2157 fiteor3
763 2125 832 2149 nec
854 2120 981 2147 tamen
1005 2108 1052 2146 ab
1074 2108 1149 2145 illis
1170 2107 1222 2144 ita
1241 2105 1423 2144 dicuntur
1442 2105 1488 2143 de
1509 2103 1717 2147 industria;
1750 2102 1809 2140 scd
1838 2101 1930 2139 inest
1952 2102 1991 2140 in

596 2178 708 2218 rebus
729 2177 815 2231 ipsis
836 2175 1057 2214 obscuritas.
1090 2175 1171 2212 Cur
1191 2173 1308 2226 igitur
1328 2171 1475 2210 easdem
1497 2184 1568 2215 res,
1597 2170 1772 2222 inquam,
1798 2169 1991 2221 Peripate-

596 2245 684 2283 ticis
705 2242 935 2286 dicentibus,
951 2241 1110 2279 verbum
1132 2239 1286 2277 nullum
1305 2238 1371 2283 est,
1390 2236 1494 2290 quod
1511 2250 1586 2275 non
1603 2234 1866 2288 intelligatur?
1898 2233 1991 2271 Eas-

596 2311 736 2350 demne
764 2323 833 2354 res,
867 2308 992 2360 inquit
1011 2308 1024 2344 ?
1055 2320 1100 2344 an
1124 2319 1259 2359 parum
1280 2303 1445 2348 dili‘crui,
1468 2317 1544 2342 non
1567 2302 1690 2340 verbis
1711 2301 1857 2340 stoicos
1878 2314 1898 2338 a
1919 2301 1993 2339 Pe-

598 2375 820 2429 ripateticis,
845 2373 903 2411 scd
921 2371 1087 2411 universa
1105 2385 1140 2408 rc
1159 2380 1196 2408 ct
1215 2379 1292 2408 tota
1314 2369 1506 2413 sententia,
1528 2367 1717 2405 dili‘cntire
1736 2367 1748 2403 ?
1772 2365 1908 2418 Atqui,
1933 2365 1993 2402 in-

599 2455 732 2493 quam,
755 2443 866 2484 Cato,
888 2439 910 2477 {⁴1
934 2438 1030 2476 istud
1051 2436 1276 2480 obtinueris,
1300 2435 1468 2473 traducas
1492 2448 1552 2472 me
1572 2434 1615 2471 ad
1639 2444 1673 2471 te
1697 2442 1822 2471 totum
1844 2431 1990 2469 licebit.

599 2508 787 2545 Putabam
804 2505 983 2558 equidem
1004 2503 1100 2548 satis,
1120 2502 1260 2555 inquit,
1284 2516 1344 2540 mc
1365 2499 1510 2538 dixiffe.
1544 2502 1672 2551 Qarc
1688 2499 1731 2537 ad
1748 2512 1788 2537 ea
1805 2498 1990 2551 primum.

601 2574 626 2611 sl
655 2572 815 2612 videtur.
877 2572 940 2610 Sin
973 2569 1074 2608 aliud
1096 2569 1189 2622 quid
1217 2568 1333 2613 voles,
1370 2567 1506 2620 postca.
1567 2567 1697 2605 Immo
1721 2565 1790 2604 isto
1819 2563 1991 2617 quidem,
