2330 2983
631 263 706 302 286
936 258 1706 298 TUSCULANARUM

681 359 774 397 XII.
808 356 878 395 Sed
898 356 992 408 quid
1023 356 1144 408 poetis
1163 355 1386 394 irascimur?
1418 356 1583 394 Virtutis
1603 354 1771 409 magistri
1791 354 2010 408 philosophi

624 423 770 462 inventi
790 422 890 466 sunt,
910 422 978 473 qui
998 421 1194 459 summum
1215 421 1361 459 malum
1382 421 1552 460 dolorem
1572 421 1753 460 dicerent.
1785 422 1840 459 At
1859 430 1900 459 tu
1919 421 2010 459 ado-

626 487 782 532 lescens,
817 500 907 525 cum
941 486 980 524 id
1014 486 1086 524 tibi
1116 485 1230 539 paulo
1263 495 1349 525 ante
1378 485 1526 524 dixisses
1560 486 1693 532 videri,
1725 494 1874 539 rogatus
1895 499 1915 524 a
1934 499 2009 530 me,

625 555 791 591 etiamne
810 553 932 605 majus
952 565 1069 604 quam
1089 551 1264 597 dedecus,
1286 552 1400 591 verbo
1420 552 1466 590 de
1485 552 1665 590 sententia
1684 552 1867 590 destitisti.
1899 552 2012 604 Rogo

626 619 701 658 hoc
722 619 824 657 idem
844 619 1058 671 Epicurum
1075 636 1086 663 ς
1119 619 1240 670 majus
1270 618 1371 656 dicet
1389 617 1460 656 esse
1479 618 1626 656 malum
1647 618 1881 656 mediocrem
1900 617 2010 656 dolo-

628 699 724 730 rem,
746 698 862 738 quam
883 684 1100 722 maximum
1114 683 1292 722 dedecus.
1323 685 1368 722 In
1388 683 1468 736 ipso
1486 684 1591 723 enim
1606 683 1787 722 dedecore
1807 683 1899 723 mali
1915 682 2013 721 nihil

628 751 713 796 esse,
746 751 813 789 nisi
833 750 1036 802 sequantur
1054 749 1216 788 dolores.
1265 750 1364 801 Qis
1384 749 1502 801 igitur
1522 750 1736 802 Epicurum
1754 750 1923 802 sequitur
1941 749 2012 787 do-

628 817 700 861 lor,
725 829 816 854 cum
835 814 910 853 hoc
941 815 1066 867 ipsum
1092 815 1200 860 dicit,
1231 814 1428 852 summum
1448 814 1596 852 malum
1615 814 1684 852 effe
1715 814 1901 858 dolorem,
1935 828 2014 866 quo

624 882 792 920 dedecus
812 881 933 932 majus
954 893 974 917 a
993 878 1224 932 philosopho
1244 879 1397 918 nullum
1417 879 1603 932 expecto?
1649 880 1777 930 Quare
1810 878 1895 917 satis
1915 877 2012 917 mihi

623 948 776 992 dedisti,
797 960 888 985 cum
906 945 1140 999 respondisti,
1158 946 1281 998 majus
1300 946 1373 984 tibi
1387 945 1506 984 videri
1527 945 1688 990 malum,
1703 945 1880 990 dedecus,
1897 958 2013 997 quam

628 1013 815 1052 dolorem.
847 1013 937 1050 Hoc
957 1011 1082 1064 ipsum
1102 1012 1208 1050 enim
1228 1011 1254 1050 fi
1274 1011 1434 1056 tenebis,
1464 1011 1666 1064 intelliges,
1697 1024 1815 1064 quarn
1835 1012 1879 1048 fit
1899 1009 2013 1048 obfis-

626 1079 790 1118 -tendum
819 1078 956 1116 dolori.
1015 1078 1100 1116 Nec
1131 1087 1209 1116 tam
1229 1078 1476 1130 quaerendum
1506 1077 1571 1122 est,
1603 1077 1711 1115 dolor
1734 1077 1930 1115 malumne
1956 1077 2013 1122 fit,

626 1158 747 1198 quam
768 1144 976 1183 firmandus
996 1143 1145 1181 animus
1165 1143 1211 1180 ad
1230 1143 1403 1182 dolorem
1422 1142 1636 1182 ferendum.

689 1210 940 1248 Concludunt
960 1208 1183 1247 ratiunculis
1213 1209 1345 1254 Stoici,
1372 1223 1441 1247 cur
1460 1222 1537 1247 non
1568 1208 1612 1247 fit
1631 1208 1805 1253 malum,
1838 1209 1940 1261 quasi
1969 1207 2015 1246 de

628 1275 756 1320 verbo,
788 1287 864 1312 non
898 1273 945 1311 de
974 1287 1030 1317 re,
1061 1273 1265 1311 laboretur.
1311 1274 1419 1325 Qid
1438 1287 1501 1311 me
1534 1274 1693 1326 decipis,
1725 1273 1864 1311 Zeno?
1909 1273 2016 1312 Nam

628 1354 720 1379 cum
741 1340 794 1385 id,
828 1338 932 1392 quod
963 1337 1061 1376 mihi
1095 1337 1279 1377 horribile
1312 1339 1473 1383 videtur,
1509 1347 1551 1377 tu
1574 1338 1748 1376 -omnino
1770 1338 1917 1376 malum
1946 1337 2016 1376 effe

627 1419 755 1460 negas,
785 1405 914 1458 capior
928 1423 940 1450 3
969 1412 1012 1442 et
1045 1403 1136 1442 scire
1155 1405 1286 1457 cupio,
1315 1418 1392 1457 quo
1411 1404 1529 1443 modo
1549 1404 1602 1449 id,
1635 1404 1741 1456 quod
1759 1415 1831 1456 ego
1850 1403 2016 1441 miserri-

628 1486 743 1511 mum
761 1471 991 1516 existimem,
1022 1484 1069 1508 ne
1089 1470 1236 1509 malum
1258 1471 1416 1523 quidem
1434 1471 1494 1510 fit.
1538 1469 1653 1509 Nihil
1673 1469 1738 1515 est,
1760 1469 1902 1522 inquit,
1933 1483 2016 1508 ma-

628 1539 729 1584 -lum,
760 1537 828 1576 nifi
849 1537 951 1590 quod
972 1546 1082 1589 turpe
1101 1545 1214 1588 atque
1233 1537 1412 1575 vitiosum
1430 1537 1497 1575 est.
1542 1537 1606 1575 Ad
1627 1537 1783 1590 ineptias
1811 1536 1908 1575 redis
1923 1554 1935 1581 ;
1966 1535 2016 1574 il-

631 1604 699 1643 lud
717 1604 835 1648 enim,
857 1602 960 1655 quod
982 1616 1044 1640 me
1064 1602 1237 1654 angebat,
1260 1616 1336 1640 non
1355 1602 1506 1641 eximis.
1553 1602 1638 1640 Scio
1658 1602 1829 1640 dolorem
1851 1616 1927 1640 non
1947 1601 2017 1640 effe

629 1671 843 1724 nequitiam
862 1688 872 1713 ;
904 1669 1025 1707 desine
1046 1669 1084 1706 id
1115 1683 1176 1706 me
1192 1669 1352 1707 docere:
1385 1667 1459 1706 hoc
1479 1668 1587 1712 doce,
1609 1668 1773 1713 doleam,
1807 1682 1923 1707 necne
1946 1669 2016 1707 do-

630 1738 744 1781 icam,
761 1735 864 1774 nihil
887 1734 1068 1772 intereffe.
1102 1735 1316 1786 Nunquam
1335 1735 1562 1786 quidquam,
1583 1734 1722 1787 inquit,
1744 1735 1788 1772 ad
1806 1734 1911 1772 beate
1926 1734 2015 1787 qui—

632 1803 721 1840 dem
741 1800 962 1845 vivendum,
995 1799 1100 1852 quod
1119 1799 1171 1837 est
1202 1800 1240 1837 in
1262 1813 1335 1836 una
1355 1800 1493 1837 virtute
1510 1799 1673 1852 positum
1691 1818 1702 1844 3
1735 1799 1794 1837 sed
1814 1800 1865 1837 est
1892 1809 2017 1838 tamen

632 1868 895 1920 rejiciendum.
939 1866 1050 1904 Cur?
1082 1865 1269 1918 Asperum
1289 1864 1354 1909 est,
1385 1873 1517 1903 contra
1537 1874 1723 1910 naturam,
1755 1865 1910 1903 difficile
1931 1879 2016 1918 per-

631 1933 747 1986 peffu,
770 1932 884 1976 triste,
909 1931 1063 1970 durum.

679 1999 790 2037 XIII.
815 1999 910 2036 Haec
930 1997 981 2035 est
1001 1998 1110 2049 copia
1131 1998 1347 2041 verborum,
1366 1998 1470 2049 quod
1490 2011 1622 2036 omnes
1644 2011 1720 2035 uno
1738 1997 1852 2035 verbo
1872 1997 2017 2036 malum

633 2064 881 2117 appellamus,
913 2063 950 2100 id
987 2072 1041 2101 tot
1077 2063 1200 2101 modis
1222 2063 1319 2115 poffe
1345 2063 1480 2101 dicere.
1541 2062 1689 2101 Definis
1723 2072 1762 2099 tu
1796 2061 1908 2106 mihi,
1940 2076 2016 2101 non

635 2130 752 2175 tollis,
773 2129 957 2173 dolorem,
985 2143 1075 2167 cum
1107 2129 1201 2166 dicis
1222 2129 1406 2181 asperum,
1436 2138 1566 2166 contra
1601 2138 1786 2171 naturam,
1818 2129 1880 2165 vix
1916 2129 2018 2180 quod

634 2195 722 2234 ferri
745 2195 967 2247 tolerarique
1001 2194 1110 2247 poffit
1128 2213 1138 2238 ;
1171 2207 1238 2232 nec
1270 2195 1466 2232 mentiris:
1499 2194 1558 2231 sed
1592 2207 1629 2231 re
1665 2193 1910 2231 succumbere
1942 2207 2017 2231 non

633 2262 845 2315 oportebat,
876 2262 998 2299 verbis
1027 2261 1268 2314 gloriantem,
1299 2261 1394 2299 dum
1415 2259 1511 2299 nihil
1534 2261 1694 2303 bonum,
1728 2259 1793 2298 nisi
1820 2260 1923 2312 quod
1943 2259 2016 2299 ho-

634 2328 808 2372 nestum;
841 2326 937 2365 nihil
960 2327 1119 2371 malum,
1143 2327 1207 2364 nisi
1230 2327 1332 2378 quod
1361 2336 1480 2379 turpe.
1514 2327 1657 2379 Optare
1678 2325 1750 2364 hoc
1771 2325 1930 2377 quidem
1951 2326 2016 2371 est,

634 2407 710 2431 non
732 2393 878 2430 docere.
930 2391 1030 2430 Illud
1049 2401 1085 2429 et
1116 2391 1268 2435 melius,
1298 2402 1335 2429 et
1361 2392 1482 2429 verius
1501 2410 1510 2435 ;
1542 2392 1684 2436 onmia,
1706 2405 1790 2444 quae
1812 2401 1941 2429 natura
1961 2391 2016 2428 as-

637 2468 825 2511 pernatur,
861 2458 898 2495 in
922 2457 1030 2495 malis
1050 2457 1146 2502 esse,
1178 2470 1261 2509 qua·
1281 2456 1443 2501 asciscat,
1480 2457 1517 2494 in
1540 2457 1662 2495 bonis.
1708 2458 1796 2495 Hoc
1818 2456 1951 2509 posim,
1981 2468 2017 2495 ct

636 2524 838 2564 verborum
872 2523 1152 2562 concertatione
1190 2522 1343 2568 sublata,
1382 2532 1529 2561 tantum
1565 2533 1690 2561 tamen
1721 2522 1879 2561 excellet
1906 2521 2015 2565 illud,
