2330 2983
483 304 558 346 372
790 285 1568 327 TUSCULANARUM

480 388 704 442 proprium;
736 395 837 424 certe
867 397 1002 423 omnes
1031 384 1185 423 virtutis
1218 392 1417 436 compotes
1447 381 1547 420 beati
1569 381 1671 419 sunt.
1716 381 1769 419 Et
1796 379 1876 419 hoc

481 453 638 506 quidem
659 450 758 490 mihi
778 464 870 489 cum
897 451 1017 489 Bruto
1037 449 1230 494 convenit,
1262 449 1356 486 item
1387 461 1480 485 cum
1501 446 1717 490 Aristotele,
1739 445 1873 483 Xeno-

480 528 594 562 crate,
616 517 836 570 Speufippo,
858 515 1082 554 Polemone.
1113 514 1184 552 Sed
1205 512 1308 558 mihi
1324 513 1500 551 videntur
1519 512 1635 550 etiam
1656 510 1872 550 beatissimi.

483 583 590 634 Qid
609 583 714 620 enim
734 581 834 619 deest
853 581 898 619 ad
929 581 1036 619 beate
1056 580 1264 618 vivendum
1291 579 1340 622 ei,
1375 579 1444 630 qui
1463 577 1623 616 confidit
1642 576 1718 614 suis
1738 575 1880 614 bonis?

482 658 560 693 aut,
583 649 649 700 qui
670 647 825 691 diffidit,
847 646 978 684 beatus
998 645 1068 683 ess‘e
1088 646 1155 697 qui
1174 644 1294 698 potest
1316 645 1328 680 ?

537 714 649 751 XIV.
682 714 736 750 At
756 711 903 749 diffidat
923 709 1065 748 necesse
1084 710 1150 753 est,
1181 709 1248 761 qui
1269 709 1370 746 bona
1388 707 1526 745 dividit
1544 706 1749 760 tripartito.
1794 703 1884 755 Qi

483 779 589 818 enim
609 777 749 832 poterit
779 784 844 813 aut
863 775 1031 828 corporis
1051 773 1248 823 firmitate,
1277 782 1342 810 aut
1372 771 1535 809 fortunae
1560 771 1762 809 stabilitate
1779 783 1876 808 con-

484 843 628 882 fidere?
659 841 798 893 Atqui,
829 839 897 878 nisi
918 838 1058 883 stabili,
1089 847 1127 875 et
1146 837 1243 882 fixo,
1271 846 1308 874 et
1327 845 1574 889 permanente
1594 835 1711 879 bono,
1746 834 1884 873 beatus

484 907 556 946 esse
576 920 692 945 nemo
711 904 847 958 potest.
880 903 989 958 Qid
1007 916 1099 956 ergo
1118 901 1307 955 ejusmodi
1325 900 1484 940 istorum
1504 900 1582 939 est?
1616 909 1659 939 ut
1678 897 1779 938 mihi
1800 899 1882 937 La·

483 971 590 1011 conis
610 971 711 1010 illud
729 970 878 1009 distum
898 969 939 1008 in
959 967 1031 1007 hos
1050 968 1181 1009 cadere
1207 967 1379 1007 videatur
1391 984 1404 1011 ς
1437 966 1505 1019 qui
1523 965 1704 1018 glorianti
1723 963 1882 1004 cuidam

484 1036 701 1080 mercatori,
732 1035 837 1089 quod
856 1035 997 1073 multas
1017 1046 1128 1072 naves
1158 1033 1198 1072 in
1228 1045 1387 1070 omnem
1416 1045 1523 1070 oram
1549 1030 1785 1070 maritimam
1817 1030 1881 1068 di-

485 1101 652 1146 mifiss'et,
668 1102 851 1153 Nonstme
867 1099 1031 1154 optabilis
1049 1097 1184 1152 quidem
1202 1097 1280 1150 ssa,
1297 1097 1439 1150 inquit,
1457 1096 1665 1136 rudentibus
1679 1105 1782 1149 apta,
1784 1096 1881 1149 fir-

486 1178 590 1208 tuna.
632 1171 697 1206 An
729 1166 896 1204 dubium
928 1165 995 1209 est,
1028 1165 1126 1218 quin
1158 1163 1257 1202 nihil
1278 1163 1322 1201 fit
1340 1162 1563 1202 habendum
1588 1163 1631 1201 in
1662 1176 1708 1201 eo
1727 1175 1880 1215 genere,

486 1234 592 1286 quod
612 1234 688 1271 vita
706 1233 813 1269 beata
831 1230 1117 1283 complectitur,
1139 1229 1165 1267 fi
1185 1228 1225 1267 id
1243 1229 1356 1281 poffit
1375 1229 1530 1267 amitti?
1558 1227 1675 1268 Nihil
1690 1230 1796 1268 enim
1816 1229 1881 1268 in·

486 1297 718 1341 terarescere,
751 1295 852 1334 nihil
879 1294 1070 1348 extingui,
1097 1293 1198 1332 nihil
1217 1294 1347 1332 cadere
1366 1294 1478 1332 debet
1497 1307 1646 1338 eorum,
1677 1295 1718 1332 in
1738 1295 1890 1347 quibus

487 1364 565 1402 vita
583 1363 691 1401 beata
721 1360 901 1400 consistit.
943 1360 1052 1399 Nam
1071 1359 1139 1412 qui
1159 1359 1328 1404 timebit,
1350 1372 1397 1398 ne
1418 1359 1514 1411 quid
1538 1371 1586 1398 ex
1604 1357 1666 1397 his
1685 1359 1883 1411 deperdat,

488 1430 620 1469 beatus
640 1427 710 1467 effe
730 1440 807 1466 non
827 1425 981 1480 poterit.

542 1495 737 1533 Volumus
757 1493 877 1537 enim,
899 1506 1003 1537 eum,
1038 1491 1107 1544 qui
1127 1491 1259 1530 beatus
1279 1491 1336 1536 sit,
1368 1500 1501 1530 tutum
1525 1490 1611 1536 esse,
1641 1490 1890 1544 inexpugna-

490 1560 624 1604 bilem,
656 1558 805 1612 septum
826 1566 940 1610 atque
959 1557 1173 1601 munitum,
1200 1570 1279 1595 non
1299 1565 1343 1594 ut
1361 1570 1479 1608 parvo
1495 1565 1604 1595 metu
1622 1555 1804 1609 praeditus
1824 1555 1884 1601 fit,

490 1626 553 1665 sed
572 1634 614 1663 ut
635 1623 756 1662 nullo.
801 1623 859 1661 Ut
878 1623 984 1661 enim
1003 1621 1187 1660 innocens
1207 1621 1240 1660 is
1259 1621 1415 1666 dicitur,
1445 1635 1525 1659 non
1556 1621 1624 1673 qui
1643 1621 1778 1660 leviter
1811 1634 1890 1658 no-

490 1701 564 1736 cet,
586 1689 648 1728 sed
667 1688 735 1741 qui
754 1686 854 1725 nihil
874 1696 987 1725 nocet
999 1705 1011 1732 ς
1042 1686 1092 1725 sic
1123 1686 1200 1725 fine
1220 1696 1328 1725 metu
1347 1686 1380 1724 is
1398 1685 1597 1725 habendus
1617 1685 1683 1731 est,
1711 1699 1790 1724 non
1814 1685 1887 1737 qui

491 1769 627 1810 parum
647 1753 802 1798 metuit,
837 1752 899 1791 sed
919 1751 987 1804 qui
1006 1751 1169 1790 omnino
1198 1760 1307 1790 metu
1324 1761 1444 1791 vacat.
1494 1753 1592 1803 Qae
1611 1751 1664 1790 est
1683 1751 1790 1790 enim
1813 1751 1887 1789 alia

491 1820 693 1865 fortitudo,
726 1818 794 1857 nisi
825 1817 947 1859 animi
965 1815 1115 1856 affectio
1134 1830 1228 1856 cum
1254 1816 1295 1855 in
1314 1816 1490 1856 adeundo
1513 1817 1686 1869 periculo
1709 1826 1749 1855 et
1767 1817 1808 1854 in
1827 1816 1887 1854 la·

492 1889 583 1926 bore
603 1899 645 1924 ac
666 1884 796 1923 dolore
816 1883 977 1935 patiens,
998 1891 1086 1921 tum
1102 1881 1237 1935 procul
1256 1882 1303 1920 ab
1323 1881 1433 1922 omni
1453 1882 1588 1921 metu?

548 1954 679 2003 Atque
712 1949 793 1988 haec
827 1957 928 1987 certe
955 1961 1033 1987 non
1056 1948 1108 1986 ita
1137 1947 1172 1986 se
1200 1947 1396 1993 haberent,
1427 1947 1496 1986 nisi
1520 1961 1638 1986 omne
1667 1947 1816 1987 bonum
1845 1948 1889 1988 in

494 2031 568 2056 una
587 2015 780 2054 honestate
801 2012 1028 2052 consisteret.
1061 2012 1144 2064 Qi
1173 2022 1303 2050 autem
1323 2012 1430 2051 illam
1454 2012 1623 2051 maxime
1648 2021 1819 2065 optatam
1848 2022 1889 2050 et

494 2081 702 2135 expetitam
736 2078 978 2117 securitatem
1006 2077 1262 2129 (securitatem
1282 2086 1411 2114 autem
1442 2089 1544 2115 nunc
1570 2077 1722 2129 appello
1754 2078 1889 2115 vacui-

495 2155 612 2185 tatem
633 2143 882 2197 aegritudinis,
914 2143 953 2180 in
979 2154 1055 2194 qua
1073 2141 1150 2180 vita
1169 2141 1276 2179 beata
1295 2141 1412 2193 posita
1429 2140 1498 2191 est)
1526 2140 1664 2179 habere
1684 2139 1889 2193 quisquam

496 2209 629 2265 potest,
660 2209 723 2247 cui
743 2217 808 2246 aut
827 2208 934 2252 adfit,
963 2216 1027 2245 aut
1047 2205 1164 2245 adeffe
1184 2205 1309 2259 possit,
1326 2206 1538 2244 multitudo
1553 2205 1773 2244 malorum?
1804 2206 1889 2257 Qi‘

495 2286 624 2315 autem
654 2273 795 2327 poterit
825 2272 895 2311 esse
927 2271 1062 2317 celsus,
1092 2281 1130 2310 et
1151 2273 1286 2316 rectus,
1315 2280 1353 2309 et
1373 2284 1428 2315 ea,
1461 2285 1545 2324 quae
1565 2269 1717 2310 homini
1736 2270 1888 2309 accide-

496 2356 534 2381 re
569 2339 732 2394 possunt,
761 2338 892 2378 omnia
924 2351 1038 2390 parva
1069 2337 1226 2382 ducens,
1256 2336 1410 2388 qualem
1437 2336 1644 2389 sapientem
1673 2335 1744 2374 effe
1773 2335 1890 2375 volu-

497 2419 598 2450 mus,
631 2403 699 2443 nifi
718 2403 850 2442 omnia
882 2403 950 2442 fibi
984 2402 1023 2441 in
1059 2402 1092 2441 se
1127 2403 1245 2455 polita
1275 2401 1470 2440 censebit?
1503 2403 1566 2440 An
1593 2401 1886 2446 Lacedaemonii,

499 2471 681 2523 Philippo
707 2469 904 2508 minitanti
924 2481 989 2522 per
1016 2467 1156 2513 literas,
1188 2467 1222 2506 sc
1242 2467 1386 2512 omnia,
1415 2480 1499 2519 qua:
1524 2476 1766 2513 conarentur,
1797 2479 1889 2520 pro-

497 2535 729 2580 hibiturum,
757 2533 1019 2586 quaesiverunt,
1049 2534 1182 2586 numst·
1200 2532 1275 2585 esth!
1295 2532 1400 2571 ctiam
1420 2533 1511 2571 mori
1520 2532 1802 2585 prohibiturus?
1831 2531 1889 2569 vir

498 2602 543 2647 is,
575 2613 691 2653 quem
723 2599 942 2651 quaerimuS,
972 2611 1050 2638 non
1080 2598 1206 2637 multo
1226 2597 1376 2637 facilius
1411 2597 1477 2637 tali
1506 2598 1638 2637 animo
1664 2595 1886 2651 reperietur,
