2330 2983
524 217 551 258 6
848 212 914 251 M.
973 203 1617 248 T.CICERONIS

524 316 670 359 otium,
706 312 776 365 qui
796 311 836 349 in
859 324 905 348 eo
926 323 1005 347 non
1026 306 1145 346 modo
1167 304 1423 358 nosmetipsos
1444 303 1649 342 hebescere
1669 309 1708 340 et
1735 299 1920 352 languere

526 382 731 422 nolumus,
764 375 827 414 sed
847 376 966 413 etiam
987 382 1031 411 ut
1052 373 1235 425 plurimis
1260 372 1451 424 prosimus
1475 368 1697 407 enitimur?
1733 365 1914 404 Gloriam

527 459 620 485 vero
640 457 719 482 non
736 441 857 480 modo
872 453 951 478 non
973 439 1116 482 minui,
1135 437 1198 475 sed
1218 437 1338 475 etiam
1354 435 1501 488 augeri,
1516 434 1752 472 arbitramur
1766 443 1920 474 eorum,

526 523 699 565 quorum
721 508 768 545 ad
788 505 995 559 populares
1017 503 1261 555 illustresque
1275 502 1407 540 laudes
1427 500 1496 539 has
1517 501 1637 539 etiam
1656 499 1788 537 minus
1809 505 1921 535 notas

529 575 740 628 minusque
760 572 1007 626 pervulgatas
1027 569 1296 621 adjungimus.

528 647 532 651 ’
587 643 686 680 Sunt
706 639 840 683 etiam,
858 637 929 690 qui
951 644 1107 687 negent,
1126 635 1166 671 in
1189 635 1251 678 iis,
1267 634 1337 686 qui
1358 634 1399 671 in
1418 631 1556 671 nostris
1577 630 1690 669 libris
1706 628 1923 682 disputent,

529 708 644 747 fuifl'e
665 719 798 746 earum
820 717 965 746 rerum,
980 702 1027 739 de
1049 701 1195 754 quibus
1218 700 1453 752 disputatur,
1476 699 1691 737 scientiam.
1718 695 1803 747 Qi
1822 692 1927 732 mihi

530 774 715 814 videntur
737 784 816 809 non
838 769 965 807 solum
990 767 1104 810 vivis,
1136 765 1200 803 sed
1222 766 1341 803 etiam
1362 765 1547 810 mortuis,
1582 762 1772 802 invidere.

588 839 666 876 ΙΙΙ.
698 835 831 874 Restat
853 845 978 870 unum
998 844 1123 882 genus
1150 829 1489 881 reprehensorum,
1525 829 1671 880 quibus
1703 822 1927 864 Academiae

531 904 631 943 rat10
652 915 730 939 non
753 898 952 952 probatur.
981 894 1101 945 Qod
1121 895 1277 944 gravius
1298 892 1506 937 ferremus,
1525 892 1549 930 fi
1572 892 1782 943 quisquam
1803 889 1929 927 ullam

532 967 785 1020 disciplinam
818 959 1079 1014 philosophiae
1100 957 1298 1011 probaret,
1331 966 1471 1010 praeter
1491 970 1591 1001 eam,
1626 968 1746 1008 quam
1766 954 1847 1007 ipse
1868 952 1928 991 se-

533 1041 734 1087 queretur.
767 1029 853 1067 Nos
875 1036 1022 1070 autem,
1044 1024 1236 1077 quoniam
1257 1032 1393 1061 contra
1413 1036 1550 1061 omnes
1573 1022 1715 1066 dicere,
1740 1020 1811 1072 qui
1831 1018 1929 1058 scire

536 1099 610 1138 fibi
630 1097 828 1138 videntur,
848 1092 1045 1135 solemus,
1069 1102 1149 1127 non
1166 1088 1384 1142 postumus,
1403 1088 1500 1140 quin
1522 1087 1589 1126 alii
1610 1101 1631 1126 a
1651 1086 1765 1125 nobis
1786 1084 1931 1124 diffen-

536 1163 654 1206 tiant,
677 1160 863 1200 recusare.
896 1158 1137 1209 Qanquam
1158 1153 1286 1192 nostra
1307 1153 1469 1206 quidem
1491 1153 1603 1192 causa
1622 1151 1749 1190 facilis
1771 1150 1838 1195 est,
1860 1149 1932 1202 qui

535 1242 674 1268 verum
707 1225 882 1265 invenire
902 1223 980 1260 fine
1007 1220 1087 1258 ulla
1107 1220 1362 1258 contentione
1383 1219 1566 1258 volumus
1584 1237 1597 1263 3
1629 1217 1748 1270 idque
1780 1216 1934 1254 summa

537 1307 633 1332 cura
653 1291 862 1342 studioque
885 1286 1175 1341 conquirimus·
1209 1286 1291 1323 Etfi
1312 1285 1420 1323 enim
1441 1285 1572 1323 omnis
1593 1283 1772 1336 cognitio
1793 1280 1933 1320 multis

535 1359 591 1398 est
611 1358 806 1396 obstructa
825 1352 1145 1395 difficultatibus,
1166 1363 1288 1402 eaque
1309 1350 1363 1388 est
1382 1360 1420 1388 et
1441 1351 1482 1387 in
1504 1351 1594 1401 ipsis
1616 1349 1732 1387 rebus
1753 1347 1933 1386 obscuri-

538 1432 612 1469 tas,
629 1432 668 1462 et
689 1423 728 1460 in
745 1419 910 1474 judiciis
933 1416 1071 1455 nostris
1093 1414 1320 1459 infirmitas,
1338 1423 1382 1452 ut
1404 1427 1483 1452 non
1505 1413 1583 1452 fine
1604 1413 1715 1451 causa
1734 1421 1773 1450 et
1789 1411 1934 1450 doctis-

539 1489 629 1528 simi
657 1496 697 1526 et
726 1482 984 1537 antiquiffimi
1017 1480 1193 1518 invenire
1224 1479 1261 1518 se
1291 1479 1411 1533 poffe,
1449 1479 1557 1531 quod
1587 1487 1791 1530 cuperent,
1822 1478 1937 1517 diffifi

541 1555 642 1599 sint,
675 1563 807 1592 tamen
829 1563 900 1588 nec
922 1547 983 1587 illi
1004 1545 1248 1601 defecerunt,
1272 1558 1398 1598 neque
1420 1557 1488 1583 nos
1511 1544 1683 1583 studium
1704 1543 1939 1597 exquirendi

541 1620 747 1673 defatigati
782 1618 1066 1669 relinquemus,
1098 1625 1225 1665 neque
1257 1611 1394 1650 nostrae
1415 1611 1697 1664 disputationes
1719 1610 1939 1664 quidquam

543 1687 652 1726 aliud
673 1694 808 1739 agunt,
845 1682 914 1721 nisi
937 1690 980 1719 ut
1010 1680 1048 1717 in
1074 1688 1282 1730 utramque
1316 1687 1465 1731 partem
1495 1677 1663 1715 dicendo
1685 1686 1723 1715 et
1745 1676 1939 1714 audiendo

544 1753 720 1795 eliciant,
754 1759 792 1788 et
816 1758 1004 1801 tanquam
1024 1745 1248 1797 exprimant
1276 1742 1442 1796 aliquid,
1475 1742 1584 1796 quod
1617 1752 1683 1780 aut
1716 1755 1851 1780 verum
1875 1742 1935 1787 fit,

545 1828 613 1857 aut
634 1817 679 1855 ad
711 1816 749 1854 id
772 1827 890 1868 quam
915 1812 1095 1865 proxime
1117 1809 1288 1848 accedat.

603 1883 746 1935 Neque
768 1881 869 1918 inter
893 1891 963 1916 nos
985 1886 1023 1914 et
1043 1889 1123 1921 eos,
1155 1876 1225 1929 qui
1247 1875 1283 1913 se
1312 1875 1407 1913 scire
1435 1875 1688 1918 arbitrantur,
1721 1873 1941 1926 quidquam

546 1947 717 1990 interest,
740 1945 807 1983 nisi
830 1943 936 1997 quod
959 1943 1019 1980 illi
1041 1955 1119 1979 non
1141 1941 1339 1985 dubitant,
1362 1940 1459 1992 quin
1481 1953 1523 1978 ea
1544 1953 1631 1977 vera
1651 1939 1740 1984 sint,
1763 1953 1849 1991 quae
1870 1938 1939 1976 de-

547 2013 717 2053 fendunt
737 2028 744 2050 :
780 2024 848 2049 nos
872 2008 1091 2062 probabilia
1112 2007 1238 2044 multa
1259 2005 1466 2050 habemus,
1491 2019 1577 2058 qua:
1599 2005 1706 2057 sequi
1730 2003 1858 2048 facile,
1881 2003 1942 2041 af-

548 2079 703 2118 firmare
724 2078 789 2115 vix
811 2075 1026 2129 possumus.
1080 2074 1172 2111 Hoc
1205 2082 1336 2110 autem
1360 2071 1562 2110 liberiores
1593 2081 1631 2109 et
1652 2070 1856 2109 solutiores
1879 2069 1942 2107 su-

549 2159 654 2190 mus,
678 2143 783 2196 quod
807 2144 958 2194 integra
980 2139 1092 2178 nobis
1114 2138 1388 2191 cstjudicandi
1412 2137 1598 2190 potestas:
1625 2151 1710 2181 nec,
1729 2146 1771 2174 ut
1794 2136 1942 2180 omnia,

549 2226 635 2264 qua:
658 2209 870 2264 perscripta
890 2217 928 2245 ct
950 2207 1053 2259 quasi
1081 2207 1269 2257 imperata
1290 2205 1377 2249 lint,
1414 2203 1686 2248 defendamus,
1727 2202 1945 2241 necestitate

552 2278 633 2316 ulla
664 2277 860 2329 cogimur.
913 2274 1020 2313 Nam
1055 2272 1185 2310 caeteri
1217 2272 1392 2324 primum
1425 2281 1514 2309 ante
1545 2280 1728 2308 tenentur
1759 2269 1943 2312 adstriffi,

551 2357 688 2396 quam,
723 2341 818 2395 quid
840 2339 930 2378 essct
951 2339 1167 2392 optimum,
1195 2338 1372 2390 judicare
1395 2346 1623 2390 potuerunt.
1656 2335 1811 2374 Deinde
1834 2334 1945 2372 infir-

553 2410 724 2447 miffimo
746 2419 920 2460 tempore
946 2406 1068 2444 astatis
1092 2415 1157 2442 aut
1191 2404 1369 2442 obsecuti
1401 2405 1529 2442 amico
1563 2403 1736 2447 cuidam,
1773 2411 1839 2439 aut
1872 2413 1948 2439 una

554 2476 737 2527 alicujus,
757 2487 876 2527 quem
899 2474 1074 2526 primum
1097 2471 1320 2516 audierunt,
1344 2472 1518 2509 oratione
1539 2470 1658 2522 capti,
1679 2469 1725 2507 dc
1748 2468 1861 2506 rebus
1884 2467 1948 2505 in-

556 2541 729 2592 cognitis
760 2538 956 2591 judicant,
993 2548 1046 2583 ct,
1080 2537 1126 2575 ad
1161 2551 1441 2590 quamcunque
1465 2536 1553 2575 sunt
1574 2535 1825 2587 disciplinam
1846 2532 1951 2585 quasi

557 2605 786 2659 tempestate
807 2604 940 2650 delati,
974 2604 1020 2643 ad
1050 2618 1151 2650 eam,
1186 2614 1374 2658 tanquam
1401 2603 1447 2642 ad
1481 2602 1632 2648 saxum,
1668 2598 1946 2640 adhaerescunt.
