2330 2983
480 241 556 281 370
788 223 1565 264 TUSCULANARUM

477 324 665 368 videbare,
699 330 829 360 contra
854 322 1043 360 Catonem
1074 320 1264 366 differens,
1295 320 1370 360 hoc
1401 320 1499 359 velle
1528 319 1735 365 ostendere,
1765 321 1870 373 quod

477 388 578 427 mihi
608 387 766 440 quidem
796 387 993 439 probatur,
1022 387 1121 425 inter
1156 387 1357 426 Zenonem
1391 395 1430 425 et
1464 386 1733 439 Peripateticos
1770 384 1872 424 nihil

476 462 612 506 praeter
631 453 837 491 verborum
869 453 1078 492 novitatem
1098 452 1280 491 intereffe.
1323 451 1441 503 Qod
1470 452 1497 491 fi
1522 453 1575 491 ita
1596 451 1662 497 est,
1694 451 1790 504 quid
1819 450 1874 489 est

478 517 609 564 causae,
630 517 741 572 quin,
773 517 800 556 fi
820 517 991 557 Zenonis
1011 518 1149 556 rationi
1173 510 1472 556 consentaneum
1490 517 1549 562 fit,
1578 517 1662 555 satis
1692 528 1875 568 magnam

477 583 563 622 vim
588 583 630 622 in
659 584 801 623 virtute
820 583 892 622 effe
911 584 957 622 ad
977 584 1085 622 beate
1105 583 1327 629 vivendum,
1359 583 1471 622 liceat
1489 583 1592 622 idem
1613 581 1874 635 Peripateticis

479 648 606 687 dicere
622 650 636 686 ?
667 649 771 687 Rem
788 649 896 687 enim
913 649 1052 702 opinor
1070 648 1227 701 spectari
1246 658 1433 702 oportere,
1455 663 1534 688 non
1552 648 1679 687 verba.

536 714 752 752 MARcus.
775 715 842 752 Tu
861 713 1020 765 quidem
1039 713 1189 751 tabellis
1209 714 1415 766 obsignatis
1435 714 1513 766 agis
1529 727 1687 752 mecum
1699 732 1712 758 5
1743 721 1782 750 et
1801 711 1876 750 tes-

481 778 653 824 tificaris,
683 779 779 831 quid
808 778 973 816 dixerim
992 778 1211 830 aliquando,
1232 787 1298 817 aut
1317 778 1543 830 scripserim.
1576 779 1682 816 Cum
1701 778 1784 815 aliis
1804 777 1876 814 isto

482 844 614 889 modo,
645 843 713 896 qui
733 843 883 896 legibus
909 843 1097 895 impolitis
1127 843 1348 895 disputant:
1391 855 1459 881 nos
1490 843 1532 881 in
1556 842 1661 880 diem
1693 841 1876 880 vivimus.

482 909 757 962 Qodcunque
777 908 921 947 nostros
940 908 1089 947 animos
1109 908 1378 961 probabilitate
1398 907 1591 962 percuffit,
1619 907 1660 946 id
1685 907 1877 946 dicimus:

481 975 611 1027 itaque
631 973 700 1013 soli
717 974 864 1022 sum-us
898 974 1025 1013 liberi.
1070 967 1347 1020 Veruntamen,
1377 975 1563 1027 quoniam
1594 973 1642 1012 de
1670 971 1879 1012 constantia

483 1040 600 1092 paulo
633 1049 718 1078 ante
751 1039 937 1085 diximus,
981 1053 1060 1078 non
1088 1052 1161 1092 ego
1193 1038 1270 1078 hoc
1300 1039 1387 1078 loco
1420 1039 1462 1078 id
1491 1037 1738 1092 quaerendum
1767 1046 1878 1090 puto,

484 1118 669 1144 verumne
702 1105 761 1150 fit,
801 1105 908 1158 quod
938 1104 1089 1143 Zenoni
1122 1105 1306 1158 placuerit
1319 1134 1332 1150 ,
1375 1105 1557 1158 quodque
1586 1105 1668 1158 ejus
1700 1103 1880 1148 auditori,

485 1170 671 1215 Aristoni,
712 1170 862 1208 bonum
888 1168 959 1207 effe
989 1169 1128 1214 solum,
1159 1171 1228 1222 qui
1258 1168 1462 1208 honestum
1491 1169 1606 1215 esset,
1650 1167 1726 1213 sed,
1757 1169 1799 1206 ni
1829 1169 1882 1206 ita

485 1235 588 1280 esset,
619 1232 751 1273 utrum
770 1233 846 1272 hoc
872 1243 1016 1279 totum,
1046 1234 1154 1272 beate
1171 1235 1311 1280 vivere,
1341 1235 1383 1273 in
1403 1248 1478 1276 una
1500 1235 1643 1274 virtute
1661 1242 1880 1287 poneretur.

486 1301 617 1352 Qare
635 1300 771 1338 demus
792 1297 867 1338 hoc
888 1299 973 1338 sane
988 1300 1123 1344 Bruto,
1145 1308 1188 1338 ut
1207 1299 1252 1338 fit
1270 1300 1402 1338 beatus
1417 1299 1564 1353 semper
1578 1300 1741 1352 sapiens:
1763 1313 1882 1352 quam

485 1366 557 1405 fibi
576 1365 791 1410 conveniat,
823 1364 902 1418 ipse
921 1364 1072 1403 viderit.
1105 1364 1243 1404 Gloria
1261 1365 1422 1418 quidem
1440 1364 1557 1418 hujus
1583 1365 1776 1404 sententiae
1796 1365 1883 1417 quis

487 1432 542 1470 est
559 1431 629 1470 illo
647 1432 730 1471 viro
747 1430 900 1484 dignior
918 1431 931 1467 ?
962 1431 1048 1470 Nos
1069 1439 1199 1470 tamen
1219 1441 1431 1477 teneamus,
1466 1440 1510 1470 ut
1528 1432 1573 1471 fit
1591 1431 1695 1470 idem
1715 1430 1882 1470 beatiffi-

488 1511 591 1537 mus.

543 1563 637 1601 XII.
670 1562 750 1601 Etsi
772 1562 882 1600 Zeno
901 1562 1076 1608 Citiaeus,
1104 1563 1248 1601 advena
1270 1564 1444 1616 quidam,
1474 1572 1513 1602 et
1542 1563 1726 1616 ignobilis
1746 1563 1884 1602 verbo·

490 1642 577 1667 rum
597 1627 742 1681 opifex,
763 1627 958 1666 insinuasse
978 1629 1013 1666 se
1029 1629 1073 1667 in
1093 1629 1291 1681 antiquam
1318 1628 1603 1682 philosophiam
1622 1630 1786 1674 videtur,
1805 1628 1884 1667 hu-

484 1695 549 1746 jus
568 1694 758 1732 sententia?
777 1693 940 1746 gravitas
959 1707 979 1731 a
998 1694 1168 1733 Platonis
1183 1695 1404 1734 auctoritate
1420 1703 1628 1747 repetatur,
1650 1695 1751 1747 apud
1767 1707 1886 1746 quem

490 1760 584 1811 saepe
603 1758 684 1797 haec
705 1758 825 1797 oratio
845 1758 1020 1812 usurpata
1038 1759 1105 1804 est,
1142 1768 1185 1797 ut
1205 1759 1304 1798 nihil
1324 1768 1457 1813 praeter
1486 1760 1668 1800 virtutem
1697 1759 1886 1799 diceretur

489 1825 666 1869 bonum3
703 1823 808 1862 velut
838 1823 880 1862 in
909 1823 1056 1876 Gorgia
1074 1825 1258 1870 Socrates,
1289 1837 1382 1863 cum
1402 1825 1490 1863 esset
1518 1838 1566 1864 ex
1594 1837 1640 1863 eo
1668 1826 1884 1877 quaesitum,

490 1889 743 1934 Archelaum,
771 1888 962 1928 Perdiccae
980 1889 1123 1936 filium,
1143 1890 1212 1943 qui
1233 1899 1319 1929 tum
1337 1889 1654 1929 fortunatiffimus
1670 1889 1886 1936 haberetur,

491 1968 620 1994 nonne
639 1955 793 1993 beatum
814 1955 992 2007 putaret?
1015 1962 1043 1979 “
1064 1955 1184 1994 Haud
1178 1957 1269 2009 scio,
1291 1956 1420 2008 inquit
1432 1976 1445 2001 3
1462 1970 1643 2009 nunquam
1659 1956 1748 1994 enim
1760 1970 1838 1995 cum
1852 1969 1889 1995 eo

494 2028 522 2045 “
543 2021 728 2059 collocutus
732 2021 831 2073 fian.
867 2020 946 2058 Ain
967 2029 1009 2058 tu
1027 2021 1040 2057 ?
1070 2033 1117 2059 an
1137 2029 1180 2059 tu
1200 2022 1309 2059 aliter
1324 2022 1364 2059 id
1384 2021 1475 2059 scire
1505 2035 1583 2060 non
1609 2031 1715 2074 potes
1733 2022 1747 2057 ?
1778 2023 1889 2060 Nullo

496 2092 523 2109 ‘⁸
544 2085 651 2123 modo.
683 2086 749 2122 Tu
765 2085 884 2136 igitur
902 2097 950 2123 ne
969 2085 1016 2123 de
1037 2085 1232 2124 Persarum
1252 2086 1412 2138 quidem
1433 2099 1518 2138 rege
1538 2099 1678 2138 magno
1699 2094 1805 2138 potes
1826 2085 1888 2124 di-

497 2157 524 2174 “
545 2162 643 2194 cere,
661 2148 839 2187 beatusne
858 2149 902 2187 s1t
920 2149 932 2185 ?
963 2151 1029 2190 An
1048 2164 1108 2202 ego
1119 2150 1266 2204 pofficm,
1286 2165 1365 2190 cum
1381 2150 1550 2203 ignorem,
1569 2151 1736 2204 quamsit
1755 2150 1887 2195 doms,

498 2221 525 2238 “
546 2229 651 2268 quam
675 2214 740 2253 vir
767 2214 906 2252 bonus?
937 2214 1046 2266 Qid
1064 2215 1077 2252 ?
1113 2224 1155 2253 tu
1175 2216 1215 2254 in
1234 2229 1281 2254 eo
1300 2216 1408 2254 fitam
1429 2216 1547 2254 vitam
1579 2216 1726 2254 beatam
1747 2224 1855 2268 putas
1873 2215 1888 2252 ἲ

498 2287 526 2303 “
548 2282 610 2319 Ita
620 2281 769 2333 proclia
787 2279 950 2332 exssimo,
971 2280 1085 2325 bonos,
1107 2281 1247 2326 bretton
1277 2281 1462 2335 improbos,
1482 2282 1631 2334 mfiros.
1664 2281 1785 2319 Miser
1801 2294 1892 2334 ergo

500 2353 526 2369 '⁸
550 2343 789 2383 Archelaus?
820 2347 941 2389 (ἴση,
961 2346 1003 2396 Ji
1017 2346 1199 2398 injuslus.''
1245 2347 1455 2386 Videturne
1474 2361 1633 2385 omnem
1658 2345 1724 2384 hic
1742 2347 1890 2385 beatam

500 2410 619 2448 vitam
639 2410 679 2447 in
701 2423 776 2447 una
794 2410 934 2448 virtute
951 2411 1112 2462 ponere?
1135 2411 1242 2462 Qid
1263 2425 1350 2450 vero
1367 2413 1406 2450 in
1424 2411 1635 2464 Epitaphio
1650 2413 1663 2449 ?
1681 2425 1759 2464 quo
1774 2411 1892 2450 modo

500 2475 633 2514 idem?
665 2482 693 2499 ‘⁴
711 2475 816 2514 Nam
835 2476 898 2514 cui
919 2476 1014 2521 viro,
1037 2476 1178 2528 inquit,
1209 2491 1254 2515 cx
1277 2477 1310 2515 se
1332 2477 1412 2530 ipso
1432 2487 1517 2530 apta
1537 2477 1622 2516 sunt
1641 2478 1786 2521 omnia,
1806 2490 1891 2529 quae

503 2546 531 2562 ⁴‘
551 2540 597 2578 ad
618 2540 725 2579 beate
744 2540 950 2580 vivendum
965 2540 1110 2588 serunt,
1131 2555 1201 2581 nec
1220 2542 1390 2596 suspensa
1407 2543 1572 2583 aliorum
1587 2552 1654 2583 aut
1673 2543 1775 2582 bono
1788 2541 1889 2585 casu.
