2330 2983
471 284 546 323 390
774 267 1550 306 TUSCULANARUM

522 367 692 406 XXXV.
724 365 998 411 Timotheum,
1019 366 1166 404 clarum
1182 365 1383 406 hominem
1400 366 1566 407 Athenis
1586 377 1625 407 et
1644 369 1858 423 principem

463 434 646 477 civitatis,
677 431 820 477 ferunt,
841 446 934 471 cum
953 433 1170 472 coenaviffet
1187 434 1288 486 apud
1310 435 1524 479 Platonem,
1546 448 1668 488 eoque
1682 437 1860 474 convivio

464 499 678 538 admodum
713 498 918 537 delcetatus
948 499 1050 544 esset,
1094 499 1317 552 vidiffetque
1348 515 1438 539 eum
1472 501 1662 554 postridie,
1699 501 1829 540 dixisse
1845 521 1857 547 3

467 566 598 618 Vtstrae
617 564 750 618 quidem
770 579 877 604 coenae
900 579 967 603 non
983 565 1099 619 filum
1129 566 1166 603 in
1178 567 1386 619 praestntia‚
1405 567 1474 620 fid
1500 567 1606 606 etiam
1629 568 1763 620 pqstero
1791 568 1856 615 die,

452 631 740 684 jucundaefhnt.
783 631 906 682 Qid,
928 631 1033 683 quod
1052 644 1100 669 ne
1120 641 1249 670 mente
1269 632 1427 684 quidem
1450 635 1546 671 recte
1565 633 1622 671 uti
1648 633 1858 686 poffumus,

467 698 595 736 multo
613 698 702 735 cibo
721 705 759 734 et
778 697 934 750 potione
953 697 1138 749 completi
1161 698 1173 733 ?
1219 698 1285 735 Est
1312 699 1487 749 praeclara
1515 699 1670 751 epistola
1690 699 1859 738 Platonis

467 764 514 802 ad
549 764 687 802 Dionis
721 763 958 815 propinquos
974 781 986 807 ;
1031 763 1071 800 in
1105 776 1181 814 qua
1213 763 1396 815 scriptum
1428 764 1479 801 est
1512 763 1572 801 his
1603 763 1679 801 fere
1704 766 1828 802 verbis
1847 780 1855 802 :

468 836 497 853 ‘⁴
562 843 611 866 uo
631 841 723 866 cum
743 826 939 872 veniffem,
973 827 1051 864 vita
1070 827 1136 864 illa
1155 827 1275 872 beata,
1307 841 1391 879 quae
1411 827 1614 872 ferebatur,
1649 828 1760 880 plena
1781 830 1858 866 Ita-

463 901 496 917 “
517 894 678 931 licarum
695 891 1049 944 Syracusiarumque
1065 891 1298 937 mensarum,
1316 892 1423 930 nullo
1439 892 1556 930 modo
1572 890 1671 929 mihi
1686 892 1857 944 placuit3

461 965 492 983 “
513 959 572 996 bis
591 959 633 996 in
653 958 713 996 die
729 957 897 995 saturum
918 957 1012 1002 fieri,
1034 970 1105 995 nec
1126 971 1296 1009 unquam
1318 959 1535 1010 pernoctare
1565 957 1688 995 solum
1705 976 1717 1002 ς
1745 967 1858 996 caete-

467 1033 497 1050 “
516 1038 632 1076 raque
653 1037 737 1077 quae
756 1025 991 1062 comitantur
1010 1022 1103 1061 huic
1123 1023 1222 1068 vitae,
1237 1025 1276 1061 in
1293 1036 1368 1075 qua
1383 1023 1526 1076 sapiens
1542 1037 1656 1061 nemo
1673 1023 1860 1062 efficietur

467 1098 496 1116 ‘⁶
517 1103 703 1143 unquam,
726 1089 940 1127 moderatus
961 1103 1049 1128 vero
1068 1090 1195 1128 multo
1215 1090 1359 1128 minus.
1392 1089 1489 1140 Qae
1504 1090 1609 1128 enim
1628 1098 1760 1128 natura
1779 1098 1859 1127 tam

468 1163 496 1181 “
516 1155 743 1194 mirabiliter
762 1155 962 1207 temperari
982 1154 1104 1207 potest
1122 1155 1135 1190 ?

528 1222 620 1272 Qo
640 1220 757 1258 modo
776 1220 895 1272 igitur
909 1220 1082 1271 jucunda
1100 1220 1176 1257 vita
1191 1219 1313 1272 potest
1332 1219 1416 1265 effe,
1444 1233 1463 1257 a
1483 1234 1557 1272 qua
1575 1220 1669 1258 abfit
1688 1219 1856 1272 pruden-

462 1287 531 1331 tia,
552 1285 646 1323 absit
666 1285 903 1322 moderatio?
935 1285 997 1322 Ex
1016 1297 1094 1335 quo
1116 1285 1353 1336 Sardanapali
1372 1285 1647 1336 opulentiffimi
1667 1285 1779 1335 Syria:
1798 1298 1857 1323 re-

465 1351 524 1404 gis
543 1363 645 1388 error
663 1349 892 1402 agnoscitur,
911 1349 981 1401 qui
1002 1348 1122 1386 incidi
1133 1348 1240 1400 juffit
1259 1348 1299 1385 in
1321 1347 1429 1386 busto
1445 1367 1456 1392 ς

602 1419 697 1456 Haec
715 1415 835 1461 habeo,
863 1430 942 1469 quae
960 1414 1026 1459 edi,
1048 1429 1192 1468 quaeque
1211 1415 1421 1467 eafshturata
1439 1413 1541 1453 libido

602 1483 738 1534 Hatfit
749 1498 762 1521 :
792 1492 834 1521 at
853 1483 914 1520 illa
920 1481 1048 1533 jacent
1067 1482 1180 1520 multa
1199 1490 1234 1519 et
1246 1481 1432 1533 praeclara
1450 1481 1588 1519 reliHa.

462 1549 576 1601 Qid
596 1548 713 1593 aliud,
749 1548 877 1599 inquit
897 1547 1132 1591 Aristoteles,
1167 1548 1208 1584 in
1228 1547 1350 1591 bovis,
1383 1560 1461 1584 non
1482 1547 1522 1584 in
1543 1545 1655 1599 regis,
1687 1544 1858 1598 sepulcro

463 1614 686 1653 inscriberes
705 1613 718 1650 ?
741 1614 837 1652 Haec
857 1611 995 1650 habere
1015 1612 1050 1649 se
1069 1620 1268 1650 mortuum
1284 1611 1392 1656 dicit,
1407 1625 1491 1664 quae
1510 1624 1557 1649 ne
1577 1612 1683 1650 vivus
1698 1611 1858 1663 quidem

466 1680 611 1719 diutius
632 1679 809 1724 habebat,
831 1692 948 1731 quam
967 1677 1177 1717 fruebatur.

522 1747 604 1784 Cur
623 1745 742 1797 igitur
761 1745 903 1782 divitiae
923 1744 1208 1781 defiderentvr?
1242 1753 1306 1782 aut
1325 1743 1392 1782 ubi
1415 1752 1612 1797 paupertas
1639 1743 1766 1781 beatos
1786 1742 1858 1781 effe

465 1825 543 1850 non
564 1811 649 1849 finit
667 1811 680 1848 ?
723 1810 861 1863 Signis,
883 1809 1010 1854 credo,
1033 1809 1187 1854 tabulis,
1210 1809 1324 1847 ludis.
1356 1810 1409 1847 1Si
1428 1810 1514 1862 quis
1534 1809 1601 1853 est,
1622 1809 1690 1860 qui
1710 1808 1769 1846 his
1789 1809 1858 1846 de-

466 1877 638 1922 lectetur,
662 1889 788 1915 nonne
808 1876 946 1914 melius
978 1885 1108 1913 tenues
1128 1873 1306 1913 homines
1326 1873 1521 1919 fruuntur,
1553 1887 1669 1926 quam
1689 1873 1762 1919 illi,
1790 1874 1858 1925 qui

465 1943 527 1981 his
548 1943 739 1980 abundant
759 1942 770 1978 ?
814 1941 880 1979 Est
911 1941 1016 1979 enirn
1049 1954 1181 1978 earum
1200 1941 1381 1979 omnium
1401 1953 1528 1978 rerum
1557 1939 1679 1978 nostra
1704 1939 1743 1976 in
1765 1939 1859 1977 urbe

467 2009 616 2046 summa
636 2008 674 2045 in
695 2007 854 2060 publico
873 2008 996 2059 copia.
1026 2006 1122 2055 Qae
1142 2006 1210 2058 qui
1229 2006 1364 2058 privati
1384 2005 1540 2049 habent,
1562 2017 1632 2042 nec
1653 2013 1731 2042 tam
1752 2004 1856 2042 mul·

465 2084 505 2112 ta
524 2084 561 2113 et
582 2088 662 2112 raro
682 2073 826 2117 vident,
847 2086 939 2111 cum
959 2073 998 2110 in
1019 2071 1082 2109 sua
1103 2085 1186 2110 rura
1205 2079 1389 2109 venerunt
1407 2089 1416 2115 ;
1449 2083 1544 2122 quos
1565 2079 1693 2107 tamen
1719 2070 1857 2122 pungit

464 2139 625 2192 aliquid,
647 2153 753 2183 curn,
781 2137 846 2175 illa
866 2137 966 2175 unde
985 2136 1163 2182 habeant,
1191 2136 1448 2175 recordantur.
1493 2135 1585 2173 Dies
1606 2147 1668 2173 me
1688 2134 1855 2178 deficiet,

467 2207 492 2244 s1
524 2206 641 2244 velim
661 2205 889 2258 paupertatis
920 2204 1070 2242 causam
1104 2201 1316 2242 defendere.
1359 2204 1501 2254 Aperta
1521 2201 1625 2239 enim
1648 2213 1702 2238 res
1722 2201 1787 2245 est,
1818 2210 1855 2238 et

467 2271 638 2325 quotidie
666 2284 732 2309 nos
753 2271 828 2323 ipsa
849 2280 979 2308 natura
998 2270 1193 2316 admonet,
1215 2282 1332 2322 quam
1352 2269 1497 2322 pauciS,
1520 2280 1634 2319 quam
1655 2267 1778 2320 parvis
1795 2279 1855 2305 re-

468 2339 538 2377 bus
558 2347 677 2391 egeat,
700 2351 816 2390 quam
837 2337 992 2375 vilibus.

520 2404 711 2442 XXXVI.
744 2403 856 2441 Num
891 2403 1007 2455 igitur
1042 2401 1275 2454 ignobilitas,
1305 2410 1369 2438 aut
1399 2400 1612 2443 humilitas,
1642 2409 1705 2437 aut
1736 2398 1854 2437 etiam

468 2470 658 2523 popularis
693 2467 862 2513 offensio,
900 2468 1105 2521 sapientem
1141 2467 1294 2505 beatum
1329 2465 1397 2504 effe
1434 2464 1653 2518 prohibebit
1676 2466 1688 2501 ?
1741 2464 1852 2507 vide,

467 2551 515 2574 ne
546 2536 629 2589 plus
661 2534 946 2573 commendatio
981 2535 1018 2572 in
1040 2534 1191 2587 vulgus.
1221 2543 1257 2571 et
1288 2532 1383 2576 haec,
1414 2546 1497 2584 quac.
1531 2532 1735 2584 expetitur,
1765 2530 1852 2582 glo—

467 2602 520 2641 ria
555 2600 733 2640 molestia:
772 2599 922 2646 habeat,
953 2613 1070 2653 quam
1105 2598 1322 2652 voluptatis.
1383 2597 1589 2637 chiculus
1616 2597 1697 2635 sane
1733 2594 1853 2633 noster

2323 2925 2330 2975 «-
