2330 2983
555 264 635 313 462
817 260 910 299 DE
969 251 1688 296 NATURA‘DEORUM

555 359 694 413 aliquis
715 355 876 411 potuiffe
906 353 1059 394 melius.
1103 354 1175 393 Sed
1194 367 1309 393 nemo
1330 367 1501 407 unquam
1531 354 1712 400 docebit;
1743 363 1795 399 et,
1817 355 1843 392 fi
1863 357 1949 407 quis

555 427 744 477 corrigere
763 421 909 475 aliquid
929 421 1044 467 volet,
1065 429 1131 460 aut
1150 421 1314 460 deterius
1334 419 1460 466 faciet,
1489 429 1554 459 aut
1574 421 1627 466 id,
1646 421 1752 473 quod
1771 420 1852 458 fieri
1873 434 1949 459 non

554 491 696 544 potuit,
719 487 955 528 defiderabit.

614 555 734 607 Qod
764 555 791 593 fi
821 566 955 592 omnes
986 553 1123 592 mundi
1147 562 1270 607 partes
1300 553 1353 591 ita
1382 552 1595 591 constitutae
1622 552 1722 598 sunt,
1755 561 1796 590 ut
1831 565 1954 603 neque

555 621 604 660 ad
624 621 736 660 usum
755 620 933 659 meliores
952 620 1147 673 potuerint
1166 619 1249 665 effe,
1281 632 1404 672 neque
1423 619 1468 657 ad
1496 619 1660 672 speciem
1681 617 1919 671 pulchriores
1937 635 1948 661 5

557 687 770 732 videamus,
800 695 931 725 utrum
951 698 993 723 ea
1013 684 1172 724 fortuita
1191 686 1276 730 fint,
1299 699 1346 723 an
1365 699 1410 724 eo
1428 685 1537 731 statu,
1558 699 1637 738 quo
1657 684 1843 724 cohaerere
1863 684 1952 722 nnl-

556 755 598 792 lo
617 754 735 793 modo
754 753 963 807 potuerint,
991 752 1059 790 nisi
1087 751 1192 790 sensu
1218 751 1452 796 moderante,
1476 751 1682 803 divinaque
1702 751 1950 804 providentia.

559 821 598 858 Si
617 833 708 872 ergo
728 818 887 857 meliora
906 818 992 856 sunt
1012 830 1068 862 ea,
1098 831 1182 869 quae
1203 817 1350 861 naturai,
1372 830 1489 869 quam
1507 817 1573 854 illa
1592 830 1677 869 quae
1697 825 1774 854 arte
1793 815 1955 868 perfesta

558 886 646 924 sunt
661 904 673 931 3
705 898 774 923 nec
794 897 851 922 ars
882 883 1001 921 efficit
1021 882 1235 935 quidquam
1255 883 1331 920 sme
1360 882 1530 927 ratione,
1563 896 1610 920 ne
1637 890 1769 920 natura
1795 881 1953 933 quidem

558 951 713 990 rationis
733 963 867 1003 expers
884 949 938 987 est
955 948 1141 987 habenda.
1174 949 1257 1001 Q‘i
1275 948 1394 1001 igitur
1413 948 1607 994 convenit,
1640 948 1790 1000 fignum
1810 955 1876 985 aut
1895 955 1953 984 ta-

558 1017 693 1055 bulam
712 1017 855 1070 pictam
875 1029 967 1055 cum
986 1015 1185 1068 aspexeris,
1207 1015 1300 1053 scire
1319 1015 1532 1053 adhibitam
1559 1014 1630 1053 esse
1659 1023 1779 1052 artem
1796 1032 1808 1059 3
1839 1027 1953 1051 cum-

559 1096 636 1135 que
656 1083 790 1136 procul
811 1082 965 1120 cursum
985 1081 1127 1134 navigii
1146 1081 1299 1126 videris,
1331 1095 1407 1120 non
1429 1081 1603 1120 dubitare
1630 1081 1725 1135 quin
1751 1080 1790 1118 id
1811 1080 1955 1118 ratione

560 1159 674 1201 atque
693 1157 771 1186 arte
793 1157 990 1186 moveatur
1005 1165 1017 1192 ς
1048 1156 1127 1192 aut,
1148 1160 1239 1185 cum
1260 1147 1438 1185 solarium
1457 1148 1518 1185 vel
1544 1147 1794 1200 descriptum,
1815 1154 1880 1184 aut
1908 1159 1956 1184 ex

561 1229 658 1268 aqua
688 1213 962 1267 contemplere,
1004 1213 1219 1265 intelligere
1250 1213 1429 1251 declarari
1459 1212 1570 1251 horas
1601 1222 1691 1258 arte,
1727 1227 1804 1251 non
1839 1211 1924 1250 casu
1941 1230 1953 1256 ;

559 1280 753 1318 mundum
784 1287 928 1324 autem,
960 1279 1028 1330 qui
1058 1287 1096 1316 et
1115 1277 1182 1316 has
1213 1278 1308 1331 ipsas
1339 1287 1448 1323 artes,
1483 1287 1521 1316 et
1550 1292 1680 1316 earum
1711 1278 1888 1323 artifices,
1919 1287 1956 1315 et

560 1346 698 1383 cuneta
717 1343 1007 1397 complectatur,
1029 1343 1176 1381 consilii
1195 1351 1233 1381 et
1253 1343 1409 1381 rationis
1429 1342 1500 1380 effe
1519 1352 1717 1395 expertem
1737 1352 1869 1396 putare
1887 1343 1901 1380 ?

617 1411 736 1462 Qod
756 1409 781 1448 fi
801 1409 842 1447 in
862 1407 1072 1460 Scythiam,
1094 1416 1158 1446 aut
1178 1407 1219 1446 in
1239 1408 1492 1453 Britanniam,
1514 1407 1697 1460 sphaeram
1724 1408 1862 1460 aliquis
1893 1417 1956 1445 tu·-

561 1477 648 1515 lerit
668 1475 781 1521 hanc,
803 1488 920 1528 quam
941 1487 1060 1527 nuper
1078 1473 1275 1512 familiaris
1297 1473 1420 1512 noster
1436 1473 1564 1512 effecit
1585 1473 1822 1518 Pofidonius,
1847 1473 1957 1526 cujus

561 1544 718 1597 fingulae
750 1540 1009 1580 converfiones
1040 1541 1144 1579 idem
1175 1540 1350 1578 efficiunt
1383 1540 1423 1578 in
1455 1540 1544 1586 sole,
1575 1549 1612 1578 et
1643 1540 1683 1578 in
1713 1541 1818 1585 luna,
1850 1549 1887 1578 et
1919 1539 1958 1577 in

561 1611 738 1664 quinque
758 1607 871 1645 stellis
898 1606 1125 1650 errantibus,
1155 1606 1260 1657 quod
1280 1606 1447 1642 efficitur
1466 1607 1506 1642 in
1533 1607 1626 1643 caelo
1646 1606 1803 1658 singulis
1824 1606 1957 1644 diebus

561 1685 598 1714 et
618 1674 794 1713 noctibus
812 1691 823 1717 ς
847 1672 932 1724 quis
953 1671 993 1708 in
1015 1670 1079 1708 illa
1095 1669 1265 1708 barbarie
1284 1669 1448 1714 dubitet,
1466 1670 1561 1722 quin
1581 1684 1623 1708 ea
1643 1669 1784 1723 sphaera
1804 1671 1847 1709 fit
1867 1685 1954 1725 per-

563 1741 662 1780 fecta
681 1739 826 1778 ratione
844 1738 857 1774 ?

609 1805 780 1845 XXXV.
813 1803 870 1842 Hi
890 1812 1018 1841 autem
1039 1802 1218 1840 dubitant
1239 1802 1285 1840 de
1303 1802 1466 1847 mundo,
1487 1816 1534 1841 ex
1555 1816 1634 1856 quo
1652 1811 1690 1841 et
1710 1803 1900 1848 oriuntur,
1922 1813 1959 1842 et

566 1873 666 1912 fiunt
685 1871 830 1916 omnia,
851 1869 986 1908 casune
1007 1868 1083 1922 ipse
1103 1868 1147 1906 s1t
1166 1867 1338 1914 effeetus,
1359 1877 1424 1906 aut
1444 1869 1656 1907 neceffitate
1676 1869 1815 1922 aliqua,
1837 1883 1882 1907 an
1901 1882 1961 1908 ra-

565 1940 669 1978 tione
688 1952 730 1976 ac
751 1946 879 1976 mente
898 1936 1052 1979 divina;
1085 1944 1122 1972 et
1143 1933 1421 1973 Archimedem
1441 1936 1671 1974 arbitrantur
1701 1935 1788 1988 plus
1809 1935 1962 1974 valuisse

565 2006 606 2044 in
627 2003 822 2043 imitandis
842 2001 991 2055 sphaerae
1011 2001 1334 2045 conversionibus,
1352 2015 1468 2053 quam
1486 2011 1658 2039 naturam
1679 2002 1719 2039 in
1735 2001 1960 2045 efficiendis,

567 2071 772 2125 praesertim
794 2067 884 2107 ciun
907 2066 1040 2104 multis
1062 2062 1232 2120 partibus
1255 2067 1326 2105 sint
1359 2067 1423 2104 illa
1453 2066 1630 2119 perfecta,
1662 2080 1778 2119 quam
1810 2065 1891 2105 haec
1913 2067 1959 2104 fi-

567 2138 724 2182 mulata,
756 2135 938 2174 solertius.
987 2135 1115 2186 Atque
1143 2133 1208 2171 ille
1240 2133 1339 2186 apud
1361 2133 1528 2171 Accium
1557 2132 1692 2186 pastor,
1725 2133 1793 2185 qui
1826 2147 1960 2171 navem

571 2216 770 2256 nunquam
792 2210 878 2239 ante
896 2199 1056 2245 vidisset,
1089 2208 1132 2237 ut
1152 2199 1286 2252 procul
1309 2199 1485 2237 divinum
1516 2208 1552 2237 et
1575 2213 1718 2238 novum
1739 2198 1963 2237 vehiculum

568 2271 877 2323 Argonautarum
898 2280 918 2304 e
939 2275 1069 2304 monte
1089 2265 1300 2319 conspexit,
1319 2265 1444 2319 primo
1461 2265 1649 2304 admirans
1671 2275 1707 2304 et
1727 2265 1960 2319 perterritus,

567 2334 642 2373 hoc
664 2333 781 2373 modo
801 2332 972 2385 loquitur
990 2350 1000 2375 ;

1088 2395 1210 2436 ‘Tanta
1229 2398 1327 2436 moles
1346 2397 1483 2436 labitur

705 2468 741 2506 F
743 2463 951 2505 rcmebunda
970 2479 1012 2503 cx
1029 2465 1116 2508 alto,
1148 2464 1414 2517 1'11g‹·11tt'ſs>nitu
1434 2464 1640 2516 aspir-itu.-

707 2533 847 2584 Praefi·
866 2529 977 2569 undas
995 2530 1111 2569 ‘volvit
1128 2546 1145 2568 .·
1172 2530 1325 2568 vortices
1345 2529 1561 2583 ‘risifiitau

707 2598 798 2635 Ruit
811 2597 1003 2651 prolapsu:
1028 2596 1176 2651 pelagus
1196 2595 1381 2649 rsspc·rgl!,
1404 2597 1521 2649 rcflat.
