2330 2983
590 277 669 313 240
901 259 1670 299 TUSCULANARUM

592 360 692 398 Aliis
717 371 800 411 pars
831 357 1006 409 quaedam
1034 357 1180 395 cerebri
1212 356 1287 394 visa
1315 356 1368 394 est
1397 357 1516 395 animi
1546 355 1805 409 principatum
1840 364 1978 393 tenere.

591 424 690 462 Aliis
711 436 779 461 nec
800 435 865 460 cor
884 421 1010 475 ipsum
1030 422 1167 475 placet,
1187 435 1256 460 nec
1277 421 1420 460 cerebri
1440 421 1631 474 quandam
1651 430 1796 474 partem
1812 419 1883 457 effe
1899 419 1981 458 ani-

590 503 704 527 mum
717 507 729 533 ς
747 488 811 526 sed
829 487 893 525 alii
912 488 952 525 in
972 487 1098 532 corde,
1114 487 1178 525 alii
1198 488 1237 525 in
1253 488 1422 532 cerebro,
1441 487 1618 525 dixerunt
1633 486 1753 524 animi
1772 485 1841 524 effe
1858 485 1982 523 sedem

591 563 630 592 et
648 554 794 592 locum.
839 553 1033 591 Animum
1052 562 1179 591 autem
1200 553 1265 590 alii
1283 553 1466 597 animam,
1486 561 1528 590 ut
1547 552 1624 590 fere
1643 552 1760 590 nostri
1778 551 1981 594 declarant,

590 619 782 658 nominari
797 637 809 664 ς
831 632 920 656 nam
939 627 977 656 et
997 631 1104 671 agere
1123 619 1306 664 animam,
1327 628 1365 656 et
1383 617 1509 656 efflare
1524 618 1706 662 dicimus,
1723 626 1761 655 et
1780 616 1982 660 animosos,

592 694 630 723 et
650 685 745 723 bene
771 685 972 728 animatos,
1002 694 1040 721 et
1069 697 1117 722 ex
1146 685 1265 722 animi
1296 684 1504 722 sententia:
1537 683 1614 736 ipse
1634 693 1762 721 autem
1781 683 1917 721 animus
1936 682 1983 719 ab

590 751 717 788 anima
735 750 857 788 dietus
877 749 942 787 est.
976 749 1126 787 Zenoni
1146 750 1274 787 Stoico
1293 750 1444 787 animus
1463 749 1562 800 ignis
1582 748 1745 786 videtur.

652 817 704 853 X.
737 815 808 853 Sed
834 813 915 851 haec
935 815 1108 865 quidem,
1136 828 1220 866 quae
1239 814 1334 858 dixi,
1370 827 1450 858 cor,
1472 814 1688 858 cerebrum,
1707 813 1891 856 animam,
1923 813 1983 865 ig-

591 894 696 925 nem,
717 880 835 932 vulgo
853 896 861 919 :
881 879 1026 931 reliqua
1044 878 1122 917 fere
1141 879 1294 931 finguli,
1311 888 1355 917 ut
1375 879 1491 917 multi
1511 879 1597 916 ante
1617 887 1773 916 veteres.
1805 878 1985 916 Proxime

592 955 722 983 autem
742 945 1005 989 Aristoxenus,
1026 943 1208 988 muficus,
1224 944 1406 996 idemque
1423 942 1690 997 philosophus,
1713 943 1827 996 ipfius
1845 956 1984 995 corpo-

591 1012 642 1048 ris
663 1011 916 1049 intentionem
941 1010 1148 1062 quandam,
1176 1009 1281 1048 velut
1296 1010 1336 1048 in
1357 1018 1470 1048 cantu
1490 1019 1528 1047 et
1548 1009 1702 1054 fidibus,
1724 1022 1808 1061 quae
1827 1007 1985 1047 harmo-

593 1076 656 1113 nia
675 1076 815 1114 dicitur
827 1095 838 1120 ;
870 1076 920 1113 fic
949 1088 996 1113 ex
1016 1075 1184 1127 corporis
1211 1075 1328 1113 totius
1348 1084 1480 1112 natura
1499 1083 1537 1112 et
1556 1073 1688 1126 figura,
1709 1074 1830 1112 varios
1856 1083 1984 1111 motus

592 1141 698 1186 cieri,
723 1151 905 1193 tanquam
937 1141 975 1178 in
997 1149 1111 1177 cantu
1131 1139 1254 1178 sonos.
1297 1140 1378 1178 Hic
1398 1140 1444 1177 ab
1465 1139 1628 1177 artificio
1646 1139 1711 1177 suo
1731 1153 1808 1177 non
1827 1139 1984 1184 receffit,

592 1215 631 1244 et
652 1216 779 1244 tamen
799 1206 898 1244 dixit
917 1205 1077 1257 aliquid,
1107 1205 1211 1257 quod
1229 1204 1354 1257 ipsum
1375 1205 1487 1257 quale
1516 1205 1618 1250 esset,
1650 1213 1727 1243 erat
1747 1204 1874 1242 multo
1899 1213 1987 1242 ante

589 1279 630 1308 et
649 1271 797 1308 dictum
816 1279 854 1308 et
874 1270 1120 1322 explanatum
1140 1283 1161 1306 a
1176 1269 1348 1307 Platone.
1380 1271 1611 1307 Xenocrates
1631 1270 1752 1307 animi
1766 1269 1929 1321 figuram
1949 1279 1987 1307 et

589 1336 693 1388 quasi
713 1349 850 1388 corpus
871 1335 1022 1387 negavit
1050 1334 1134 1379 effe,
1165 1333 1298 1372 verum
1318 1348 1523 1372 numerum
1544 1335 1643 1372 dixit
1660 1334 1744 1379 effe,
1775 1335 1883 1385 cujus
1914 1335 1985 1380 vis,

590 1411 634 1440 ut
662 1403 745 1454 jam
779 1410 887 1439 antea
917 1399 1141 1453 Pythagorae
1175 1400 1299 1439 visum
1332 1410 1423 1445 erat,
1454 1401 1495 1438 in
1524 1409 1657 1438 natura
1678 1399 1849 1438 maxima
1881 1399 1984 1439 effet.

590 1467 687 1519 Ejus
714 1467 845 1505 doetor
865 1467 974 1505 Plato
1005 1466 1198 1519 triplicem
1219 1466 1334 1504 finxit
1353 1466 1520 1504 animam
1537 1485 1549 1511 ς
1581 1467 1690 1518 cujus
1711 1465 1985 1518 principatum,

590 1533 632 1571 id
652 1533 717 1578 est,
740 1533 939 1577 rationem,
971 1533 1012 1570 in
1032 1533 1169 1584 capite,
1200 1532 1295 1570 ficut
1325 1532 1365 1570 in
1388 1545 1485 1577 arce,
1512 1532 1665 1585 posuit;
1696 1541 1734 1570 et
1753 1532 1844 1570 duas
1865 1542 1987 1585 partes

591 1598 756 1651 separare
774 1598 910 1642 voluit,
932 1597 1028 1635 iram
1047 1607 1086 1649 et
1105 1597 1371 1650 cupiditatem,
1389 1611 1481 1650 quas
1502 1597 1594 1635 locis
1615 1597 1781 1635 disclusit
1795 1615 1808 1642 ς
1831 1597 1926 1636 iram
1946 1598 1986 1636 in

590 1666 755 1716 pastore,
772 1664 1023 1715 cupiditatem
1045 1662 1171 1700 subter
1190 1663 1408 1715 praecordia,
1429 1663 1583 1701 locavit.

648 1728 892 1767 Dicaearchus
909 1737 1035 1765 autern
1057 1729 1096 1765 in
1117 1742 1161 1765 eo
1181 1728 1364 1773 sermone,
1387 1742 1503 1780 quem
1520 1728 1700 1766 Corinthi
1721 1727 1899 1766 habitum
1917 1729 1986 1766 tri-

591 1796 662 1833 bus
682 1795 790 1833 libris
810 1794 982 1847 exponit,
998 1794 1199 1832 doctorum
1218 1793 1426 1832 hominum
1443 1795 1735 1847 disputantium,
1750 1795 1876 1846 primo
1889 1794 1988 1833 libro

592 1861 737 1899 multos
769 1860 968 1912 loquentes
990 1858 1107 1904 facit,
1139 1859 1289 1898 duobus
1311 1859 1577 1898 Pherecratem
1598 1860 1789 1912 quendam
1819 1858 1986 1898 Phthio·

592 1935 672 1965 tam
700 1927 840 1970 senem,
873 1939 989 1977 quem
1010 1925 1061 1962 ait
1081 1939 1100 1962 a
1122 1926 1357 1964 Deucalione
1376 1936 1520 1970 ortum,
1555 1925 1795 1964 differentem
1822 1925 1986 1971 inducit,

593 1991 692 2030 nihil
713 1991 783 2030 effe
804 1991 965 2029 omnino
985 1991 1175 2035 animum,
1197 2001 1234 2028 et
1254 1990 1328 2029 hoc
1349 1991 1420 2029 ess'e
1441 2005 1582 2030 nomen
1603 2001 1730 2029 totum
1745 1992 1869 2036 inane,
1888 1990 1986 2029 frus-

595 2067 724 2110 traque
745 2057 922 2095 animalia
948 2065 984 2093 ct
1014 2056 1224 2094 animantes
1246 2057 1424 2109 appellari
1445 2072 1453 2094 :
1484 2070 1606 2109 neque
1629 2058 1666 2095 in
1688 2055 1847 2095 homine
1876 2056 1988 2094 inefl‘e

593 2123 783 2166 animum,
814 2122 872 2159 vel
890 2122 1072 2165 animam,
1104 2135 1173 2159 nec
1195 2122 1233 2159 in
1256 2121 1397 2166 bestia;
1430 2122 1587 2174 vimque
1607 2135 1763 2160 omnem
1781 2135 1880 2166 eam,
1913 2135 1987 2174 qua

594 2188 651 2226 vel
679 2201 834 2241 agamus
865 2187 973 2238 quid,
1009 2187 1067 2224 vel
1102 2187 1320 2231 sentiamus,
1351 2189 1389 2225 in
1425 2187 1605 2226 omnibus
1640 2187 1863 2239 corporibus
1892 2187 1986 2224 vivis

593 2255 827 2307 aequabiliter
847 2253 915 2291 csse
931 2252 1067 2297 susam,
1085 2267 1152 2291 nec
1175 2254 1416 2306 separabilem
1433 2268 1452 2291 a
1470 2267 1626 2306 corpore
1642 2253 1725 2297 effe,
1743 2254 1886 2305 quippe
1902 2267 1986 2305 quae

595 2321 700 2358 nulla
721 2320 778 2365 sit,
802 2333 869 2358 nec
890 2319 933 2356 fit
957 2319 1184 2370 quidquam,
1209 2319 1273 2356 nifi
1296 2333 1433 2372 corpus
1456 2334 1577 2357 unum
1597 2330 1634 2357 ct
1657 2319 1828 2371 simplex,
1857 2319 1909 2356 ita
1938 2317 1986 2357 fi-

595 2396 788 2438 guratum,
811 2394 852 2423 ut
872 2385 1146 2436 temperatione
1169 2394 1307 2422 naturae
1328 2386 1449 2437 vigeat
1466 2394 1502 2422 ct
1521 2384 1664 2422 sentiat.

651 2451 869 2489 Aristoteles
899 2450 1011 2502 longe
1039 2450 1220 2487 omnibus
1258 2450 1476 2501 (Platonem
1507 2450 1652 2503 semper
1681 2450 1849 2502 excipio)
1890 2463 1984 2502 pra:—

593 2517 690 2556 stans
730 2527 766 2556 ct
797 2517 950 2571 ingenio
979 2526 1015 2555 et
1047 2516 1258 2569 diligentia,
1303 2530 1393 2555 cum
1437 2527 1600 2569 quatuor
1631 2526 1718 2555 nota
1751 2517 1814 2554 illa
1851 2528 1985 2568 genera
