2330 2983
449 251 523 305 386
755 244 1532 286 TUSCULANARUM

445 347 670 389 Academici
700 347 819 386 secus.
864 346 1117 399 Voluptatem
1147 359 1239 384 cum
1272 344 1466 384 honestate
1496 343 1764 383 Dinomachus
1798 353 1840 383 et

447 413 629 466 Callipho
658 413 865 467 copulavit.
911 411 1171 452 Indolentiam
1200 420 1327 450 autem
1358 409 1544 449 honestati
1564 409 1840 462 Peripateticus

446 480 642 519 Diodorus
667 479 855 532 adjunxit.
899 479 975 517 Hae
994 478 1080 516 sunt
1099 477 1305 522 sententiae,
1336 490 1421 529 quae
1446 475 1660 515 stabilitatis
1690 474 1838 527 aliquid

447 546 642 584 habeant:
673 559 764 584 nam
798 544 1000 590 Aristonis,
1037 542 1259 595 Pyrrhonis,
1293 542 1451 588 Herilli,
1482 541 1839 593 nonnullorumque

447 613 611 650 aliorum
630 619 878 649 evanuerunt.

504 678 562 716 Hi
592 677 687 730 quid
717 676 856 729 poffint
875 676 1048 714 obtinere
1072 675 1282 718 videamus,
1312 673 1454 711 omissis
1475 674 1639 718 Stoicis;
1670 685 1840 725 quorum

448 743 533 781 satis
564 743 694 780 videor
723 740 928 779 defendiffe
958 740 1197 778 sententiam.
1244 739 1297 776 Et
1317 738 1658 790 Peripateticorum
1683 738 1843 789 quidem

448 809 636 860 explicata
654 806 762 845 causa
780 806 834 844 est
847 825 860 851 ς
891 815 1025 858 praeter
1044 803 1372 857 Theophrastum,
1396 812 1435 841 et
1453 803 1480 841 fi
1501 804 1568 855 qui
1588 803 1703 840 illum
1723 802 1842 840 secuti

449 873 684 912 imbecillius
717 871 875 911 horrent
908 871 1080 910 dolorem
1111 880 1150 908 et
1179 869 1442 908 reformidant.
1485 869 1662 921 Reliquis
1683 867 1843 921 quidem

448 939 541 977 licet
560 938 682 977 facere
712 938 752 976 id
771 937 875 991 quod
908 936 987 975 fere
1007 935 1169 980 faciunt,
1205 944 1248 973 ut
1281 934 1506 987 gravitatem
1536 934 1843 986 dignitatemque

448 1005 600 1043 virtutis
620 1012 871 1057 exaggerent:
894 1016 1012 1056 quam
1030 1016 1122 1041 cum
1141 1001 1187 1039 ad
1202 1000 1342 1039 caelum
1361 1000 1582 1044 extulerint,
1599 999 1703 1051 quod
1720 997 1844 1036 facere

449 1071 671 1123 eloquentes
690 1068 869 1107 homines
889 1067 1040 1121 copiose
1061 1067 1194 1111 solent,
1216 1066 1362 1118 reliqua
1377 1079 1423 1104 ex
1440 1065 1642 1104 collatione
1659 1063 1770 1102 facile
1790 1063 1843 1102 est

449 1145 656 1180 conterere,
691 1143 805 1187 atque
823 1143 1083 1172 contemnere.
1126 1133 1213 1171 Nec
1243 1132 1348 1170 enim
1379 1131 1470 1169 licet
1499 1131 1560 1175 iis,
1590 1131 1658 1183 qui
1689 1129 1842 1168 laudem

449 1215 543 1239 curn
562 1200 692 1237 dolore
722 1198 926 1252 petendam
951 1197 1023 1235 effe
1053 1197 1202 1242 dicunt,
1237 1210 1386 1248 negare,
1421 1209 1482 1234 eos
1502 1195 1573 1234 effe
1596 1196 1739 1240 beatos,
1773 1194 1842 1247 qui

449 1266 557 1304 illam
588 1263 714 1317 adepti
744 1263 844 1301 sunt.
885 1264 1120 1314 Qanquam
1150 1262 1256 1300 enim
1286 1261 1360 1298 fint
1389 1261 1430 1298 in
1455 1261 1684 1312 quibusdam
1714 1261 1840 1304 malis,

448 1340 578 1370 tamen
598 1329 673 1368 hoc
693 1341 837 1367 nomen
856 1329 957 1366 beati
975 1328 1090 1380 longe
1109 1337 1146 1365 et
1165 1327 1239 1365 late
1258 1335 1375 1379 patet.

504 1397 657 1436 XXXI.
690 1395 797 1434 Nam
825 1404 868 1434 ut
887 1394 1093 1447 quaestuosa
1123 1401 1348 1437 mercatura,
1369 1391 1558 1430 fructuosa
1583 1392 1712 1437 aratio,
1743 1391 1842 1430 dici-

450 1473 538 1507 tur;
570 1475 648 1500 non
667 1461 693 1499 fi
716 1462 830 1499 altera
856 1460 1002 1513 semper
1022 1461 1131 1498 omni
1152 1460 1307 1504 damno,
1339 1458 1456 1496 altera
1484 1457 1593 1496 omni
1613 1456 1844 1510 tempestatis

451 1527 666 1566 calamitate
687 1526 832 1578 semper
862 1535 981 1569 vacet,
1011 1525 1073 1562 scd
1093 1525 1119 1561 si
1150 1524 1276 1561 multo
1296 1524 1438 1575 majore
1467 1536 1514 1561 ex
1539 1532 1643 1575 parte
1672 1532 1774 1561 extat
1804 1522 1844 1560 in

452 1603 612 1644 utraque
632 1590 818 1635 felicitas;
840 1591 890 1628 fic
911 1590 1001 1634 vita,
1017 1603 1093 1628 non
1115 1589 1238 1627 solum
1259 1589 1284 1627 s1
1302 1588 1472 1640 undique
1493 1587 1628 1626 referta
1647 1588 1757 1626 bonis
1777 1587 1843 1633 est,

451 1659 511 1697 sed
532 1658 557 1695 fi
578 1657 704 1695 multo
724 1658 866 1707 majore
886 1666 923 1693 et
943 1656 1111 1708 graviore
1130 1668 1177 1693 ex
1203 1664 1307 1707 parte
1334 1655 1433 1692 bona
1457 1653 1708 1706 propendent,
1737 1654 1844 1691 beata

451 1725 548 1761 redte
568 1722 643 1760 dici
664 1720 797 1774 potest.
831 1722 1017 1772 Sequetur
1036 1720 1166 1772 igitur,
1198 1718 1341 1757 horum
1372 1719 1530 1763 ratione,
1551 1719 1610 1756 vel
1630 1719 1676 1756 ad
1695 1718 1842 1771 suppli-

451 1789 557 1827 cium
579 1788 686 1825 beata
703 1787 781 1824 vita
798 1786 997 1830 virtutem,
1019 1798 1189 1837 cumque
1209 1798 1251 1822 ea
1270 1784 1467 1822 descendet
1487 1785 1527 1822 in
1549 1793 1713 1828 taurum,
1736 1784 1842 1822 Aris-

451 1854 581 1898 totele,
617 1854 845 1897 Xenocrate,
883 1851 1100 1904 Speufippo,
1138 1851 1347 1889 Polemone
1382 1849 1614 1893 auctoribus,
1660 1862 1727 1886 nec
1760 1863 1844 1887 eam

453 1919 628 1958 minimis
647 1917 921 1956 blandimentis
941 1925 1118 1969 corrupta
1137 1916 1292 1954 deseret.
1316 1915 1461 1953 Eadem
1479 1913 1737 1967 Calliphontis
1757 1915 1843 1959 erit,

453 1985 695 2036 Diodorique
717 1983 897 2021 sententia
913 2001 924 2027 5
953 1995 1119 2035 quorum
1140 1991 1300 2034 uterque
1320 1980 1556 2019 honestatem
1577 1981 1626 2018 fic
1646 1981 1844 2033 complec-

453 2051 562 2094 titur,
586 2059 628 2087 ut
648 2049 791 2093 omnia,
814 2062 897 2100 qua:
918 2047 991 2085 sine
1011 2061 1053 2085 ea
1073 2048 1157 2091 sint,
1181 2047 1293 2099 longe
1313 2056 1351 2083 et
1372 2055 1470 2084 retro
1489 2045 1662 2098 ponenda
1682 2045 1841 2083 censeat.

455 2116 612 2167 Reliqui
634 2114 770 2152 habere
792 2115 824 2151 se
844 2114 1021 2152 videntur
1041 2113 1248 2166 angustius,
1270 2121 1421 2150 enatant
1444 2120 1569 2149 tamen
1589 2129 1599 2155 ;
1636 2111 1843 2163 Epicurus,

454 2182 733 2232 Hieronymus,
766 2190 802 2218 ct
825 2180 847 2217 si
870 2180 935 2232 qui
959 2179 1057 2224 sunt,
1086 2180 1154 2231 qui
1175 2179 1356 2217 disertum
1385 2177 1497 2215 illum
1518 2176 1751 2214 Carneadem
1772 2191 1843 2214 cu·-

455 2254 537 2284 rent
556 2244 768 2284 defendere.
821 2245 950 2283 Nemo
970 2246 1020 2282 cst
1040 2245 1159 2289 enim,
1191 2245 1286 2297 quin
1307 2257 1439 2281 eorum
1460 2243 1649 2280 bonorum
1669 2242 1844 2280 animum

455 2321 563 2365 putet
582 2311 653 2349 csse
668 2311 855 2363 judicem,
886 2324 1053 2363 cinnque
1072 2309 1371 2353 condoccfaciat,
1398 2319 1439 2347 ut
1459 2323 1514 2353 ea,
1536 2323 1620 2361 qum
1642 2309 1739 2346 bona
1759 2322 1842 2347 ma-

456 2379 534 2415 lave
552 2377 762 2421 videantur,
785 2376 893 2430 possit
909 2386 1167 2414 contemnere.
1193 2377 1295 2414 Nam
1313 2389 1396 2427 qua·
1413 2376 1483 2413 tibi
1505 2375 1662 2427 Epicuri
1680 2374 1841 2417 videtur,

454 2444 582 2480 cadem
604 2444 673 2481 crit
698 2443 926 2494 Hieronymi
947 2453 983 2481 ct
1005 2442 1206 2481 carneadis
1227 2442 1346 2485 causi,
1379 2450 1416 2479 ct
1437 2440 1562 2479 hercle
1583 2440 1762 2479 omnium
1785 2454 1841 2478 re-

456 2509 666 2560 liquorum.

510 2575 609 2627 Qis
636 2575 739 2614 enim
775 2589 907 2627 parum
939 2575 990 2614 cst
1024 2584 1155 2614 contra
1187 2584 1351 2613 mortem
1385 2583 1447 2612 aut
1468 2573 1638 2612 dolorem
1659 2572 1839 2625 paratus?
