2330 2983
649 232 927 278 LIBER
985 234 1408 275 TERTIUS.
1658 246 1730 287 147

327 341 496 390 bonum,
528 338 623 391 quid
652 337 812 376 habebis
831 345 1022 389 praeterea,
1044 336 1147 388 quod
1168 335 1347 388 sequare?
1379 344 1457 379 aut,
1480 335 1506 373 fi
1525 333 1623 372 nihil
1646 348 1729 372 ma-

330 406 431 451 lum,
451 405 521 455 nifi
541 403 647 457 quod
676 413 800 456 turpe,
822 401 1082 447 inhonestum,
1105 402 1343 447 indecorum,
1365 415 1541 455 pravum,
1565 401 1730 452 flagitio-

328 471 430 516 sum,
449 470 617 515 foedum,
648 471 709 522 (ut
728 469 804 508 hoc
824 482 980 521 quoque
999 468 1174 521 pluribus
1196 469 1422 506 nominibus
1449 468 1593 520 insigne
1614 466 1730 504 facia-

329 538 436 588 mus)
452 536 549 589 quid
567 546 746 589 praeterea
764 535 861 573 dicis
881 534 952 572 effe
970 533 1202 587 fugiendum
1218 535 1230 571 ?
1254 535 1348 572 Non
1363 534 1570 586 ignoranti,
1588 534 1730 585 inquit,

329 603 418 648 tibi,
436 598 535 655 vquid
551 603 622 641 sun
642 603 826 647 didiurus,
850 601 911 639 sed
929 601 1089 653 aliquid,
1112 610 1155 639 ut
1170 613 1242 654 ego
1258 600 1438 653 suspicor,
1460 614 1506 638 ex
1528 613 1612 637 mea
1627 600 1733 636 brevi

331 669 570 722 responsione
589 669 752 722 arripere
772 667 958 721 cupienti,
985 681 1063 705 non
1083 667 1319 721 respondebo
1339 667 1385 704 ad
1405 666 1573 719 fingula:
1607 665 1732 717 expli-

329 735 426 775 cabo
454 736 597 788 potius,
628 735 813 787 quoniam
843 733 951 772 otiosi
969 733 1116 778 sumus,
1147 732 1216 771 nifi
1250 732 1421 781 alienum
1452 741 1577 785 putas,
1611 739 1732 768 totam

330 801 503 839 Zenonis
525 801 821 852 Stoicorumque
840 799 1080 838 sententiam.
1112 799 1287 837 Minime
1305 798 1346 836 id
1361 798 1534 851 quidem,
1555 797 1732 849 inquam,

331 867 526 912 alienum;
559 866 811 919 multumque
830 866 877 904 ad
896 880 951 911 ea,
985 880 1069 918 quae
1095 866 1317 918 quaerimus,
1345 865 1552 917 explicatio
1584 873 1648 902 tua
1667 863 1734 901 ista

330 931 550 985 profecerit.
588 933 845 985 Experiamur
865 932 996 984 igitur,
1018 931 1160 984 inquit,
1181 931 1248 969 etfi
1276 930 1394 969 habet
1412 929 1495 969 haec
1515 930 1733 968 Stoicorum

332 999 427 1036 ratio
446 997 644 1036 difficilius
665 997 851 1049 quiddam
870 1007 907 1035 et
927 997 1139 1036 obscurius.
1182 997 1289 1035 Nam
1314 1009 1406 1034 cum
1439 997 1479 1034 in
1500 997 1638 1034 Graeco
1658 995 1732 1033 ser-

331 1077 448 1101 mone
470 1062 551 1102 haec
570 1063 650 1116 ipsa
670 1063 867 1115 quondam
894 1076 1022 1100 rerum
1048 1063 1207 1100 nomina
1226 1075 1412 1100 novarum
1433 1075 1532 1100 nova
1549 1061 1733 1099 videban—

330 1138 408 1174 tur,
430 1143 516 1182 quae
536 1142 640 1168 nunc
660 1129 895 1169 consuetudo
915 1129 1097 1167 diuturna
1117 1129 1222 1167 trivit
1234 1147 1247 1174 5
1280 1128 1376 1181 quid
1391 1128 1516 1166 censes
1538 1128 1577 1166 in
1595 1127 1735 1166 Latino

331 1194 442 1233 fore?

386 1261 640 1301 Facillimum
674 1262 714 1300 id
734 1262 893 1314 quidem
912 1261 977 1307 est,
1010 1261 1184 1313 inquam.
1232 1261 1269 1299 Si
1295 1261 1400 1299 enim
1433 1261 1583 1299 Zenoni
1606 1260 1734 1304 licuit,

326 1340 426 1366 cum
446 1342 528 1366 rem
549 1329 719 1380 aliquam
738 1327 935 1366 invenifi‘et
954 1328 1186 1372 inusitatam,
1207 1327 1426 1365 inauditum
1445 1338 1600 1379 quoque
1626 1326 1660 1364 ei
1682 1326 1735 1363 rei

334 1406 477 1431 nornen
505 1394 716 1446 imponere,
745 1407 813 1431 cur
843 1406 922 1431 non
956 1393 1068 1431 liceat
1089 1393 1256 1432 Catoni?
1306 1393 1393 1431 Nec
1421 1402 1550 1431 tamen
1570 1394 1736 1446 exprimi

334 1459 495 1497 verbum
514 1472 535 1496 e
565 1459 680 1497 verbo
700 1458 842 1496 neceffe
863 1459 947 1503 erit,
970 1468 1012 1496 ut
1033 1459 1256 1512 interpretes
1277 1458 1447 1496 indiserti
1478 1458 1612 1504 solent,
1643 1472 1735 1497 cum

333 1525 379 1563 fit
398 1525 573 1570 verbum,
596 1524 701 1576 quod
721 1525 825 1562 idem
845 1524 1023 1568 declaret,
1048 1525 1171 1577 magis
1193 1525 1389 1562 ufitatum.
1421 1525 1618 1576 Equidem
1639 1526 1739 1564 soleo

332 1591 463 1635 etiam,
486 1590 591 1642 quod
611 1603 689 1627 uno
711 1590 853 1634 Graeci,
874 1589 900 1627 fi
922 1589 1031 1628 aliter
1050 1603 1127 1628 non
1148 1589 1313 1643 poffum,
1336 1590 1439 1628 idem
1455 1590 1631 1643 pluribus
1652 1605 1736 1629 ver·-

333 1656 392 1694 bis
411 1648 623 1708 exponere}
656 1665 694 1693 et
715 1665 843 1693 tamen
863 1664 959 1708 puto
985 1656 1145 1694 concedi
1175 1656 1287 1694 nobis
1312 1665 1500 1709 oportere,
1531 1666 1575 1695 ut
1596 1658 1735 1696 Graeco

330 1721 447 1759 verbo
467 1730 635 1766 utamur,
653 1721 679 1759 fi
699 1721 853 1774 quando
873 1722 1002 1760 minus
1023 1731 1198 1760 occurret
1211 1723 1413 1767 Latinum,
1436 1736 1482 1760 ne
1498 1721 1572 1761 hoc
1592 1722 1733 1777 ephip-

331 1787 406 1839 piis
426 1796 464 1825 et
484 1785 743 1840 acratophoris
771 1787 912 1840 potius,
935 1801 1052 1840 quam
1072 1788 1314 1840 proegmenis
1341 1797 1379 1826 et
1400 1790 1732 1841 apoproegmenis,

332 1853 591 1891 concedatur:
636 1867 860 1906 quanquam
892 1852 973 1892 haec
1004 1854 1165 1906 quidem
1189 1855 1383 1907 praepqfita
1412 1857 1509 1892 reete
1541 1864 1581 1893 et
1605 1855 1736 1907 rqjeffla

330 1920 458 1957 dicere
491 1919 637 1958 licebit.
688 1921 792 1958 Bene
821 1919 930 1965 facis,
964 1921 1105 1973 inquit,
1140 1921 1246 1973 quod
1276 1935 1341 1959 me
1371 1921 1523 1973 adjuvas
1543 1936 1551 1959 :
1594 1931 1632 1959 et
1666 1922 1744 1960 istis

333 1985 510 2037 quidem,
531 1999 616 2037 quae
638 1986 755 2024 modo
775 1986 918 2032 dixisti,
952 1995 1034 2024 utar
1054 1988 1183 2040 potius
1204 1987 1368 2025 Latinis.
1407 1988 1452 2025 In
1479 1988 1623 2026 caeteris
1644 1987 1735 2026 sub-

333 2052 474 2096 venies,
506 2051 531 2089 fi
553 2065 617 2089 me
637 2051 847 2090 haerentem
868 2053 1028 2091 videbis,
1080 2053 1233 2099 Sedulo,
1263 2053 1436 2106 inquam,
1458 2053 1612 2092 faciam.
1664 2053 1737 2092 Sed

331 2118 502 2156 Fortuna
507 2118 645 2170 fortes.
687 2119 816 2170 Qare
834 2132 984 2164 conare,
1006 2119 1146 2172 quaeso.
1190 2119 1298 2172 Qid
1318 2120 1423 2158 enim
1443 2118 1519 2158 hoc
1542 2119 1736 2173 possumus

334 2196 442 2235 agere
462 2183 630 2221 divinius
646 2185 659 2221 ?

379 2249 431 2287 V.
455 2249 584 2287 Placet
600 2249 675 2295 his,
694 2250 836 2302 inquit,
860 2265 1025 2302 quorum
1049 2252 1144 2290 ratio
1165 2251 1264 2290 mihi
1286 2252 1481 2305 probatur,
1498 2252 1611 2290 simul
1625 2261 1739 2303 atque

336 2323 472 2352 natum
493 2314 538 2352 sit
557 2315 713 2361 animal,
748 2314 858 2367 (hinc
880 2317 984 2355 enim
1005 2318 1057 2356 est
1077 2318 1325 2370 ordiendum)
1361 2319 1485 2371 ipsum
1507 2318 1576 2355 fibi
1604 2317 1738 2355 conci-

336 2380 419 2418 liari
450 2389 489 2418 et
508 2383 771 2420 commendari
792 2383 837 2421 ad
860 2383 895 2421 se
916 2383 1230 2429 conservandum,
1258 2394 1295 2422 et
1316 2385 1361 2421 ad
1382 2384 1492 2422 suum
1514 2384 1668 2428 statum,
1703 2391 1741 2421 et

336 2446 384 2484 ad
403 2459 459 2491 ea,
482 2460 567 2498 quae
586 2448 845 2487 conservantia
864 2449 951 2489 sunt
971 2451 1052 2502 ejus
1073 2450 1201 2495 statuS,
1239 2451 1457 2503 diligenda3
1489 2450 1640 2488 alienari
1672 2463 1741 2487 au-

338 2522 419 2551 tem
439 2513 486 2550 ab
507 2513 680 2559 interitu,
702 2515 824 2567 iisque
844 2516 971 2561 rebus,
993 2530 1078 2569 quae
1090 2517 1293 2555 interitum
1309 2516 1509 2554 videantur
1524 2516 1668 2556 afferre.
1698 2516 1743 2554 Id

336 2578 392 2617 ita
411 2577 482 2617 effe
502 2579 551 2619 fic
573 2581 751 2633 probant,
771 2582 892 2634 quod,
914 2591 1121 2635 antequam
1148 2583 1323 2636 voluptas
1349 2592 1413 2620 aut
1433 2583 1541 2623 dolor
1561 2583 1742 2636 attigerit,

1350 2650 1442 2688 T2
