2330 2983
644 253 921 294 LIBER
978 251 1412 306 QUARTUS»
1656 251 1731 305 187

328 359 435 398 enim
457 371 534 396 non
555 355 718 410 possum.
770 356 842 394 Sed
861 356 912 394 ita
932 355 1022 394 falsa
1042 355 1129 394 sunt
1155 369 1210 400 ea,
1245 369 1329 408 quae
1353 354 1654 407 consequuntur,
1686 364 1730 393 ut

328 425 411 470 illa,
441 438 461 462 e
480 423 622 476 quibus
643 421 724 460 haec
744 432 831 459 nata
850 421 949 466 sunt,
970 435 1055 459 vera
1072 421 1143 459 effe
1163 435 1239 459 non
1261 420 1414 473 poffint.
1450 421 1606 459 Docent
1624 421 1729 460 enim

329 503 415 535 nos,
436 498 480 527 ut
511 488 595 533 scis,
624 487 827 531 dialectici,
860 486 885 524 fi
907 500 963 531 ea,
992 500 1077 538 quae
1097 500 1177 524 rem
1198 486 1368 537 aliquam
1395 485 1610 538 sequantur,
1639 485 1730 524 falsa

330 555 417 600 fint,
447 552 580 592 falsam
598 552 708 590 illam
728 551 848 604 ipsam
867 552 953 597 effe,
983 565 1101 603 quam
1122 551 1341 603 sequantur.
1392 552 1450 588 Ita
1469 550 1513 588 fit
1539 551 1605 588 illa
1633 565 1729 590 con-

327 620 448 659 clufio
467 633 545 659 non
565 619 690 657 solum
709 631 808 663 vera,
827 617 888 656 sed
907 618 959 655 ita
978 617 1187 670 perspicua,
1205 625 1249 655 ut
1266 616 1454 654 dialectici
1474 629 1522 654 ne
1543 617 1730 655 rationem

328 686 492 739 quidem
512 685 619 724 reddi
638 693 776 738 putent
794 692 994 737 oportere;
1027 683 1066 722 Si
1085 683 1198 727 illud,
1225 681 1328 721 hoc:
1360 696 1438 721 non
1469 691 1598 720 autem
1627 682 1728 727 hoc;

331 752 452 805 igitur
467 765 514 790 ne
528 751 628 790 illud
645 751 818 803 quidem.
851 750 926 795 Sic,
942 748 1263 802 consequentibus
1279 748 1406 787 vestris
1422 748 1594 794 sublatis,
1608 749 1732 802 prima

333 817 539 856 tolluntur.
581 818 680 868 Qae
700 816 907 869 sequuntur
926 815 1045 868 igitur
1062 815 1075 853 ?
1108 816 1250 859 Omnes,
1281 815 1346 867 qui
1360 815 1730 868 nonstmz‘fhpientes‚

332 897 432 937 aeque
450 883 584 936 mfiros
614 881 697 935 ff:
729 882 911 934 Sapientes
929 895 1041 920 omnes
1058 882 1198 934 fizmme
1230 880 1347 919 beatos
1378 879 1439 933 qffl’
1452 895 1466 919 :
1496 880 1606 918 Reae
1617 881 1733 933 fhb‘la

333 951 449 988 omnia
466 950 619 1003 aequalia
630 965 644 987 .·
676 949 808 987 Omnia
817 958 970 1000 peccata
981 948 1105 1001 paria.
1152 948 1251 999 Qae
1271 960 1364 985 cum
1382 945 1589 999 magnifice
1605 947 1734 999 primo

334 1015 412 1054 dici
432 1015 659 1059 viderentur,
673 1014 903 1052 confiderata
918 1014 1048 1051 minus
1068 1012 1292 1066 probantur.
1324 1011 1459 1050 Sensus
1479 1011 1587 1049 enim
1602 1011 1734 1063 cujus-

334 1095 425 1133 que,
457 1090 494 1119 et
514 1090 646 1119 natura
665 1093 808 1124 rerum,
839 1088 952 1131 atque
982 1079 1059 1131 ipsa
1089 1079 1224 1116 veritas
1245 1078 1386 1116 clamat
1404 1077 1573 1130 quodam
1599 1077 1734 1123 modo,

334 1160 414 1185 non
433 1146 534 1199 poss‘e
554 1146 706 1191 adduci,
741 1154 785 1183 ut
805 1145 904 1183 inter
935 1158 994 1183 eas
1028 1158 1099 1189 τετε,
1131 1157 1223 1196 quas
1245 1144 1356 1183 Zeno
1374 1152 1600 1196 exaequaret,
1635 1141 1735 1182 nihil

333 1211 535 1251 interesset.

377 1278 470 1316 XX.
503 1275 633 1316 Postea
649 1284 736 1314 tuus
754 1275 819 1314 ille
835 1275 1035 1320 Pcenulus,
1052 1274 1140 1326 (scis
1154 1274 1260 1313 enim
1277 1273 1449 1320 Citiaeos,
1463 1274 1620 1312 clientes
1634 1282 1735 1319 tuos,

331 1357 359 1382 ·e
379 1342 580 1382 Phoenicia
598 1341 805 1395 profectos)
834 1340 955 1380 homo
973 1341 1094 1393 igitur
1113 1348 1245 1379 acutus
1266 1339 1416 1379 causam
1442 1353 1521 1378 non
1540 1340 1735 1385 obtinens,

338 1417 574 1462 repugnante
604 1416 750 1452 natura,
779 1407 893 1445 verba
913 1406 1052 1445 versare
1077 1407 1222 1460 coepit:
1254 1415 1292 1444 et
1321 1406 1495 1459 primum
1526 1405 1638 1444 rebus
1672 1406 1736 1450 iis,

337 1487 433 1527 quas
467 1486 535 1512 nos
567 1474 683 1511 bonas
710 1472 905 1517 ducimus,
935 1472 1129 1517 conceffit,
1159 1480 1203 1510 ut
1232 1470 1465 1509 haberentur
1485 1480 1593 1524 aptat,
1623 1469 1737 1509 habi·

340 1541 409 1587 les,
430 1549 468 1578 et
487 1539 533 1577 ad
551 1549 726 1577 naturam
746 1538 1044 1576 accommodatae
1062 1552 1072 1576 ε
1103 1536 1290 1589 faterique
1306 1537 1441 1589 coepit,
1468 1535 1642 1590 sapienti,
1661 1535 1738 1575 hoc

339 1606 406 1652 est,
437 1605 585 1643 summe
616 1604 740 1648 beato,
771 1603 1016 1641 commodius
1036 1612 1167 1641 tamen
1185 1602 1271 1647 effe,
1293 1602 1319 1641 fi
1339 1615 1381 1640 ea
1401 1615 1556 1654 quoque
1586 1600 1739 1647 habeat,

337 1685 425 1724 quae
456 1671 555 1708 bona
587 1683 666 1708 non
700 1669 813 1707 audet
835 1669 1023 1722 appellare
1039 1687 1050 1714 3
1082 1668 1217 1707 natura
1242 1667 1322 1721 ipsa
1351 1667 1642 1706 accommodata
1668 1667 1741 1705 effe

335 1736 516 1775 concedit
534 1752 543 1774 ε
575 1744 781 1788 negatque,
804 1735 1018 1779 Platonem,
1047 1735 1073 1772 fi
1094 1734 1238 1788 sapiens
1271 1747 1349 1772 non
1369 1734 1426 1779 fit,
1453 1733 1587 1771 eadem
1608 1733 1679 1771 effe
1698 1733 1739 1771 in

333 1801 460 1846 causa,
480 1815 555 1854 qua
575 1812 780 1853 tyrannum
798 1800 1042 1851 Dionysium.
1065 1799 1174 1838 Huic
1190 1800 1291 1837 mori
1306 1799 1504 1852 optimum
1518 1798 1603 1842 effe,
1623 1811 1739 1851 prop-

341 1878 397 1907 ter
416 1867 715 1920 desperationem
736 1866 948 1919 sapientiae;
980 1866 1054 1911 illi,
1082 1874 1237 1918 propter
1257 1865 1376 1918 spem,
1397 1865 1537 1903 vivere.
1581 1865 1742 1902 Peccata

337 1943 470 1972 autem
491 1933 631 1986 partim
651 1932 722 1970 effe
742 1932 966 1977 tolerabilia,
979 1931 1121 1984 partim
1142 1931 1250 1969 nullo
1271 1931 1402 1975 modo,
1422 1940 1618 1984 propterea
1636 1929 1741 1982 quod

340 2000 413 2037 alia
432 2008 587 2052 peccata
606 1998 748 2051 plures,
779 1998 852 2035 alia
881 1999 1074 2051 pauciores
1096 1997 1198 2049 quasi
1225 2010 1406 2034 numeros
1426 1996 1546 2034 officii
1571 1996 1740 2048 proeteri-

342 2075 438 2104 rent.
469 2066 559 2116 Jam
580 2064 795 2120 insipientes
816 2064 909 2102 alios
933 2064 986 2102 ita
1005 2062 1090 2108 effe,
1122 2072 1165 2101 ut
1185 2063 1294 2101 nullo
1315 2062 1433 2100 modo
1453 2061 1499 2100 ad
1516 2061 1741 2114 sapientiam

340 2131 487 2185 poffent
519 2130 714 2184 pervenire
729 2149 742 2176 ⁵
773 2130 881 2176 alios,
903 2131 971 2182 qui
1000 2129 1162 2183 pofl'ent,
1193 2129 1218 2167 fi
1238 2129 1277 2167 id
1297 2127 1496 2181 geffiss‘ent,
1519 2127 1740 2180 sapientiam

336 2197 537 2248 consequi.

400 2264 481 2301 Hic
501 2263 729 2315 loquebatur
748 2262 856 2301 aliter
876 2271 990 2314 atque
1008 2275 1144 2301 omnes
1162 2280 1173 2306 ς
1205 2261 1388 2300 sentiebat
1405 2260 1513 2300 idem
1531 2259 1636 2312 quod
1666 2272 1740 2297 caz-

343 2329 429 2368 teri.
472 2329 559 2367 Nec
590 2342 678 2367 vero
710 2329 871 2367 minoris
898 2329 1113 2368 aestimanda
1143 2329 1308 2366 ducebat
1334 2341 1387 2371 ea,
1416 2341 1500 2379 quae
1533 2325 1610 2378 ipse
1644 2325 1743 2363 bona

347 2404 499 2448 negaret
529 2394 614 2440 effe,
645 2409 764 2448 quam
783 2396 856 2441 illi,
885 2397 954 2449 qui
974 2410 1014 2434 ea
1045 2395 1144 2434 bona
1163 2395 1234 2433 effe
1255 2395 1446 2433 dicebant.
1498 2391 1604 2442 Qid
1625 2392 1742 2443 igitur

345 2461 470 2499 voluit
486 2461 569 2505 fibi,
582 2461 650 2513 qui
661 2462 726 2500 illa
742 2463 944 2501 mutaverit
960 2463 972 2500 ?
995 2461 1136 2500 Saltem
1154 2461 1300 2513 aliquid
1317 2461 1362 2497 de
1378 2458 1543 2511 pondere
1559 2457 1743 2495 detraxis-

346 2527 414 2572 set,
435 2536 472 2565 et
490 2527 606 2582 paulo
623 2527 785 2567 minoris
805 2527 1051 2568 aestimaviffet
1070 2541 1113 2566 ea
1132 2540 1248 2580 quam
1271 2524 1529 2577 Peripatetici,
1545 2533 1588 2562 ut
1607 2523 1743 2561 sentire

1312 2593 1348 2629 A
1369 2605 1388 2628 a
1422 2603 1444 2630 2
