2330 2983
480 248 559 285 410
740 236 833 273 DE
890 235 1215 273 NATURA
1272 236 1610 278 DEORUM

479 335 617 386 Jovem
652 333 882 386 appellarent
896 352 909 379 ς
941 335 1086 387 quique
1118 348 1178 373 aer
1207 349 1275 387 per
1303 336 1421 374 maria
1450 345 1634 381 manaret,
1677 349 1768 376 eum
1796 339 1866 378 esse

479 399 710 452 Neptunum
726 417 738 443 ς
761 407 977 451 terramque
996 412 1080 438 eam
1100 399 1184 445 effe,
1202 414 1287 453 quae
1303 401 1419 439 Ceres
1438 401 1627 440 diceretur
1643 415 1652 440 :
1674 402 1868 455 similique

477 464 621 501 ratione
634 462 872 515 persequitur
885 464 1068 502 vocabula
1082 464 1319 517 reliquorum
1335 466 1525 506 Deorum.
1548 466 1734 519 Idemque
1750 466 1868 505 etiam

478 528 571 580 legis
590 538 782 581 perpetuae
806 538 843 567 et
863 538 1007 568 aeternae
1026 529 1121 575 vim,
1152 544 1237 583 quae
1267 531 1370 583 quafi
1400 531 1479 571 dux
1509 532 1595 570 vitae
1624 541 1663 570 et
1693 531 1868 584 magistra

475 594 694 633 officiorum
713 595 773 639 sit,
794 596 932 646 J0vem
951 595 1046 634 dicit
1064 595 1150 642 effe,
1184 597 1419 650 eandemque
1438 596 1592 636 fatalem
1613 598 1866 636 necessitatem

474 660 654 713 appellat,
675 660 943 714 sempiternam
963 674 1091 700 rerum
1108 660 1325 702 futurarum
1340 664 1536 703 veritatem
1549 682 1563 708 ;
1584 677 1751 716 quorum
1768 662 1864 702 nihil

474 727 550 764 tale
569 727 634 772 est,
667 737 710 766 ut
729 728 769 765 in
789 741 834 766 eo
853 728 910 765 vis
929 728 1058 766 divina
1091 727 1204 766 ineffe
1233 729 1419 767 videatur.
1461 731 1515 767 Et
1544 728 1626 768 haec
1646 730 1805 781 quidem
1825 729 1865 767 in

474 792 604 844 primo
622 792 722 831 libro
741 793 788 830 de
808 793 956 831 Natura
975 793 1163 831 Deorum.
1202 794 1248 831 In
1267 793 1435 832 secundo
1447 801 1577 832 autem
1596 794 1680 832 vult
1700 793 1864 846 Orphei,

474 857 627 902 Musaei,
657 857 831 902 Hefiodi‚
861 857 1104 909 Homerique
1133 857 1288 896 fabellas
1318 858 1608 897 accommodare
1627 858 1674 896 ad
1693 871 1748 902 ea,
1781 871 1865 910 quae

473 921 551 973 ipse
570 921 698 974 primo
718 921 818 960 libro
836 921 882 959 de
902 921 990 960 Diis
1011 922 1296 961 immortalibus
1316 923 1456 961 dixerit
1468 941 1481 967 ς
1511 931 1555 960 ut
1572 923 1688 960 etiam
1707 922 1865 960 veterri-

474 988 531 1024 mi
550 996 684 1040 poetae‚
701 987 770 1040 qui
790 986 871 1026 haec
889 1000 936 1026 ne
955 987 1130 1041 suspicati
1150 987 1310 1040 quidem
1329 989 1416 1034 sint,
1444 988 1563 1027 Stoici
1580 987 1690 1027 fuifl‘e
1708 988 1865 1026 videan-

473 1061 549 1090 tur.
592 1054 724 1105 Qem
755 1053 951 1106 Diogenes
982 1053 1215 1105 Babylonius
1245 1053 1477 1106 consequens
1508 1054 1550 1092 in
1576 1066 1621 1092 eo
1651 1053 1766 1099 libro,
1795 1053 1864 1106 qui

472 1118 694 1156 inscribitur
713 1119 759 1156 de
778 1119 970 1164 Minerva,
990 1127 1144 1172 partum
1156 1120 1279 1170 JoviS,
1295 1129 1502 1173 ortumque
1521 1119 1678 1171 virginis
1699 1118 1745 1157 ad
1761 1117 1863 1171 phy-

472 1183 669 1236 siologiam
689 1184 902 1230 traducens,
923 1185 1111 1237 disjungit
1129 1199 1150 1223 a
1167 1184 1312 1223 fabula.

513 1250 625 1287 XVI.
647 1250 819 1301 Exposui
838 1249 916 1287 fere
930 1262 1008 1287 non
1026 1249 1346 1302 philosophorum
1361 1250 1522 1301 judicia,
1536 1250 1597 1289 sed
1617 1249 1865 1289 delirantium

473 1314 630 1352 somnia.
676 1314 762 1352 Nec
792 1313 898 1351 enim
927 1313 1055 1352 multo
1083 1313 1300 1352 absurdiora
1328 1314 1415 1352 sunt
1443 1327 1497 1358 ea,
1529 1327 1628 1366 quae,
1663 1323 1865 1366 poetarum

470 1380 628 1418 vocibus
648 1378 742 1423 fusa,
764 1378 842 1431 ipsa
858 1378 1037 1416 suavitate
1056 1388 1268 1417 nocuerunt
1282 1397 1295 1425 ς
1317 1379 1386 1431 qui
1405 1388 1444 1416 et
1463 1379 1517 1416 ira
1536 1378 1808 1423 inflammatos,
1826 1388 1866 1417 et

471 1446 632 1484 libidine
650 1444 819 1483 furentes
839 1445 1072 1483 induxerunt
1092 1446 1220 1491 Deos,
1251 1444 1517 1498 feceruntque,
1535 1454 1579 1483 ut
1595 1458 1730 1484 eorum
1749 1444 1862 1489 bella,

471 1524 632 1563 pugnas,
662 1511 803 1563 praelia,
824 1511 981 1549 vulnera
999 1511 1214 1550 videremus
1235 1530 1247 1556 ;
1279 1511 1365 1550 odia
1390 1519 1580 1564 praeterea,
1601 1510 1760 1555 diffidia,
1786 1510 1863 1548 dis-

471 1577 630 1621 cordias,
652 1586 771 1621 ortus,
793 1577 984 1621 interitus,
1009 1577 1192 1628 querelas,
1214 1577 1520 1621 lamentationes,
1540 1576 1673 1615 effusas
1695 1577 1734 1614 in
1754 1576 1862 1614 omni

471 1642 763 1694 intemperantia
800 1641 994 1686 libidines,
1035 1641 1231 1693 adulteria,
1262 1641 1428 1685 vincula,
1470 1655 1561 1679 cum
1592 1641 1763 1680 humano
1792 1655 1861 1694 ge-

471 1721 558 1745 nere
589 1707 833 1751 concubitus,
863 1707 1113 1758 mortalesque
1143 1721 1190 1745 ex
1224 1707 1435 1746 immortali
1468 1717 1695 1759 procreatos.
1756 1709 1861 1745 Cum

470 1782 669 1825 poetarum
711 1781 838 1809 autem
882 1785 1004 1809 errore
1037 1772 1268 1823 conjungere
1302 1772 1393 1810 licet
1427 1781 1600 1823 portenta
1635 1773 1859 1824 Magorum,

470 1838 823 1890 AEgyptiorumque
842 1837 882 1874 in
902 1837 1037 1875 eodem
1057 1849 1193 1889 genere
1212 1836 1471 1881 dementiam
1503 1845 1588 1874 tum
1607 1837 1723 1874 etiam
1753 1838 1861 1889 vulgi

469 1904 684 1956 opiniones,
718 1916 802 1955 quae
834 1902 875 1940 in
909 1902 1077 1940 maxima
1111 1902 1375 1946 inconstantia,
1411 1902 1576 1940 veritatis
1607 1902 1859 1954 ignoratione,

470 1969 672 2007 versantur.

525 2035 581 2071 Ea
601 2034 667 2085 qui
686 2031 892 2070 confideret
911 2044 1028 2083 quam
1052 2018 1269 2069 inconsulte
1300 2045 1341 2069 ac
1363 2042 1504 2070 temere
1523 2032 1711 2075 dicantur,
1743 2044 1857 2069 vene-

471 2100 540 2137 rari
563 2099 791 2150 Epicurum,
822 2107 859 2135 et
893 2097 932 2134 in
963 2110 1095 2135 eorum
1127 2097 1295 2149 ipsorum
1328 2110 1500 2141 numero,
1531 2097 1577 2134 de
1603 2097 1744 2148 quibus
1778 2095 1857 2134 haec

470 2165 625 2217 quaestio
644 2164 710 2208 cst,
732 2163 868 2201 habere
889 2163 1036 2200 debeat.
1068 2162 1176 2201 Solus
1196 2163 1301 2200 enim
1321 2163 1432 2207 vidit,
1453 2163 1624 2215 primum
1645 2161 1715 2199 esse
1736 2163 1857 2207 Deos,

469 2231 572 2282 quod
595 2230 631 2267 in
653 2230 831 2268 omnium
852 2229 988 2267 animis
1019 2242 1152 2268 eorum
1173 2229 1370 2267 notionem
1395 2227 1627 2280 impreffisset
1648 2227 1724 2280 ipsa
1742 2238 1856 2265 natu-

471 2310 520 2333 ra.
611 2309 664 2333 uae
694 2295 746 2332 est
775 2295 878 2332 enim
910 2308 1016 2346 gens,
1047 2304 1110 2332 aut
1141 2294 1244 2346 quod
1265 2307 1383 2346 genus
1404 2293 1626 2337 hominum,
1653 2293 1757 2345 quod
1778 2306 1855 2331 non

471 2361 604 2399 habeat
637 2360 713 2398 fine
737 2360 906 2398 doctrina
938 2360 1249 2412 anticipationem
1281 2360 1471 2411 quandam
1504 2359 1707 2397 Deorum?
1738 2371 1855 2411 quam

470 2427 633 2479 appellat
652 2419 828 2476 πρόληψιν
847 2426 1052 2478 Epicurus,
1084 2425 1122 2462 id
1143 2425 1208 2469 est,
1241 2434 1477 2477 anteceptam
1499 2425 1628 2462 animo
1659 2425 1711 2462 rei
1731 2438 1855 2476 quan-

470 2494 556 2530 dam
580 2490 904 2535 informationem,
922 2491 996 2528 sinc
1017 2504 1091 2541 qua
1112 2504 1179 2527 nec
1201 2490 1363 2541 intelligi
1386 2490 1612 2541 quidquam,
1636 2503 1704 2527 nec
1721 2489 1853 2541 quaeri,

472 2571 538 2596 nec
559 2556 737 2609 disputari
760 2556 894 2610 potest.
927 2557 1047 2609 Cujus
1068 2556 1223 2595 rationis
1244 2556 1338 2602 vim,
1360 2565 1473 2609 atquc
1493 2556 1701 2596 utilitatem
1720 2568 1765 2594 ex
1785 2553 1856 2593 ino
