2330 2983
762 263 1359 303 LUCULLUS.
1711 279 1762 319 45

369 357 582 397 continent.
604 353 783 395 Primum
802 357 908 394 enim
929 346 1072 410 negatis
1087 356 1167 394 fieri
1186 355 1299 409 pofl‘e,
1314 365 1357 394 ut
1372 356 1577 409 quisquam
1597 357 1697 396 nulli
1713 358 1766 397 rei

368 424 596 461 assentiatur.
627 425 682 460 At
702 423 740 460 id
757 422 915 474 quidem
934 423 1179 474 perspicuum
1199 422 1251 459 est
1269 437 1278 460 :
1311 437 1403 461 curn
1425 424 1627 468 Panaetius,
1655 425 1766 476 prin-

367 502 455 541 ceps
476 501 607 541 prope,
629 501 716 526 meo
736 488 895 540 quidem
909 487 1072 539 judicio,
1095 488 1327 532 Stoicorum,
1349 502 1392 525 ea
1410 489 1455 526 de
1477 503 1514 526 re
1535 489 1708 528 dubitare
1729 490 1765 528 se

367 554 481 599 dicat,
503 567 621 606 quam
641 567 789 598 omnes,
810 562 944 606 praeter
963 567 1067 598 eum,
1089 554 1206 591 Stoici
1226 553 1471 591 certiffimam
1497 564 1648 606 putant,
1680 569 1766 594 vera

365 619 437 657 effe
460 619 707 672 haruspicum
727 619 903 671 auspicia,
935 619 1099 663 oracula,
1130 618 1290 663 somnia,
1319 619 1622 664 vaticinationes,
1653 620 1766 673 seque

366 686 414 724 ab
435 685 574 723 assensu
594 685 782 723 sustineat.
815 685 932 737 Qod
953 686 984 723 is
1001 685 1125 737 potest
1144 683 1266 722 facere
1286 685 1332 722 de
1353 685 1398 722 iis
1420 685 1546 730 rebus,
1577 700 1669 738 quas
1690 687 1764 731 illi,

366 765 387 789 a
406 752 546 804 quibus
566 750 643 804 ipse
663 751 813 796 didicit,
835 760 953 788 certas
973 749 1177 788 habuerint
1189 769 1201 795 5
1233 764 1302 788 cur
1321 751 1360 788 id
1379 751 1523 803 sapiens
1541 751 1587 789 de
1608 752 1765 803 reliquis

367 817 488 856 facere
508 831 585 855 non
606 817 717 869 poffit
735 817 748 853 ?
778 819 843 855 An
876 817 930 854 est
949 817 1109 868 aliquid,
1142 818 1247 869 quod
1266 817 1434 869 politum
1453 818 1513 855 vel
1533 818 1765 870 improbare,

366 883 427 921 vel
447 883 652 936 approbare
671 882 796 935 poffit,
829 882 997 920 dubitari
1017 896 1094 920 non
1114 881 1253 934 poffit?
1285 896 1330 919 an
1353 891 1394 920 tu
1415 883 1454 920 in
1476 883 1597 920 soritis
1623 885 1764 935 poteris

365 947 456 993 hoc,
487 962 579 986 cum
598 948 700 986 voles
717 967 729 992 ς
761 948 825 985 ille
844 949 884 985 in
905 948 1060 999 reliquis
1082 948 1192 985 rebus
1214 961 1291 985 non
1322 948 1464 1000 poterit
1491 948 1627 986 eodem
1647 949 1767 987 modo

366 1014 542 1059 infistere‚
563 1013 770 1066 praesertim
800 1026 891 1051 curn
912 1013 1022 1065 poffit
1044 1013 1120 1050 fine
1140 1012 1341 1050 affenfione
1361 1013 1481 1065 ipsam
1501 1014 1765 1053 verifimilitu-

366 1079 496 1118 dinem
517 1092 595 1117 non
614 1079 842 1131 impeditam
862 1078 968 1130 sequi
987 1079 1000 1115 ?

420 1145 602 1182 Alterum
622 1143 688 1188 est,
719 1143 824 1196 quod
843 1143 989 1195 negatis
1009 1143 1199 1181 astionem
1219 1143 1336 1181 ullius
1358 1143 1410 1181 rei
1429 1143 1535 1196 posse
1552 1145 1591 1182 in
1614 1158 1660 1182 eo
1679 1144 1766 1190 effe,

365 1210 434 1262 qui
463 1209 612 1247 nullam
643 1223 724 1246 rem
750 1207 891 1246 assensu
921 1208 986 1246 suo
1012 1209 1265 1260 comprobet:
1303 1209 1477 1261 primum
1509 1211 1615 1248 enim
1644 1210 1765 1248 videri

364 1284 529 1328 oportet,
551 1275 591 1312 in
611 1288 689 1327 quo
709 1274 753 1312 fit
772 1274 888 1312 etiam
908 1274 1089 1312 assensus:
1122 1275 1258 1312 dicunt
1277 1275 1382 1312 enim
1403 1275 1535 1319 Stoici,
1556 1275 1680 1313 sensus
1701 1276 1766 1329 ip-

366 1341 422 1380 sos
442 1341 599 1379 affensus
620 1340 691 1378 effe
706 1358 719 1385 ς
751 1354 847 1393 quos
868 1341 1051 1392 quoniam
1073 1341 1258 1392 appetitio
1279 1340 1544 1392 consequatur,
1573 1342 1763 1380 actionem

366 1406 471 1458 sequi
489 1421 498 1444 ε
530 1406 614 1443 tolli
634 1415 762 1443 autem
781 1406 924 1450 omnia,
946 1405 973 1442 fi
992 1405 1068 1442 visa
1087 1406 1283 1443 tollantur.

412 1471 601 1509 XXXIV.
623 1471 710 1508 Hac
730 1470 776 1507 de
791 1483 829 1507 re
848 1470 889 1507 in
910 1479 1112 1521 utramque
1129 1480 1279 1522 partem
1291 1480 1329 1507 et
1345 1470 1444 1508 dieta
1460 1471 1560 1515 sunt,
1574 1481 1611 1509 et
1628 1471 1764 1524 scripta

366 1537 490 1575 multa
501 1555 512 1581 ;
535 1535 596 1573 sed
616 1535 722 1573 brevi
742 1548 797 1573 res
817 1534 939 1587 potest
959 1544 1037 1572 tota
1056 1535 1210 1573 confici.
1244 1536 1330 1587 Ego
1345 1536 1450 1573 enim
1466 1536 1532 1574 etfi
1552 1538 1766 1576 maximam

365 1603 553 1641 actionem
583 1610 692 1654 puto,
727 1613 936 1653 repugnare
969 1600 1068 1645 vifis,
1099 1600 1273 1639 obfistere
1307 1602 1572 1654 opinionibus,
1603 1602 1762 1641 assensus

363 1668 531 1706 lubricos
562 1667 752 1711 sustinere,
787 1666 978 1719 credoque
1012 1665 1260 1705 Clitomacho
1292 1667 1347 1705 ita
1371 1667 1565 1714 scribenti,
1598 1669 1764 1707 Herculi

362 1734 556 1786 quendam
575 1733 745 1771 laborem
765 1732 1009 1771 exanclatum
1029 1746 1050 1770 a
1069 1733 1276 1778 Carneade,
1299 1733 1417 1785 quod,
1436 1743 1479 1772 ut
1498 1733 1618 1772 feram
1631 1744 1668 1772 et
1684 1735 1763 1773 im-

359 1813 518 1839 manem
537 1799 720 1844 belluam,
742 1798 792 1837 fic
809 1812 857 1837 ex
875 1799 1015 1837 animis
1035 1798 1171 1837 nostris
1192 1798 1450 1844 affenfionem‚
1471 1799 1513 1837 id
1536 1800 1602 1845 est,
1624 1801 1761 1853 opina-

362 1867 509 1904 tionem
528 1875 565 1903 et
585 1865 839 1903 temeritatem
857 1864 1071 1902 extraxisset
1087 1882 1099 1909 ;
1132 1873 1274 1909 tamen,
1307 1874 1351 1902 ut
1370 1878 1413 1902 ea
1431 1878 1514 1917 pars
1533 1865 1761 1904 defenfionis

362 1932 612 1983 relinquatur,
629 1930 724 1983 quid
736 1930 920 1983 impediet
941 1930 1129 1967 astionem
1149 1931 1247 1981 ejus,
1262 1931 1329 1982 qui
1345 1931 1557 1983 probabilia
1577 1931 1760 1983 sequitur,

361 1997 468 2035 nulla
485 2010 523 2034 re
543 1995 803 2049 impediente?
832 1996 938 2040 Hoc,
959 1995 1102 2047 inquit,
1124 1995 1251 2047 ipsum
1265 1996 1464 2048 impediet,
1486 1997 1591 2048 quod
1610 1997 1759 2042 statuet,

361 2077 407 2101 ne
426 2063 465 2101 id
487 2062 660 2115 quidem,
693 2062 796 2114 quod
815 2061 966 2114 probet,
998 2061 1100 2114 poffe
1120 2062 1279 2114 percipi.
1323 2061 1411 2113 jam
1431 2062 1530 2100 istud
1551 2072 1586 2101 te
1607 2077 1763 2115 quoque

360 2129 545 2182 impediet
575 2129 616 2166 in
636 2128 864 2180 navigando,
894 2128 934 2165 in
955 2127 1198 2172 conserendo,
1230 2128 1270 2165 in
1303 2141 1419 2166 uxore
1439 2127 1625 2173 ducenda,
1649 2130 1687 2166 in
1710 2130 1761 2167 li-

362 2195 460 2233 beris
481 2194 738 2248 procreandis,
764 2193 1016 2246 plurimisque
1036 2194 1075 2231 in
1096 2193 1220 2238 rebus,
1252 2194 1291 2231 in
1312 2195 1454 2245 quibus
1476 2193 1572 2232 nihil
1591 2195 1764 2246 sequere,

360 2270 493 2312 praeter
511 2260 722 2313 probabile.

417 2327 470 2364 Et
502 2337 631 2364 tamen
661 2325 758 2363 illud
778 2325 958 2363 ufitaturn
991 2335 1029 2363 et
1060 2325 1153 2378 saepe
1175 2324 1417 2378 repudiatum
1448 2325 1575 2370 refers,
1607 2340 1684 2364 non
1717 2336 1762 2364 ut

360 2392 576 2444 Antipater,
607 2391 681 2436 sed,
713 2401 756 2429 ut
775 2392 842 2436 ais,
864 2391 1036 2444 preffius.
1066 2392 1173 2430 Nam
1193 2393 1444 2443 Antipatrum
1473 2391 1762 2443 reprehensum,

360 2456 466 2508 quod
487 2456 642 2502 diceret,
679 2457 975 2495 consentaneum
1010 2456 1080 2495 effe
1109 2457 1157 2501 ei,
1189 2458 1257 2509 qui
1283 2457 1498 2500 affirmaret,
1531 2455 1629 2494 nihil
1658 2457 1759 2509 poss‘e

362 2521 653 2574 comprehendi,
687 2522 727 2560 id
747 2522 873 2576 ipsum
893 2522 1026 2560 saltem
1046 2523 1170 2561 dicere
1190 2521 1290 2574 poffe
1317 2521 1594 2574 comprehendi
1611 2540 1622 2566 ς
1655 2524 1763 2574 quod

362 2587 430 2642 ipfi
450 2587 648 2628 Antiocho
667 2588 811 2643 pingue
831 2588 1042 2635 videbatur,
1073 2598 1111 2627 et
1142 2588 1211 2627 fibi
1231 2589 1479 2641 contrarium.
1526 2588 1622 2627 Non
1653 2588 1760 2626 enim
