2330 2983
592 238 865 277 LxssER
922 236 1415 276 SECUNDUS.
1619 239 1700 293 485

324 339 388 383 est,
411 339 478 390 qui
499 338 573 376 illis
594 339 652 376 uti
671 338 819 391 possunt
834 357 845 384 3
877 339 926 377 fic
945 352 1000 383 ea,
1021 352 1105 390 quae
1123 338 1307 383 diximus,
1337 338 1385 377 iis
1403 337 1491 377 solis
1510 338 1703 378 confiten-

324 405 419 442 dum
439 403 491 442 est
509 403 578 441 effe
597 413 734 456 parata,
748 405 815 455 qui
832 413 1003 441 utuntur.
1025 404 1126 448 Nec,
1147 403 1173 441 fi
1193 417 1276 455 quae
1295 403 1418 442 bessiae
1437 402 1612 443 furantur
1627 405 1700 443 ali-

324 469 417 520 quid
437 481 483 506 ex
501 467 574 512 his,
597 477 660 505 aut
681 468 843 520 rapiunt,
864 467 1015 505 illarum
1037 481 1191 520 quoque
1206 468 1314 505 causa
1332 482 1373 505 ea
1393 478 1478 506 nata
1495 468 1566 507 effe
1593 469 1700 508 dice-

325 546 426 571 mus.
467 532 607 584 Neque
626 533 729 570 enim
748 531 924 570 homines
944 534 1115 570 murium
1135 541 1199 569 aut
1218 531 1467 571 formicarum
1492 534 1599 572 causa
1617 534 1701 573 fru-

325 607 502 636 mentum
522 597 706 641 condunt‚
739 597 799 634 sed
829 597 1054 648 conjugum,
1082 606 1119 634 et
1145 596 1368 641 liberorum,
1401 606 1439 635 et
1469 597 1703 637 familiarum

325 663 488 701 suarum.
520 663 652 714 Itaque
669 662 792 700 bestiae
812 661 962 707 furtim,
985 671 1028 700 ut
1053 662 1146 707 dixi,
1176 661 1380 707 fruuntur3
1411 662 1558 700 domini
1577 664 1703 716 palam

323 737 360 766 et
391 728 518 766 libere.
569 729 791 765 Hominum
811 729 928 780 igitur
947 727 1053 765 causa
1081 741 1140 766 eas
1166 741 1293 766 rerum
1323 729 1450 781 copias
1470 739 1702 782 comparatas

323 792 522 831 fatendum
542 792 607 830 est.
649 792 733 830 Nifi
754 791 850 829 forte
870 802 972 830 tanta
991 792 1138 830 ubertas
1158 802 1195 830 et
1211 793 1364 830 varietas
1385 806 1604 845 pomorum,
1636 808 1703 831 eo-

326 871 489 909 rumque
503 857 696 909 jucundus
717 871 792 895 non
809 858 976 909 gustatus
997 858 1131 903 solum,
1157 858 1216 895 sed
1235 858 1411 896 odoratus
1427 859 1557 903 etiam,
1590 868 1628 896 et
1647 859 1704 897 as-

326 925 455 976 pestus
471 923 749 960 dubitationem
765 923 885 967 affert,
914 923 1008 975 quin
1027 922 1249 961 hominibus
1277 923 1363 962 solis
1379 937 1420 961 ea
1439 933 1570 962 natura
1584 924 1704 962 dona-

326 989 434 1026 verit.
457 990 708 1039 Tantumque
723 988 835 1032 abest,
855 997 896 1025 ut
912 987 992 1026 haec
1012 988 1213 1026 bestiarum
1228 989 1343 1026 etiam
1358 989 1466 1026 causa
1479 998 1604 1041 parata
1619 989 1704 1035 first,

326 1062 370 1090 ut
399 1051 493 1104 ipsas
514 1052 645 1090 bestias
676 1051 881 1090 hominum
902 1054 1019 1105 gratia
1047 1062 1237 1105 generatas
1257 1053 1327 1091 effe
1346 1053 1552 1091 videamus.
1598 1054 1707 1106 Qid

326 1117 431 1156 enim
451 1130 536 1155 oves
558 1118 660 1154 aliud
680 1116 855 1161 afferunt,
870 1118 937 1154 nifi
960 1127 1000 1155 ut
1019 1131 1148 1155 earum
1164 1118 1263 1155 villis
1279 1118 1461 1156 confestis
1477 1127 1591 1170 atque
1610 1132 1706 1157 con-

326 1183 439 1221 textis
458 1181 634 1220 homines
655 1182 887 1220 vestiantur?
919 1183 1017 1234 Qae
1046 1182 1203 1234 quidem
1224 1196 1346 1235 neque
1375 1183 1438 1227 ali,
1474 1196 1597 1235 neque
1627 1183 1707 1221 sus·-

327 1247 476 1292 tentari‚
497 1260 620 1298 neque
640 1247 765 1284 ullum
785 1245 954 1284 frustum
974 1247 1080 1284 edere
1099 1260 1145 1284 ex
1165 1247 1200 1284 se
1220 1248 1294 1284 sine
1313 1247 1422 1285 cultu
1441 1246 1648 1285 hominum
1669 1257 1708 1286 et

328 1314 521 1351 curatione
551 1311 768 1364 potuifi‘ent.
821 1313 973 1350 Canum
1002 1325 1090 1350 vero
1121 1322 1199 1350 tam
1230 1312 1305 1350 fida
1336 1312 1516 1356 custodia,
1553 1322 1708 1365 tamque

328 1392 457 1417 amans
487 1378 733 1416 dominorum
763 1378 940 1422 adulatio,
974 1387 1201 1430 tantumque
1231 1379 1364 1416 odium
1390 1379 1429 1416 in
1449 1387 1637 1424 externos,
1669 1388 1708 1417 et

328 1454 406 1483 tam
425 1443 657 1482 incredibilis
677 1443 722 1481 ad
736 1443 1036 1495 investigandum
1052 1445 1226 1496 sagacitas
1243 1445 1406 1488 narium,
1420 1454 1523 1482 tanta
1538 1444 1706 1482 alacritas

328 1511 368 1549 in
387 1510 570 1555 venando,
592 1509 684 1561 quid
704 1509 888 1562 fignificat
907 1510 1023 1555 aliud,
1055 1509 1122 1547 nifi
1143 1509 1177 1547 se
1196 1509 1240 1547 ad
1260 1508 1466 1548 hominum
1486 1510 1705 1548 commodi-

329 1586 422 1615 tates
442 1575 511 1613 esse
529 1583 722 1627 generatos
739 1575 753 1610 ?

384 1640 538 1692 Qibus
558 1639 604 1676 de
623 1638 745 1677 bobus
760 1638 920 1691 loquar?
941 1653 1107 1692 quorum
1121 1639 1199 1693 ipsa
1216 1649 1318 1693 terga
1332 1639 1520 1678 declarant
1540 1654 1617 1678 non
1637 1640 1708 1679 effe

329 1706 364 1744 se
383 1706 429 1744 ad
443 1718 537 1744 onus
558 1704 820 1757 accipiendum
840 1705 997 1757 figurata
1009 1723 1020 1749 ς
1043 1706 1205 1742 cervices
1224 1715 1351 1742 autem
1371 1715 1464 1743 natae
1484 1705 1528 1742 ad
1537 1706 1679 1756 jugum
1691 1723 1704 1750 ⁵

328 1780 415 1810 tum
428 1771 528 1810 vires
544 1769 794 1809 humerorum
809 1779 846 1808 et
865 1770 1082 1807 latitudines
1099 1769 1143 1807 ad
1163 1778 1260 1807 arata
1274 1769 1503 1807 extrahenda
1519 1784 1528 1806 :
1550 1770 1706 1821 quibus,

329 1850 420 1875 cum
440 1846 544 1875 terrae
574 1836 834 1887 subigerentur
862 1834 1005 1872 fiffione
1025 1834 1236 1886 glebarum,
1268 1834 1314 1872 ab
1339 1834 1408 1873 illo
1427 1847 1538 1872 aureo
1556 1847 1705 1887 genere,

330 1911 373 1940 ut
392 1911 511 1954 poetae
531 1902 754 1953 loquuntur,
771 1901 827 1938 vis
847 1901 952 1939 nulla
972 1913 1140 1952 unquam
1161 1899 1396 1939 afferebatur.

463 1969 603 2006 Ferrea
622 1975 697 2004 tum
716 1981 801 2004 vero
811 1967 929 2018 proles
947 1975 1071 2004 exorta
1088 1974 1229 2018 rtpente
1243 1965 1300 2018 est,

463 2030 815 2086 Azgfizquesumssum
826 2031 950 2084 prima
968 2030 1244 2083 estfabricarier
1262 2032 1382 2084 etfi’m,

466 2099 519 2136 Et
533 2096 677 2149 gustare
695 2111 800 2135 manu
819 2097 953 2135 viilum
972 2096 1202 2149 domitumque
1208 2096 1416 2147 juvencum.

332 2165 457 2202 Tanta
486 2163 687 2215 putabatur
707 2162 848 2200 utilitas
874 2162 1016 2215 percipi
1043 2175 1088 2200 ex
1123 2162 1259 2208 bobus,
1290 2172 1332 2201 ut
1351 2176 1484 2202 eorum
1503 2162 1706 2202 visceribus

334 2227 430 2266 vesci
449 2227 566 2265 scelus
586 2225 799 2265 haberetur.

388 2293 535 2331 LXIV.
558 2293 738 2345 Longum
758 2292 809 2330 est
829 2292 1023 2330 mulorum
1039 2292 1208 2346 persequi
1225 2294 1419 2338 utilitates,
1441 2303 1477 2331 ct
1496 2293 1682 2331 asinorum
1690 2311 1703 2338 3

336 2372 418 2410 quae
438 2367 538 2395 certe
557 2358 602 2395 ad
621 2357 825 2396 hominum
854 2357 963 2396 usum
980 2367 1113 2411 paratae
1132 2358 1231 2398 sunt.
1274 2361 1341 2397 Sus
1361 2372 1447 2396 vero
1467 2358 1559 2410 quid
1577 2356 1704 2402 habet,

335 2433 467 2476 praeter
486 2422 605 2461 escam
625 2423 637 2459 ?
668 2423 730 2460 cui
750 2424 921 2476 quidem,
956 2437 1002 2461 ne
1032 2424 1272 2476 putresceret,
1305 2424 1471 2461 animam
1491 2421 1608 2476 ipsam
1638 2436 1707 2475 pro

336 2490 406 2527 sale
427 2489 552 2527 datam
572 2489 665 2527 dicit
684 2489 754 2527 effe
775 2489 1006 2542 Chrysippus
1025 2504 1034 2528 ε
1066 2503 1140 2542 qua
1159 2490 1316 2542 pecude,
1341 2489 1444 2541 quod
1464 2498 1540 2526 erat
1559 2489 1604 2527 ad
1625 2488 1705 2526 ves-

336 2555 500 2593 cendum
525 2553 748 2596 hominibus
768 2563 865 2608 apta,
897 2554 994 2594 nihil
1016 2555 1147 2608 genuit
1177 2564 1309 2593 natura
1327 2553 1555 2594 foecundius.
1601 2553 1707 2604 Qid
