2330 2983
621 277 895 317 LIBER
951 276 1445 316 SECUNDUS.
1650 292 1730 334 445

352 375 476 414 omnis
496 374 628 420 oritur,
654 375 686 413 is
701 384 829 413 autem
848 374 956 412 ardor
976 388 1052 413 non
1072 374 1195 413 alieno
1214 374 1397 426 impulsu,
1421 374 1482 413 sed
1503 374 1566 413 sua
1584 374 1730 429 sponte,

352 449 553 484 movetur;
584 440 733 478 animus
753 439 796 477 fit
825 439 965 477 neceffe
983 439 1048 477 est.
1093 439 1156 477 Ex
1181 453 1259 491 quo
1288 439 1466 485 efficitur,
1496 441 1733 481 animantem·

352 505 422 543 effe
441 504 645 543 mundum.

405 571 536 621 Atque
556 582 603 606 ex
621 568 697 606 hoc
717 580 870 620 quoque
890 568 1054 620 intelligi
1074 568 1227 620 poterit,
1255 567 1295 605 in
1315 580 1359 606 eo
1381 568 1492 607 ineffe
1511 570 1732 624 intelligen-

351 633 460 677 tiam,
480 633 585 685 quod
603 642 703 670 certe
721 632 773 670 est
791 632 958 670 mundus
976 632 1114 670 melior
1133 645 1249 683 quam
1270 632 1348 669 ulla
1374 642 1516 672 natura.
1553 636 1609 673 Ut
1628 637 1734 675 enim

352 697 457 735 nulla
475 711 557 750 pars
577 697 743 750 corporis
770 696 885 735 nostri
904 697 969 742 est,
1000 710 1084 748 quae
1104 710 1182 734 non
1212 696 1256 734 s1t
1274 697 1401 735 minor
1420 711 1537 750 quarn
1564 699 1733 738 nosmet-

351 762 418 814 ipfi
440 761 593 807 sumus;
621 763 669 800 fic
690 762 883 800 mundum
903 761 1120 799 universum
1139 762 1258 814 pluris
1278 761 1347 799 effe
1367 763 1508 801 neceffe
1527 764 1593 809 est,
1614 778 1733 817 quam

353 836 500 879 partem
533 828 700 879 aliquam
730 827 903 865 universi.
955 826 1074 877 Qod
1093 827 1119 865 fi
1149 827 1202 864 ita
1230 827 1294 872 est,
1325 827 1468 880 sapiens
1491 829 1536 867 fit
1564 830 1732 869 mundus

354 893 495 930 necefl‘e
514 893 566 931 est
585 907 593 931 ε
616 906 704 930 nam
722 893 761 930 ni
781 892 833 930 ita
851 891 951 938 effet‚
972 891 1187 937 hominem,
1209 893 1276 944 qui
1294 893 1345 930 est
1360 895 1496 932 mundi
1516 908 1614 947 pars,
1633 910 1732 948 quo-

354 958 460 995 niam
478 958 634 996 rationis
659 957 712 996 est
740 957 941 1010 particeps,
971 957 1091 1010 pluris
1122 957 1192 995 effe
1218 971 1335 1009 quam
1358 960 1551 998 mundum
1577 975 1734 1001 ornnem

353 1032 555 1075 oporteret.

407 1089 538 1140 Atque
557 1088 673 1126 etiam
699 1088 725 1126 fi
745 1101 765 1126 a
783 1087 1210 1140 primis'inchoatisque
1235 1089 1378 1127 naturis
1399 1089 1445 1127 ad
1463 1090 1616 1129 ultimas
1645 1104 1734 1144 per-

352 1151 540 1204 fectasque
559 1153 738 1191 volumus
771 1152 985 1205 procedere,
1015 1153 1062 1190 ad
1083 1153 1258 1191 Deorum
1278 1162 1451 1192 naturam
1471 1157 1735 1207 perveniamus

352 1217 494 1256 neceffe
514 1218 579 1256 est.
622 1219 754 1256 Primo
785 1219 892 1256 enim
912 1217 1263 1262 animadvertimus,
1291 1232 1311 1256 a
1330 1228 1461 1258 natura
1480 1219 1649 1259 sustineri
1678 1235 1734 1267 ea,

353 1295 438 1335 quae
457 1283 667 1336 gignuntur
685 1297 706 1321 e
725 1293 834 1328 terra,
851 1283 992 1335 quibus
1006 1292 1139 1321 natura
1157 1282 1256 1321 nihil
1276 1284 1412 1322 tribuit
1426 1285 1605 1337 ampliuS,
1619 1299 1736 1337 quam

354 1358 398 1386 ut
427 1362 470 1386 ea
498 1349 632 1387 alendo
652 1359 765 1401 atque
784 1349 956 1402 augendo
976 1358 1155 1388 tueretur.
1199 1350 1330 1388 Bestiis
1357 1360 1484 1387 autem
1504 1350 1666 1396 sensum,
1698 1361 1738 1391 et

355 1422 508 1451 motum
527 1414 644 1458 dedit,
662 1423 700 1451 et
718 1427 809 1452 cum
829 1414 998 1466 quodam
1013 1415 1183 1466 appetitu
1200 1414 1386 1452 acceffum
1406 1414 1451 1452 ad
1471 1427 1527 1452 res
1547 1415 1735 1462 salutares,

357 1491 377 1515 a
394 1477 577 1531 pestiferis
605 1479 786 1517 receffum
805 1494 813 1517 :
845 1479 919 1517 hoc
952 1479 1105 1517 homini
1124 1480 1303 1532 amplius,
1331 1479 1436 1530 quod
1455 1480 1599 1518 addidit
1618 1483 1734 1520 ratio-

358 1556 460 1589 nem,
479 1558 552 1596 qua
571 1554 785 1596 regerentur
799 1545 917 1583 animi
932 1545 1134 1599 appetitus,
1152 1545 1220 1594 qui
1235 1554 1320 1582 tum
1336 1538 1630 1591 remitterentur,
1650 1556 1736 1586 tum

355 1610 653 1647 continerentur.

396 1673 510 1710 XIII.
531 1672 700 1722 Qartus
716 1679 844 1709 autem
862 1670 913 1708 est
927 1670 1063 1723 gradus
1082 1680 1120 1709 et
1138 1671 1336 1711 altiffimus
1356 1686 1503 1720 eorum,
1520 1677 1587 1727 qui
1603 1678 1736 1715 natura

355 1738 446 1776 boni
466 1736 720 1789 sapientesque
739 1737 949 1790 gignuntur
964 1755 975 1781 ;
1009 1737 1150 1788 quibus
1170 1750 1190 1774 a
1207 1738 1398 1790 principio
1417 1739 1624 1778 innascitur
1640 1743 1736 1780 ratio

354 1804 452 1841 recta
471 1802 728 1854 constansque,
752 1816 836 1854 quae
855 1801 964 1854 supra
982 1800 1182 1839 hominem
1201 1802 1368 1854 putanda
1385 1803 1450 1847 est,
1482 1805 1644 1857 Deoque
1663 1807 1736 1844 tri-

355 1867 518 1911 buenda,
539 1867 578 1904 id
597 1867 662 1911 est,
680 1866 826 1904 mundo
842 1885 853 1911 3
885 1867 925 1903 in
943 1879 1021 1918 quo
1039 1865 1181 1903 necesse
1200 1865 1251 1903 est
1270 1865 1474 1918 perfectam
1495 1868 1602 1906 illam
1621 1879 1736 1922 atque

356 1932 565 1970 absolutam
586 1931 698 1969 inesse
718 1932 915 1970 rationem.
957 1931 1099 1984 Neque
1117 1931 1219 1968 enim
1240 1931 1317 1969 dici
1346 1933 1479 1983 potest,
1510 1933 1549 1970 in
1570 1934 1646 1972 ulla
1674 1949 1734 1973 re-

356 2010 442 2035 rum
463 1997 699 2035 institutione
719 2011 794 2035 non
814 1996 883 2035 effe
903 1997 1046 2049 aliquid
1061 2005 1275 2034 extremum
1295 2006 1409 2049 atque
1423 1997 1649 2050 perfectum.
1678 2002 1736 2039 Ut

356 2062 460 2100 enim
479 2063 519 2100 in
538 2062 628 2106 vite,
649 2071 692 2099 ut
711 2062 750 2100 in
771 2062 915 2114 pecude
937 2062 1023 2113 (nifi
1044 2076 1128 2114 quae
1147 2062 1203 2100 vis
1223 2062 1386 2115 obstitit)
1417 2064 1590 2102 videmus
1622 2075 1733 2103 natu-

357 2141 437 2166 ram
455 2128 520 2166 suo
539 2128 705 2180 quodam
725 2128 858 2166 itinere
877 2128 923 2165 ad
942 2128 1127 2166 ultimum
1147 2129 1340 2180 pervenire
1355 2147 1367 2174 3
1398 2138 1511 2182 atque
1532 2140 1574 2167 ut
1589 2131 1735 2182 pictura

356 2202 394 2230 et
424 2192 578 2236 fabrica,
609 2203 824 2245 caeteraeque
854 2202 947 2231 artes
978 2193 1119 2231 habent
1138 2193 1328 2245 quendam
1347 2194 1508 2232 absoluti
1533 2197 1655 2247 operis
1675 2196 1733 2233 ef-

359 2255 528 2301 fectuum
560 2257 608 2294 fic
628 2258 668 2294 in
688 2258 795 2295 omni
827 2267 970 2302 natura,
1005 2272 1046 2296 ac
1066 2259 1191 2297 multo
1210 2259 1325 2298 etiam
1356 2261 1490 2313 magis,
1523 2261 1662 2298 neceffe
1682 2261 1734 2298 est

359 2322 500 2359 absolvi
519 2322 663 2374 aliquid
682 2336 724 2360 ac
744 2323 886 2375 perfici.
919 2323 1076 2362 Etenim
1095 2326 1236 2363 caeteris
1257 2327 1398 2363 naturis
1418 2326 1539 2363 multa
1566 2336 1731 2371 externa,

359 2400 438 2439 quo
458 2387 585 2425 minus
605 2387 860 2439 perficiantur,
891 2389 1040 2441 poffunt
1059 2389 1229 2428 obfistere
1247 2405 1256 2428 :
1289 2391 1494 2429 universam
1515 2400 1642 2428 autem
1663 2405 1731 2428 na-

361 2461 485 2490 turam
506 2452 611 2489 nulla
630 2465 685 2490 res
715 2453 834 2505 potest
853 2454 1036 2507 impedire
1052 2473 1063 2500 ς
1095 2465 1287 2508 propterea
1305 2456 1407 2507 quod
1432 2469 1563 2492 omnes
1584 2465 1733 2494 naturas

359 2516 437 2569 ipsa
457 2516 611 2555 cohibet
632 2526 669 2554 et
688 2519 871 2557 continet.
896 2520 1087 2570 roirca
1107 2521 1245 2558 necesse
1263 2521 1313 2558 est
1332 2520 1401 2557 effe
1421 2530 1597 2571 quartum
1619 2521 1732 2560 illum

361 2593 399 2622 et
417 2583 637 2623 altiffimum
658 2583 831 2636 gradum,
851 2598 928 2638 quo
948 2586 1052 2624 nulla
1069 2586 1124 2624 vis
1143 2586 1252 2638 poffit
1271 2585 1455 2624 accedere.
