2330 2983
639 259 911 298 LIBER
968 257 1463 296 SECUNDUS.
1670 255 1747 306 285

504 362 638 399 Arcere
655 373 780 412 nequeo
795 359 910 397 diram
928 359 1103 397 volucrem
1121 373 1145 397 a
1157 360 1310 411 peblore.

500 426 560 463 Sic
575 439 628 463 me
645 425 713 476 ipſs’
728 423 856 462 viduus
867 423 974 476 pestes
993 424 1122 475 excipio
1146 425 1286 467 anxias,

498 492 633 528 Amore
650 489 774 527 mortis·
792 489 979 527 terminum
996 488 1186 540 anquirens
1203 488 1300 525 mali.

499 553 570 592 Sed
583 555 681 606 longe
699 567 721 591 a
739 554 806 592 leto
824 553 962 591 numine
980 552 1124 605 cypellor
1142 552 1268 605 Jovis.

498 621 624 672 Atque
642 619 718 657 haec
736 619 873 671 vetusta
879 619 984 671 stclis
997 619 1195 670 glomerata
1214 616 1380 661 horridis,

498 685 678 737 LuZfifim
697 684 807 723 clades
825 684 936 737 nqstro
955 684 1064 736 irfixa
1083 683 1126 737 est
1145 683 1286 736 corpori
1292 701 1306 728 3

497 752 534 790 E
552 765 617 805 quo
635 751 782 804 liquatae
787 751 874 803 solis
891 750 1018 789 ardore
1036 749 1201 789 excidunt

500 818 643 861 Guttae,
675 831 754 869 quae
768 819 865 869 fiexa
885 815 1010 867 affl'due
1025 815 1194 869 instillant
1215 814 1377 865 Caucasi.

418 883 490 921 XI.
522 882 601 921 Vix
620 883 738 934 igitur
769 881 869 934 poss'e
888 881 1063 920 videmur
1091 882 1144 919 ita
1168 880 1348 919 affectum
1379 891 1457 917 non
1485 877 1667 917 miserum
1687 878 1751 916 di-

362 961 472 986 cere:
503 956 555 993 et,
587 948 614 986 fi
633 946 738 985 hunc
758 946 955 992 miserum,
982 956 1082 985 certe
1111 946 1282 985 dolorem
1311 945 1473 983 malum.
1520 946 1750 984 Auum-01³.

363 1015 430 1052 Tu
450 1013 608 1065 quidem
627 1011 752 1050 adhuc
772 1025 899 1050 meam
918 1012 1068 1050 causam
1087 1012 1181 1064 agis.
1212 1011 1283 1050 Sed
1301 1010 1376 1049 hoc
1397 1023 1490 1048 mox
1508 1010 1649 1048 videro.
1681 1011 1748 1048 In-

362 1087 463 1116 terea
481 1078 582 1116 unde
601 1077 660 1116 isti
690 1077 844 1116 versus?
874 1077 970 1116 Non
999 1078 1104 1115 enim
1129 1076 1304 1129 agnosco.
1363 1076 1576 1114 MARCUS.
1607 1075 1751 1113 Dicam

361 1143 514 1189 hercle;
551 1144 695 1182 etenim
714 1145 811 1181 reete
830 1143 1005 1196 requiris,
1042 1142 1207 1181 Videsne
1225 1141 1415 1180 abundare
1434 1154 1498 1180 me
1517 1141 1597 1180 otio
1614 1141 1627 1178 ?
1658 1142 1749 1179 Au-

363 1222 524 1248 mToR.
548 1209 657 1261 Qid
675 1218 760 1247 tum
779 1209 792 1245 ?
823 1209 1036 1248 MARCUS.
1060 1208 1181 1247 Fuisti
1200 1207 1308 1261 saepe,
1325 1208 1454 1252 credo,
1473 1221 1565 1245 cum
1584 1205 1752 1245 Athenis

361 1275 464 1322 effes,
485 1276 526 1314 in
553 1274 692 1314 scholis
725 1274 1058 1328 philosophorum.
1122 1276 1349 1314 Aum‘roR.
1380 1274 1496 1317 Vero,
1517 1286 1559 1311 ac
1588 1273 1751 1311 libenter

361 1341 535 1394 quidem.
591 1341 804 1380 MARCUS.
836 1341 1175 1380 Animadvertebas
1195 1341 1328 1393 igitur,
1349 1339 1414 1377 ets1
1435 1348 1522 1378 tum
1542 1351 1657 1377 nemo
1673 1347 1752 1376 erat

362 1406 574 1444 admodum
592 1406 781 1458 copiosus,
801 1415 1051 1444 veruntamen
1069 1405 1193 1444 versus
1213 1405 1261 1443 ab
1279 1404 1340 1442 his
1360 1403 1558 1442 admisceri
1572 1403 1750 1443 orationi.

363 1473 591 1509 AumToR.
624 1471 683 1508 Ac
714 1470 858 1508 multos
879 1470 1036 1522 quidem
1066 1483 1087 1507 a
1117 1469 1303 1520 Dionyfio
1329 1469 1470 1507 Stoico.
1535 1468 1750 1507 MARcus.

366 1536 491 1574 Probe
509 1536 620 1574 dicis.
664 1535 734 1573 Sed
754 1536 785 1573 is
807 1536 908 1587 quasi
926 1535 1076 1579 dietata,
1108 1535 1216 1572 nullo
1235 1534 1398 1578 delestu,
1421 1533 1527 1571 nulla
1550 1533 1752 1585 elegantia.

364 1601 480 1641 Philo
513 1602 636 1640 noster
665 1610 702 1638 et
731 1601 933 1653 proprium
951 1614 1173 1646 numerum,
1203 1609 1241 1638 et
1266 1601 1361 1638 ledta
1379 1608 1565 1653 poemata,
1597 1608 1635 1637 et
1665 1599 1753 1638 loco

364 1667 605 1720 adjungebat.
649 1667 783 1719 Itaque
801 1667 1002 1719 postquam
1021 1667 1191 1705 adamavi
1207 1665 1306 1723 lianc
1326 1665 1427 1718 quafi
1447 1665 1603 1703 senilem
1623 1665 1750 1703 decla-

363 1733 588 1778 mationem,
608 1731 768 1771 studiose
787 1733 968 1786 equidem
998 1742 1086 1771 utor
1105 1732 1238 1771 nostris
1258 1732 1392 1784 poetis.
1438 1731 1522 1776 Sed,
1555 1731 1673 1769 ficubi
1692 1731 1751 1768 illi

363 1798 598 1844 defecerunt,
620 1799 715 1837 verti
735 1799 812 1852 ipse
831 1799 955 1837 multa
973 1799 1019 1837 de
1036 1799 1194 1843 Graecis,
1211 1811 1258 1836 ne
1277 1811 1354 1850 quo
1373 1806 1595 1835 ornamento
1615 1797 1656 1835 in
1674 1795 1750 1834 hoc

364 1879 499 1918 genere
519 1865 782 1917 disputationis
802 1874 942 1902 careret
961 1865 1098 1902 Latina
1117 1864 1250 1903 oratio.

421 1930 493 1968 Sed
523 1930 687 1974 videsne,
717 1940 836 1982 poetae
867 1930 961 1982 quid
988 1930 1079 1968 mali
1113 1929 1269 1967 afferant
1289 1929 1302 1965 ?
1333 1930 1601 1967 Lamentantes
1635 1928 1749 1966 indu-

365 2004 459 2034 cunt
478 1994 699 2034 fortiffimos
719 1996 817 2033 viros
834 2014 845 2040 ς
877 1994 1061 2033 molliunt
1080 1995 1227 2033 animos
1248 1994 1389 2032 nostros
1408 2009 1417 2032 :
1440 1995 1492 2032 ita
1511 1993 1595 2032 sunt
1615 1994 1752 2032 deinde

365 2061 509 2106 dulces,
539 2071 582 2099 ut
616 2075 693 2100 non
723 2061 898 2113 legantur
931 2061 1062 2106 modo,
1094 2061 1155 2099 sed
1188 2062 1302 2099 etiam
1333 2060 1556 2098 ediscantur.
1617 2061 1676 2098 Sic
1706 2060 1753 2098 ad

365 2127 507 2166 malam
527 2127 774 2165 domesticam
793 2127 1035 2180 disciplinam
1054 2127 1250 2179 vitamque
1280 2127 1527 2165 umbratilem
1553 2135 1589 2164 et
1609 2126 1751 2164 delica-

367 2202 446 2231 tam
466 2206 559 2230 cum
579 2192 808 2231 accefferunt
828 2193 945 2230 etiam
965 2202 1097 2245 poetae,
1115 2206 1247 2231 nervos
1267 2205 1400 2230 omnes
1416 2192 1567 2230 virtutis
1587 2192 1748 2229 elidunt.

367 2259 487 2296 Reete
515 2258 633 2310 igitur
663 2271 683 2294 a
703 2257 860 2295 Platone
889 2257 1105 2295 educuntur
1137 2271 1183 2296 ex
1215 2271 1257 2295 ea
1286 2257 1452 2302 civitate,
1487 2271 1603 2309 quam
1638 2256 1751 2294 finxit

367 2322 446 2367 ille,
476 2335 568 2360 curn
591 2335 713 2360 mores
733 2322 901 2374 optimos
932 2331 970 2360 et
996 2322 1191 2375 optimum
1211 2322 1428 2375 reipublicae
1447 2322 1584 2359 statum
1613 2321 1750 2373 exqui-

368 2396 478 2426 reret.
542 2389 596 2426 At
628 2401 717 2426 vero
747 2401 830 2434 nos,
861 2389 961 2426 docti
985 2389 1130 2427 scilicet
1150 2402 1170 2426 a
1190 2389 1352 2433 Graecia,
1378 2387 1458 2426 haec
1486 2397 1523 2425 et
1554 2401 1573 2424 a
1592 2387 1755 2438 pueritia

367 2454 546 2506 legimus,
566 2463 605 2493 et
624 2453 829 2502 discimus3
859 2453 959 2494 hanc
978 2455 1232 2494 eruditionem
1258 2454 1454 2493 liberalem
1483 2461 1521 2490 et
1540 2453 1751 2491 doctrinam

366 2528 562 2573 putamus.
