2330 2983
881 191 1105 245 [233]

421 432 1579 498 TUSCULANARUM

517 656 1468 741 QUAESTIONUM

495 891 867 930 LIBER
972 893 1472 934 PRIMUS.

606 1085 672 1111 DE
717 1085 1129 1112 CONTEMNENDA
1177 1087 1372 1113 MORTE.

294 1211 326 1249 Ι·
345 1198 580 1338 CUM
610 1197 873 1238 defensionum
903 1200 1112 1244 laboribus,
1143 1199 1412 1253 senatoriisque
1444 1201 1682 1246 muneribus,

500 1273 564 1302 aut
602 1265 777 1310 omnino,
818 1274 883 1303 aut
918 1278 1056 1318 magna
1093 1279 1139 1303 ex
1177 1276 1295 1318 parte,
1335 1265 1449 1304 effem
1481 1267 1686 1318 aliquando

497 1331 710 1376 liberatus;
742 1331 855 1368 retuli
888 1344 963 1375 me,
999 1332 1128 1376 Brute,
1159 1340 1196 1369 te
1213 1331 1402 1370 hortante
1420 1333 1603 1377 maxime,
1639 1332 1685 1370 ad

292 1411 334 1436 ea
370 1397 502 1442 studia,
538 1409 622 1448 quae
656 1404 801 1434 retenta
827 1397 970 1440 animo,
1003 1396 1150 1434 remissa
1181 1397 1432 1450 temporibus,
1469 1398 1588 1450 longo
1620 1398 1683 1435 in-

293 1464 449 1503 tervallo
469 1461 677 1501 intermissa
711 1463 905 1501 revocavi:
937 1472 974 1500 et
1009 1475 1100 1500 cum
1121 1463 1300 1501 omnium
1331 1464 1487 1508 artium,
1523 1477 1607 1515 quae
1638 1463 1684 1502 ad

291 1531 431 1568 rectam
450 1528 603 1566 vivendi
624 1528 725 1565 viam
758 1528 1004 1580 pertinerent,
1040 1528 1135 1566 ratio
1154 1538 1192 1566 et
1211 1528 1410 1581 disciplina
1441 1529 1564 1567 studio
1585 1529 1682 1582 sapi-

290 1596 415 1640 entise,
437 1609 522 1647 quae
551 1593 795 1647 philosophia
815 1594 968 1639 dicitur,
995 1595 1280 1639 contineretur;
1318 1594 1394 1633 hoc
1414 1594 1515 1633 mihi
1535 1596 1682 1634 Latinis

290 1661 408 1699 literis
427 1659 694 1699 illustrandum
714 1660 859 1713 putavi.
884 1660 979 1699 Non
1000 1661 1090 1713 quia
1109 1659 1353 1713 philosophia
1373 1661 1518 1699 Graecis
1539 1671 1576 1699 et
1593 1662 1681 1699 lite-

289 1727 339 1765 ris
359 1737 396 1765 et
417 1726 635 1765 doctoribus
655 1727 802 1780 percipi
823 1741 899 1765 non
919 1726 1036 1780 poffet
1051 1745 1062 1771 ;
1095 1727 1156 1764 sed
1175 1740 1307 1765 meum
1327 1727 1473 1779 semper
1486 1728 1682 1778 judicium

289 1792 377 1837 fuit,
399 1792 529 1830 omnia
548 1792 691 1830 nostros
711 1801 775 1829 aut
795 1791 974 1830 inveniss'e
995 1806 1061 1844 per
1080 1792 1115 1829 se
1134 1792 1337 1844 sapientius
1357 1805 1474 1844 quam
1496 1793 1651 1831 Graecos
1667 1811 1679 1837 ;

289 1867 352 1894 aut
369 1865 521 1909 accepta
540 1857 586 1894 ab
606 1857 682 1894 illis
703 1855 828 1894 feciffe
846 1856 1019 1901 meliora,
1042 1871 1127 1909 qua:
1147 1857 1305 1909 quidem
1325 1857 1441 1909 digna
1459 1856 1680 1901 statuissent,

289 1923 327 1960 in
349 1922 490 1974 quibus
510 1922 756 1960 elaborarent,
799 1923 906 1960 Nam
926 1935 1050 1961 mores
1080 1932 1117 1960 et
1136 1922 1306 1960 instituta
1324 1922 1424 1967 vitae‚
1453 1923 1583 1974 resque
1608 1923 1679 1961 do-

289 1988 460 2026 mesticas
481 2001 524 2025 ac
539 1986 757 2033 familiares,
776 2002 843 2027 nos
863 1987 1035 2041 profecto
1053 1997 1091 2026 et
1110 1988 1249 2026 melius
1272 1996 1439 2033 tuemur,
1462 1997 1500 2025 et
1518 1989 1677 2032 lautius;

289 2067 368 2092 rem
387 2067 474 2092 vero
504 2054 703 2106 publicam
723 2054 838 2092 nostri
862 2055 1021 2106 majores
1054 2064 1155 2092 certe
1186 2055 1409 2092 melioribus
1442 2063 1678 2107 temperave-

288 2129 376 2157 runt
395 2129 433 2157 et
452 2119 634 2157 institutis
655 2129 693 2156 et
712 2120 876 2172 legibus.
919 2120 1027 2170 Qid
1046 2120 1180 2171 loquar
1199 2120 1244 2156 de
1268 2133 1305 2157 re
1326 2119 1482 2157 militari
1501 2120 1513 2156 ?
1546 2120 1583 2157 in
1606 2133 1680 2171 qua

287 2183 378 2221 cum
397 2185 537 2221 virtute
559 2184 672 2221 nostri
692 2185 863 2222 multum
883 2185 1096 2229 valuerunt,
1114 2195 1198 2222 tum
1220 2185 1307 2237 plus
1327 2186 1442 2222 etiam
1464 2185 1675 2236 disciplina.

289 2250 376 2299 Jam
397 2248 474 2292 illa,
494 2262 577 2300 quae
599 2249 744 2292 natura,
767 2263 842 2287 non
863 2249 998 2294 literis,
1019 2249 1170 2287 affecuti
1191 2249 1291 2294 sunt,
1309 2263 1432 2301 neque
1453 2263 1543 2287 cum
1566 2250 1676 2286 Grae-

287 2314 358 2357 cia,
394 2326 517 2364 neque
552 2313 627 2351 ulla
646 2327 738 2352 cum
758 2324 885 2366 gente,
918 2315 1004 2352 sunt
1030 2314 1271 2352 conferenda.
1323 2316 1420 2366 Qae
1440 2315 1545 2351 enim
1577 2323 1677 2350 tanta

287 2379 462 2431 gravitas,
491 2392 574 2430 quae
594 2389 695 2418 tanta
714 2380 934 2425 constantia,
956 2381 1182 2433 magnitudo
1202 2381 1336 2424 animi,
1363 2379 1546 2432 probitas,
1568 2379 1675 2423 fides,

286 2458 370 2496 quae
391 2453 469 2481 tam
489 2444 677 2483 excellens
697 2445 737 2483 in
756 2446 862 2483 omni
883 2460 1018 2498 genere
1038 2447 1156 2483 virtus
1178 2446 1217 2483 in
1241 2445 1327 2482 ullis
1349 2444 1436 2489 fuit,
1459 2454 1502 2481 ut
1521 2444 1564 2481 fit
1583 2457 1675 2482 cum

285 2508 494 2560 majoribus
526 2508 657 2547 nostris
689 2511 967 2563 comparanda?
1004 2511 1189 2550 Dofirina
1223 2509 1371 2549 Graecia
1400 2522 1469 2547 nos
1500 2518 1538 2547 et
1569 2509 1675 2547 omni

373 2576 410 2612 T
429 2588 451 2612 o
473 2587 522 2613 M.
558 2576 608 2614 11.
1295 2576 1332 2611 G
1355 2589 1379 2627 g
