2330 2983
653 369 733 410 450
927 339 1020 392 DE'
1076 351 1409 392 NATURA
1465 352 1805 394 DEORUM

653 453 848 492 mundum
871 465 940 506 pro
959 459 1064 491 certo
1085 451 1297 490 rotundum
1315 451 1387 491 effe
1406 451 1535 490 dicitis
1554 466 1563 490 :
1597 465 1687 490 nam
1707 450 1809 506 poffe
1826 449 1923 496 fieri,
1944 458 1988 490 ut
2006 451 2052 490 fit

649 521 723 558 alia
756 518 906 573 figura,
938 517 1312 571 innumerabilesque
1345 518 1526 563 mundos,
1555 518 1649 557 alios
1674 518 1836 557 aliarum
1868 516 1939 555 effe
1970 515 2052 556 for-

648 599 819 625 marum.
850 585 962 636 Qae,
984 585 1025 629 fi,
1047 584 1105 622 bis
1126 584 1216 622 bina
1235 593 1334 637 quot
1351 584 1482 630 essent,
1514 584 1702 623 didicisset
1722 585 1929 637 Epicurus,
1950 592 2053 621 certe

649 666 730 692 non
749 651 906 691 diceret.
938 650 1024 695 Sed,
1054 650 1151 688 dum
1171 650 1310 703 palato,
1341 650 1436 703 quid
1467 650 1511 689 fit
1530 651 1740 704 optimum,
1769 650 1934 703 judicat,
1968 648 2053 688 caeli

648 719 837 773 palatum,
858 726 902 755 ut
921 717 973 754 ait
993 717 1160 760 Ennius,
1182 729 1260 754 non
1277 716 1454 769 suspexit.

705 785 819 823 XIX.
850 783 973 827 Nam,
994 795 1088 820 cum
1106 782 1186 820 duo
1205 781 1279 820 fint
1308 795 1444 835 genera
1462 782 1626 821 fiderum
1642 801 1654 828 ς
1686 796 1854 836 quorum
1871 782 2051 826 alterum,

648 851 778 905 spatiis
799 847 1112 887 immutabilibus
1147 847 1194 885 ab
1226 856 1315 886 ortu
1345 847 1392 885 ad
1421 848 1599 887 occasum
1625 861 1864 893 commeans,
1893 848 2052 887 nullum

647 928 823 969 unquam
840 913 972 953 cursus
993 913 1050 951 sui
1069 911 1270 965 vestigium
1291 912 1459 951 inflectat
1473 931 1487 959 ς
1517 913 1682 951 alterum
1702 921 1831 951 autem
1849 913 2052 951 continuas

646 982 910 1021 converfiones
931 979 1023 1018 duas
1043 978 1178 1018 iisdem
1199 978 1341 1033 spatiis,
1371 979 1619 1033 cursibusque
1644 979 1824 1018 conficiat
1836 997 1848 1025 ς
1878 992 1926 1018 ex
1946 987 2051 1017 utra-

639 1062 723 1102 que
742 1061 782 1086 re
800 1057 838 1086 et
858 1046 997 1085 mundi
1017 1045 1252 1090 volubilitas,
1287 1059 1373 1098 quae
1392 1045 1462 1084 nisi
1481 1046 1520 1084 in
1553 1045 1710 1099 globosa
1728 1043 1854 1084 forma
1882 1043 1954 1083 effe
1973 1057 2053 1083 non

639 1114 782 1169 posset,
810 1123 849 1152 et
869 1112 1064 1151 stellarum
1095 1112 1251 1150 rotundi
1280 1112 1451 1152 ambitus
1485 1111 1797 1166 cognoscuntur:
1828 1110 2054 1164 primusque

646 1181 714 1226 sol,
738 1181 813 1234 qui'
826 1180 1010 1218 astrorum
1030 1178 1181 1217 obtinet
1199 1179 1475 1232 principatum,
1497 1179 1550 1217 ita
1569 1188 1760 1224 movetur,
1781 1186 1838 1223 ut,
1859 1190 1952 1216 cum
1974 1185 2052 1215 ter-

648 1260 704 1286 ras
724 1247 826 1299 larga
846 1246 933 1284 luce
951 1244 1220 1296 compleverit,
1243 1244 1390 1283 easdem
1420 1245 1538 1283 modo
1557 1243 1632 1290 his,
1661 1244 1779 1284 modo
1797 1243 1876 1282 illis
1895 1257 1943 1282 ex
1964 1256 2051 1296 par-

645 1313 753 1350 tibus
774 1319 921 1363 opacet.
945 1309 1028 1362 Ipsa
1045 1310 1153 1347 enim
1173 1310 1311 1347 umbra
1330 1319 1436 1349 terrae
1456 1310 1526 1348 soli
1544 1311 1717 1349 officiens
1737 1311 1890 1349 noetem
1904 1309 2050 1347 efficit:

645 1380 927 1416 nostumorum
948 1383 1078 1412 autem
1097 1374 1306 1427 spatiorum
1326 1375 1460 1413 eadem
1485 1375 1539 1414 est
1564 1375 1816 1428 aequabilitas,
1837 1388 1922 1427 quae
1942 1374 2052 1412 diur-

646 1458 787 1484 norum
800 1462 811 1488 5
843 1441 1091 1495 ejusdemque
1112 1440 1198 1480 solis
1220 1450 1305 1480 tum
1325 1441 1488 1480 acceffus
1510 1441 1670 1486 modici,
1702 1451 1788 1479 tum
1809 1441 1983 1485 recessus,
2014 1450 2054 1479 et

645 1509 799 1563 frigoris
819 1518 858 1546 et
878 1507 1013 1546 caloris
1031 1507 1193 1546 modum
1215 1517 1450 1561 temperant:
1474 1507 1658 1546 circuitus
1675 1507 1780 1545 enim
1792 1506 1880 1545 solis
1895 1506 2052 1545 orbium

645 1590 683 1613 v.
706 1585 745 1614 et
767 1588 838 1613 Lx.
860 1583 897 1612 et
914 1586 1012 1612 ccc.
1034 1582 1168 1625 quarta
1183 1571 1261 1612 fere
1277 1573 1350 1612 diei
1367 1583 1472 1627 parte
1488 1573 1630 1619 addita,
1648 1574 1933 1612 converfionem
1954 1585 2051 1610 con·

647 1642 786 1680 ficiunt
816 1651 1010 1678 annuam:
1049 1637 1244 1676 inflectens
1264 1647 1392 1675 autem
1417 1639 1470 1676 sol
1499 1639 1655 1677 cursum
1687 1650 1773 1677 tum
1807 1641 1855 1677 ad
1885 1639 2052 1692 septem-

644 1709 802 1752 triones,
834 1716 919 1744 tum
947 1704 992 1742 ad
1013 1704 1230 1749 meridiem,
1262 1703 1401 1742 aestates
1432 1714 1471 1742 et
1490 1703 1638 1743 hiemes
1668 1706 1802 1750 efficit,
1833 1715 1871 1743 et
1901 1719 1944 1743 ea
1973 1706 2052 1745 duo

647 1784 832 1827 tempora,
864 1784 1032 1824 quorum
1052 1770 1215 1808 alterum
1235 1769 1357 1808 hiemi
1378 1770 1583 1810 senescenti
1604 1772 1829 1824 adjun&um
1858 1773 1924 1816 est,
1954 1773 2052 1810 alte·

646 1854 733 1879 rum
754 1838 883 1878 aestati.
916 1837 974 1874 Ita
993 1849 1039 1874 ex
1070 1844 1235 1888 quatuor
1269 1844 1491 1889 temporum
1523 1837 1819 1882 mutationibus,
1855 1839 2050 1884 omnium,

646 1921 730 1960 quae
752 1915 847 1944 terra
867 1903 1041 1955 marique
1061 1902 1289 1955 gignuntur,
1312 1902 1436 1947 initia,
1457 1903 1653 1956 causaeque
1673 1904 1883 1942 ducuntur.

703 1973 789 2023 jam
813 1970 897 2008 solis
932 1982 1076 2006 annuos
1111 1968 1241 2006 cursus
1264 1969 1390 2022 spatiis
1419 1969 1621 2008 menstruis
1654 1970 1745 2008 luna
1775 1969 2050 2023 consequitur;

644 2039 754 2091 cujus
777 2034 1041 2074 tenuiffimum
1063 2033 1196 2071 lumen
1219 2033 1313 2072 facit
1344 2036 1546 2087 proximus
1565 2036 1727 2074 acceffus
1759 2036 1803 2074 ad
1824 2036 1958 2081 solem,
1990 2037 2052 2075 di-

646 2104 786 2158 grcffus
820 2113 945 2140 autem
981 2101 1219 2153 longissimus
1250 2101 1411 2153 quisque
1444 2102 1719 2153 pleniffimum.
1759 2103 1899 2154 Neque
1928 2103 2050 2141 solum

647 2173 726 2223 rjus
750 2169 888 2222 specics
921 2181 961 2205 ac
984 2166 1109 2205 forma
1143 2176 1328 2211 mutatur,
1361 2176 1445 2205 tum
1478 2167 1691 2211 crescendo,
1724 2177 1808 2206 tum
1837 2167 2050 2207 defectibus

648 2238 685 2275 in
710 2236 816 2273 initia
837 2233 1078 2276 recurrendo,
1111 2232 1170 2270 sed
1202 2233 1318 2270 ctiam
1354 2233 1472 2285 regiO,
1503 2247 1588 2284 quae
1610 2243 1692 2271 tum
1724 2233 1777 2271 est
1807 2233 2050 2285 aquilonalis,

649 2314 731 2341 tum
754 2299 936 2339 australis,
970 2301 1012 2337 In
1047 2299 1144 2336 lunm
1166 2312 1321 2351 quoque
1348 2299 1458 2337 cursu
1484 2300 1594 2337 estet
1626 2299 1772 2337 brumae
1792 2300 1982 2352 quaedam,
2014 2311 2052 2338 et

648 2368 793 2408 solstitii
815 2365 1049 2409 fimilitudo;
1083 2365 1283 2417 multaque
1304 2365 1350 2402 ab
1370 2379 1411 2402 ea
1434 2375 1602 2410 manant,
1625 2375 1662 2403 ct
1684 2365 1822 2410 fluunt,
1851 2366 1992 2418 quibus
2013 2377 2051 2405 et

646 2436 858 2474 animantes
877 2433 1041 2477 alantur,
1064 2432 1368 2485 augescantque5
1400 2443 1437 2470 ct
1459 2433 1677 2485 pubescant,
1710 2433 2050 2485 maturitatemque

646 2503 898 2554 alloquantur,
921 2513 1005 2551 qum
1026 2499 1202 2537 oriuntur
1223 2513 1241 2536 c
1264 2509 1371 2536 terra.

703 2569 793 2606 XX.
829 2566 1004 2604 Maxime
1031 2580 1119 2604 vcro
1156 2566 1239 2604 sunt
1273 2565 1514 2603 admirabiles
1551 2575 1679 2604 motus
1715 2580 1845 2605 earum
1876 2565 2050 2618 quinque

648 2635 854 2677 stellarum,
888 2646 972 2685 qum
1005 2632 1095 2671 falso
1126 2642 1311 2670 vocantur
1331 2642 1510 2670 errantes.
1546 2632 1658 2671 Nihil
1680 2634 1783 2671 enim
1805 2642 1916 2674 errat,
1945 2633 2048 2685 quod

646 2702 684 2739 iu
707 2701 814 2739 omui
836 2699 1043 2737 :rtcrnitate
1064 2699 1257 2737 conservat
1285 2698 1494 2752 progrcss‘us
1516 2709 1553 2737 ct
1587 2698 1782 2752 regrcffus,
1811 2699 2051 2752 reliquosque
