2330 2983
783 291 1057 330 LIBER
1120 292 1478 331 PRIMUS.
1748 309 1819 344 411

436 389 573 429 caelesti
608 389 784 443 Epicuri,
824 390 864 428 de
896 392 1020 442 regula
1036 419 1047 434 ,
1091 401 1126 429 ct
1144 391 1277 442 judicio
1295 421 1305 436 ‚
1351 392 1549 431 volumine
1590 393 1821 445 accepimus.

481 456 614 495 XVII.
632 457 749 507 Qod
769 456 887 507 igitur
905 454 1203 495 fundamentum
1219 457 1333 508 hujus
1349 458 1563 509 quaestionis
1582 458 1648 503 est,
1667 458 1706 496 id
1725 473 1822 511 prae-

434 520 533 559 clare
545 522 694 572 jactum
713 521 864 558 videtis.
910 521 1014 558 Cum
1033 521 1138 558 enim
1159 535 1235 559 non
1257 522 1430 559 instituto
1448 523 1591 574 aliquo,
1613 532 1676 561 aut
1702 538 1822 569 more,

436 593 502 622 aut
519 585 602 637 lege
622 584 666 623 s1t
684 585 817 637 opinio
836 585 1053 629 constituta,
1071 595 1294 638 maneatque
1309 586 1355 623 ad
1375 600 1497 624 unum
1517 589 1695 625 omnium
1716 589 1823 627 firma

434 648 626 687 consenfio
638 668 651 694 ς
681 649 848 702 intelligi
873 649 1016 688 neceffe
1046 650 1111 695 est,
1141 649 1211 688 effe
1238 652 1354 695 Deos,
1386 652 1569 704 quoniam
1598 652 1723 690 infitas
1757 667 1822 691 eo-

437 726 539 759 rum,
569 713 627 752 vel
648 714 776 767 potius
803 715 947 753 innatas
978 715 1218 768 cognitiones
1249 715 1450 755 habemus.
1496 717 1557 755 De
1585 730 1662 768 quo
1696 726 1823 755 autem

435 779 616 817 omnium
635 788 766 817 natura
785 779 987 825 consentit,
1018 780 1058 817 id
1078 794 1210 819 verum
1229 781 1299 819 effe
1319 780 1461 819 necesse
1481 781 1546 818 est.
1592 781 1676 819 Effe
1705 783 1824 834 igitur

436 842 541 881 Deos
568 843 832 882 confitendum
861 844 926 882 est.
959 845 1077 896 Qod
1096 846 1280 897 quoniam
1309 844 1385 883 fere
1405 846 1548 884 constat
1567 845 1666 884 inter
1690 859 1822 884 omnes

437 921 515 946 non
545 907 791 962 philosophos
822 909 960 955 solum,
989 910 1051 948 sed
1081 911 1197 949 etiam
1219 910 1420 955 indoe‘cos;
1452 910 1637 950 fateamur
1655 911 1823 950 constare

436 971 535 1010 illud
554 974 683 1019 etiam,
714 973 813 1013 hanc
842 988 910 1013 nos
930 975 1069 1014 habere
1088 976 1160 1014 five
1191 976 1518 1029 anticipationem,
1551 985 1595 1014 ut
1622 986 1707 1015 ante
1726 977 1821 1022 dixi,

435 1037 509 1076 five
525 1039 802 1090 praenotionem
822 1040 1012 1079 Deorum.
1035 1042 1132 1079 Sunt
1152 1042 1257 1079 enim
1277 1042 1388 1079 rebus
1409 1043 1516 1080 novis
1536 1055 1632 1079 nova
1649 1042 1825 1094 ponenda

435 1104 606 1149 nomina,
628 1113 671 1143 ut
691 1105 883 1158 Epicurus
902 1105 981 1158 ipse
996 1099 1171 1158 πρόληψιν
1185 1106 1404 1159 appellavit,
1434 1120 1552 1158 quam
1581 1116 1690 1145 antea
1708 1120 1824 1145 nemo

433 1180 480 1206 eo
498 1169 614 1208 verbo
629 1170 857 1209 nominarat.

488 1235 604 1274 Hanc
635 1235 754 1288 igitur
772 1233 974 1280 habemus,
1004 1243 1049 1273 ut
1068 1235 1173 1274 Deos
1200 1236 1344 1281 beatos,
1375 1244 1414 1273 et
1443 1236 1678 1275 immortales
1708 1248 1822 1290 pute-

434 1312 536 1338 muS.
579 1302 678 1351 Qae
696 1301 802 1338 enim
822 1301 932 1339 nobis
952 1309 1084 1338 natura
1113 1299 1429 1339 informationem
1449 1302 1624 1340 Deorum
1655 1302 1823 1354 ipsorum

436 1364 555 1409 dedit,
585 1365 717 1403 eadem
736 1365 932 1419 insculpfit
962 1366 1003 1403 in
1028 1366 1238 1411 mentibus,
1268 1375 1311 1404 ut
1337 1380 1400 1405 eos
1435 1376 1607 1411 aeternOS,
1637 1376 1675 1404 et
1695 1368 1822 1406 beatos

435 1427 677 1467 haberemus.
722 1429 840 1481 Qod
873 1430 900 1468 fi
930 1430 983 1467 ita
1011 1429 1078 1474 est,
1109 1443 1193 1468 vere
1211 1430 1379 1483 expofita
1397 1430 1463 1469 illa
1482 1431 1663 1469 sententia
1691 1432 1743 1470 est
1775 1432 1823 1470 ab

436 1494 623 1546 Epicuro,
644 1494 748 1547 Quod
761 1504 935 1534 aeternum
964 1495 1170 1549 beatumque
1188 1496 1259 1547 stt,
1290 1495 1331 1534 id
1344 1510 1406 1535 nec
1423 1496 1552 1534 habere
1569 1497 1677 1549 ipsicm
1695 1498 1829 1549 negotii

435 1560 638 1613 quidquam,
659 1574 720 1599 nec
738 1560 898 1599 exhibere
913 1561 1025 1599 alteri
1031 1576 1045 1598 .·
1075 1561 1195 1613 itaque
1213 1575 1321 1614 neque
1339 1562 1412 1606 ira,
1431 1576 1539 1614 neque
1548 1563 1677 1614 gratia
1696 1563 1822 1607 teneri,

435 1624 536 1679 quad,
567 1640 647 1678 quae
663 1625 755 1663 talia
773 1623 888 1677 ffnt,
909 1625 1077 1664 imbecilla
1095 1625 1197 1679 effint
1216 1626 1342 1665 omnia.

490 1690 527 1727 Si
562 1689 661 1728 nihil
681 1689 784 1728 aliud
804 1703 1072 1742 quaereremus,
1102 1690 1171 1728 nifi
1191 1700 1233 1728 ut
1254 1691 1357 1729 Deos
1378 1691 1440 1743 pie
1459 1691 1685 1737 coleremus,
1715 1701 1752 1731 et
1780 1702 1824 1732 ut

434 1752 696 1808 superstitione
718 1754 980 1800 liberaremur,
1011 1755 1095 1793 satis
1125 1763 1202 1792 erat
1227 1754 1389 1793 distum.
1439 1756 1545 1793 Nam
1577 1766 1616 1794 et
1649 1757 1822 1808 praestans

433 1819 610 1859 Deorum
630 1829 762 1858 natura
776 1818 986 1858 hominum
1005 1820 1143 1872 pietate
1161 1819 1364 1864 coleretur,
1394 1833 1486 1858 cum
1506 1829 1544 1858 et
1564 1829 1700 1860 aeterna
1718 1822 1820 1867 effet,

433 1894 473 1922 et
492 1884 699 1922 beatiffima
710 1902 722 1929 ς
743 1883 860 1923 habet
873 1884 978 1923 enirn
992 1885 1274 1924 venerationem
1287 1885 1429 1937 justam
1449 1886 1640 1938 quidquid
1654 1888 1818 1925 excellit.

436 1950 489 1987 Et
508 1952 633 1987 mettis
654 1950 780 1988 omnis
801 1962 822 1987 a
840 1949 892 1995 vi,
913 1959 1027 2003 atque
1046 1951 1100 1988 ira
1119 1951 1293 1989 Deorum
1312 1950 1440 2003 pulsus
1460 1950 1547 1989 esset
1559 1970 1571 1996 ς
1594 1952 1823 2004 intelligitur

434 2013 554 2058 enim,
569 2027 590 2051 a
609 2014 728 2058 beata,
745 2014 1034 2067 immortalique
1050 2023 1181 2053 natura
1200 2023 1237 2053 et
1257 2015 1367 2060 iram,
1384 2023 1422 2053 et
1440 2015 1602 2068 gratiam
1617 2016 1819 2069 segregari,

434 2078 576 2131 quibus
597 2078 769 2125 remotis,
790 2079 916 2117 nullos
936 2093 957 2117 a
975 2079 1117 2133 superis
1136 2079 1357 2133 impendere
1376 2088 1514 2118 metus.
1558 2080 1629 2119 Sed
1647 2081 1694 2119 ad
1722 2080 1822 2120 hanc

435 2142 738 2182 confirmandam
756 2144 980 2196 opinionem
1000 2146 1162 2198 inquirit
1181 2146 1331 2184 animus
1351 2154 1389 2184 et
1418 2145 1599 2192 formam,
1630 2156 1668 2185 et
1686 2147 1820 2193 vitam,

437 2217 474 2246 et
494 2209 683 2247 actionem
702 2211 857 2254 mentis,
878 2220 991 2262 atque
1009 2211 1255 2263 agitationem
1276 2212 1315 2249 in
1334 2212 1433 2250 Deo.

487 2274 640 2312 XVIII.
662 2275 721 2312 Ac
742 2275 787 2312 de
805 2274 930 2314 forma
947 2276 1105 2329 quidem
1123 2278 1264 2331 partim
1285 2287 1417 2316 natura
1436 2291 1503 2317 nos
1523 2278 1714 2322 admonet,
1733 2291 1820 2330 par-

439 2339 512 2377 tim
530 2340 624 2377 ratio
644 2340 766 2379 docet.
812 2341 917 2380 Nam
936 2356 957 2380 a
975 2351 1106 2382 natura
1125 2343 1311 2383 habemus
1341 2358 1475 2383 omnes
1496 2344 1673 2382 omnium
1692 2344 1820 2396 genti-

438 2417 520 2448 um,
542 2404 706 2456 speciem
727 2400 872 2445 nullam
890 2408 1018 2453 aliam,
1041 2409 1108 2447 nifi
1126 2408 1350 2454 humanam,
1372 2410 1558 2447 Deorum.
1591 2410 1689 2459 Qae
1716 2409 1822 2447 enirn

438 2469 511 2506 alia
529 2468 652 2507 forma
670 2472 835 2510 occurrit
861 2486 1033 2525 unquam
1053 2484 1117 2512 aut
1134 2475 1308 2527 vigilanti
1328 2475 1522 2526 cuiquam,
1544 2482 1608 2511 aut
1624 2473 1820 2512 dormien-

437 2535 468 2572 ti
485 2535 497 2571 ?
529 2535 613 2580 Sed,
632 2550 678 2573 ne
697 2538 827 2575 omnia
843 2549 1066 2578 revocentur
1085 2541 1131 2578 ad
1150 2542 1291 2593 primas
1311 2540 1499 2584 notiones,
1514 2540 1608 2578 ratio
1622 2538 1697 2578 hoc
1718 2540 1821 2578 idem

439 2599 517 2652 ipsa
532 2600 707 2641 declarat.
739 2603 844 2642 Nam
864 2617 956 2644 cum
971 2605 1308 2657 praestantissimam
1325 2615 1511 2649 naturam,
1534 2605 1591 2643 vel
1608 2606 1698 2659 quia
1717 2605 1822 2644 beata

1369 2668 1523 2709 Fff2
