2330 2983
543 273 620 326 478
807 267 901 307 DE
951 264 1291 305 NATURA
1339 264 1685 306 DEORUM

541 382 628 425 quae
647 377 800 421 accepta
821 367 907 404 sunt
924 380 933 404 z
965 366 1041 403 oris
1062 373 1222 417 utraque
1249 377 1297 403 ex
1319 372 1426 417 parte
1444 364 1612 403 tonfillas
1632 364 1838 417 attingens,
1867 379 1939 419 pa·-

542 439 620 476 lato
639 443 812 474 extremo
832 442 946 484 atque
978 432 1120 470 intimo
1146 431 1387 470 terminatur.
1432 431 1566 484 Atque
1598 431 1631 469 is
1665 431 1871 484 agitatione
1899 441 1941 470 et

541 502 713 541 motibus
734 500 875 552 linguae
895 509 986 536 cum
1007 496 1225 551 depulsum,
1261 505 1301 535 et
1329 497 1433 550 quafi
1453 497 1649 536 detrusum
1675 497 1809 536 cibum
1828 510 1938 536 acce—

541 569 612 621 pit,
643 566 816 619 depellit.
860 563 979 616 Ipfius
1001 572 1128 601 autem
1148 571 1270 616 partes
1291 575 1356 608 eae,
1390 576 1475 616 quae
1507 562 1593 602 sunt
1619 561 1719 601 infra
1749 562 1802 608 id,
1833 563 1940 616 quod

540 635 756 678 devoratur,
776 631 984 670 dilatantur
996 649 1008 676 3
1040 644 1125 683 quae
1144 639 1273 668 autem
1294 630 1417 683 supra,
1440 629 1733 669 contrahuntur.

597 700 668 739 Sed
688 711 780 738 cum
800 697 924 750 aspera
943 697 1077 734 arteria
1098 695 1171 747 (fic
1188 696 1293 734 enim
1312 709 1333 734 a
1357 696 1519 734 medicis
1539 697 1775 750 appellatur)
1797 695 1939 734 ostium

540 765 691 810 habeat,
722 764 946 816 adjundtum
979 761 1122 813 linguae
1152 761 1358 805 radicibus,
1389 761 1504 813 paulo
1523 761 1632 814 supra
1651 774 1769 814 quam
1787 761 1834 799 ad
1860 761 1937 799 lin-

539 845 656 884 guam
678 827 894 869 stomachus
915 827 1140 871 anneetitur‚
1162 839 1282 878 eaque
1302 826 1348 864 ad
1367 826 1571 878 pulmones
1593 826 1712 878 usque
1738 827 1939 879 pertineat,

538 898 783 949 excipiatque
815 895 986 932 animam
1015 905 1116 938 eam,
1146 906 1231 945 quae
1261 892 1373 930 ducta
1392 891 1436 929 slt
1469 891 1619 944 spiritu,
1650 892 1890 945 eandemque
1919 905 1941 930 a

538 963 795 1017 pulmonibus
816 961 985 1014 respiret,
1017 969 1055 998 et
1074 959 1206 998 reddat
1222 978 1235 1004 3
1267 958 1410 1012 tegitur
1428 959 1598 1011 quodam
1618 959 1720 1012 quafi
1741 960 1938 1012 operculo,

539 1030 646 1083 quod
674 1029 725 1068 ob
748 1041 833 1067 eam
854 1027 1004 1066 causam
1033 1027 1169 1065 datum
1203 1025 1269 1072 est,
1301 1039 1361 1072 ne,
1393 1025 1417 1064 fi
1440 1025 1536 1078 quid
1566 1026 1606 1064 in
1626 1039 1710 1064 eam
1731 1026 1810 1064 cibi
1840 1025 1939 1065 forte

538 1096 742 1141 incidisset,
783 1095 937 1148 spiritus
968 1094 1232 1147 impediretur.
1279 1094 1340 1132 Sic
1366 1106 1459 1131 cum
1492 1092 1568 1131 alvi
1599 1102 1745 1138 natura,
1776 1092 1941 1145 subjecta

539 1162 750 1207 stomacho,
781 1161 860 1199 cibi
889 1168 928 1198 et
959 1160 1126 1213 potionis
1146 1159 1191 1197 fit
1216 1159 1531 1212 receptaculum;
1562 1159 1766 1212 pulmones
1792 1168 1938 1203 autem,

539 1238 578 1267 et
609 1242 676 1266 cor
703 1227 917 1266 extinsecus
938 1226 1116 1279 spiritum
1143 1225 1333 1263 adducant
1346 1244 1358 1270 5
1390 1225 1431 1263 in
1450 1224 1535 1263 alvo
1561 1225 1685 1263 multa
1704 1224 1791 1263 sunt
1819 1225 1939 1264 mira-

539 1295 669 1333 biliter
688 1292 834 1337 effecta,
863 1306 948 1344 quae
967 1291 1139 1329 constant
1158 1289 1236 1328 fere
1256 1304 1276 1327 e
1297 1291 1435 1328 nervis.
1478 1291 1546 1328 Est
1565 1299 1693 1328 autem
1715 1291 1938 1344 multiplex,

538 1369 576 1398 et
597 1359 775 1404 tortuosa,
805 1366 998 1410 arcetque,
1019 1365 1059 1394 et
1083 1356 1271 1400 continet,
1294 1356 1367 1393 five
1387 1355 1485 1393 illud
1505 1355 1654 1394 aridum
1675 1355 1741 1401 est,
1769 1356 1842 1394 sive
1861 1355 1939 1395 hu-

538 1426 707 1471 midum,
725 1423 830 1477 quod
850 1423 999 1468 recidit,
1022 1431 1066 1461 ut
1085 1421 1125 1460 id
1146 1421 1287 1460 mutari
1307 1431 1346 1459 et
1365 1421 1557 1474 concoqui
1573 1420 1699 1474 poffit‚
1716 1434 1835 1474 eaque
1855 1431 1942 1461 tum

539 1492 774 1544 astringitur,
809 1499 894 1529 tum
916 1489 1118 1534 relaxatur,
1153 1497 1268 1541 atque
1287 1501 1418 1533 omne,
1452 1488 1557 1540 quod
1582 1488 1743 1541 accepit,
1778 1488 1884 1541 cogit
1903 1497 1943 1527 et

539 1557 773 1601 confundit3
806 1566 849 1594 ut
878 1555 991 1594 facile
1020 1564 1059 1594 et
1089 1554 1227 1600 calore,
1255 1567 1374 1607 quem
1395 1553 1569 1592 multum
1590 1551 1706 1592 habet
1736 1554 1943 1593 exter-endo

539 1624 644 1669 cibo,
665 1632 704 1661 et
724 1631 899 1676 praeterea
916 1621 1052 1675 spiritu
1071 1620 1202 1658 omnia
1218 1622 1328 1657 costa
1346 1629 1462 1671 atque
1481 1619 1656 1657 conseera
1676 1620 1716 1658 in
1745 1620 1942 1673 reliquum

540 1703 677 1744 corpus
698 1689 931 1727 dividantur.

594 1755 682 1794 LV.
716 1755 761 1792 In
791 1752 1046 1806 pulmonibus
1067 1761 1195 1790 autem
1222 1750 1316 1789 inest
1343 1751 1471 1789 raritas
1491 1750 1682 1804 quaedam,
1711 1760 1749 1789 et
1768 1751 1940 1791 affimilis

539 1821 708 1875 spongiis
723 1817 947 1863 mollitudo,
977 1817 1025 1856 ad
1044 1816 1301 1856 hauriendum
1321 1816 1499 1870 spiritum
1518 1817 1708 1870 aptiffima
1725 1831 1734 1855 :
1767 1818 1834 1869 qui
1856 1826 1941 1856 tum

540 1889 576 1927 se
595 1884 829 1926 contrahunt
848 1885 1064 1938 aspirantes,
1098 1892 1184 1922 tum
1206 1883 1340 1937 spiritu
1360 1883 1535 1928 dilatant,
1563 1892 1607 1921 ut
1626 1882 1847 1935 frequenter
1865 1884 1942 1922 du-

538 1963 647 1993 catur
666 1953 776 1992 cibus
796 1951 988 1996 animalis,
1019 1964 1099 2003 quo
1120 1951 1289 1989 maxime
1309 1950 1464 1989 aluntur
1482 1950 1708 1988 animantes.
1742 1948 1803 1988 Ex
1824 1949 1942 1989 intes·-

538 2022 632 2060 tinis
653 2028 795 2064 autem,
813 2027 851 2056 et
870 2017 956 2055 alvo
977 2017 1138 2056 secretus
1157 2032 1177 2055 a
1198 2017 1347 2070 reliquo
1367 2018 1456 2055 cibo
1474 2017 1609 2055 succus
1628 2017 1673 2062 is,
1687 2029 1766 2068 quo
1785 2017 1941 2062 alimur,

539 2095 738 2142 permanat
758 2085 804 2123 ad
824 2085 934 2137 jecur
966 2097 1032 2137 per
1050 2082 1232 2138 quasdam
1251 2096 1273 2120 a
1293 2082 1421 2120 medio
1441 2082 1620 2120 intestino
1641 2082 1757 2134 usque
1784 2081 1828 2119 ad
1850 2096 1940 2135 por-

539 2161 596 2192 tas
611 2152 749 2205 jecoris
779 2150 845 2202 (fic
864 2151 970 2188 enim
990 2149 1200 2203 appellant)
1233 2149 1362 2187 dixeras
1383 2157 1421 2186 et
1441 2148 1598 2186 diredtas
1617 2148 1710 2192 vias,
1742 2160 1828 2200 qua:
1853 2161 1940 2201 per—

540 2221 665 2258 tinent
696 2218 741 2256 ad
770 2218 894 2270 jecur,
925 2217 1036 2269 eique
1066 2214 1271 2254 adhaerent.
1322 2216 1454 2268 Atque
1486 2214 1574 2253 inde
1600 2214 1682 2252 alia:
1709 2214 1942 2267 pertinentes

542 2287 642 2331 sunt,
678 2298 742 2338 per
762 2298 853 2337 quas
885 2283 986 2322 cadit
1017 2283 1126 2321 cibus
1154 2296 1173 2320 a
1195 2283 1324 2335 jecore
1344 2282 1522 2336 dilapsus.
1568 2282 1632 2320 Ab
1652 2295 1697 2320 eo
1730 2281 1820 2319 cibo
1847 2294 1942 2319 cum

539 2353 592 2391 cst
625 2352 764 2391 secreta
796 2351 899 2395 bilis,
930 2351 1035 2403 iique
1056 2349 1254 2394 humores,
1285 2350 1353 2402 qui
1384 2362 1431 2388 ex
1451 2349 1606 2387 renibus
1638 2347 1940 2402 profunduntur,

535 2419 687 2473 reliqua
722 2416 757 2457 se
784 2418 822 2456 in
859 2417 1081 2470 sanguinem
1117 2425 1286 2460 vertunt,
1317 2415 1362 2454 ad
1395 2415 1622 2468 easdemque
1651 2423 1777 2469 portas
1803 2414 1942 2467 jecoris

542 2484 758 2529 confluunt,
790 2484 835 2522 ad
866 2496 959 2536 quas
980 2495 1116 2521 omnes
1149 2483 1230 2534 ejus
1251 2483 1320 2520 viu:
1349 2482 1569 2535 pertinent;
1602 2494 1669 2535 per
1694 2494 1788 2533 quas
1820 2479 1942 2534 lapsus

540 2553 651 2591 cibus
673 2551 711 2589 in
731 2550 806 2589 hoc
836 2551 917 2604 ipso
932 2550 1019 2589 loco
1039 2551 1078 2588 in
1100 2563 1183 2588 eam
1205 2561 1356 2594 venam,
1374 2562 1458 2602 quae
1478 2561 1568 2587 cava
1584 2548 1813 2602 appellatur,
1842 2559 1941 2585 con-

540 2617 731 2661 funditur,
747 2630 891 2671 perque
908 2630 993 2657 cam
1013 2616 1059 2656 ad
1075 2630 1142 2658 cor
1156 2614 1354 2655 confectus
1365 2616 1447 2669 jam
1465 2615 1691 2669 coactusque
1705 2612 1939 2669 perlabitur:
