<?xml version="1.0" encoding="UTF-8"?>
<!DOCTYPE html PUBLIC "-//W3C//DTD XHTML 1.0 Transitional//EN"
    "http://www.w3.org/TR/xhtml1/DTD/xhtml1-transitional.dtd">
<html xmlns="http://www.w3.org/1999/xhtml" xml:lang="en" lang="en">
 <head>
  <title>
</title>
<meta http-equiv="Content-Type" content="text/html;charset=utf-8" />
  <meta name='ocr-system' content='tesseract 3.04.00' />
  <meta name='ocr-capabilities' content='ocr_page ocr_carea ocr_par ocr_line ocrx_word'/>
</head>
<body>
  <div class='ocr_page' id='page_1' title='image "./operacumindicibu02ciceuoft_0477.png"; bbox 0 0 2330 2983; ppageno 0'>
   <div class='ocr_carea' id='block_1_1' title="bbox 588 250 1705 312">
    <p class='ocr_par' dir='ltr' id='par_1_1' title="bbox 588 250 1705 312">
     <span class='ocr_line' id='line_1_1' title="bbox 588 250 1705 312; baseline 0.002 -14"><span class='ocrx_word' id='word_1_1' title='bbox 588 252 864 301; x_wconf 78' lang='lat' dir='ltr'>LIBER</span> <span class='ocrx_word' id='word_1_2' title='bbox 921 250 1420 297; x_wconf 77' lang='lat' dir='ltr'>SECUNDUS.</span> <span class='ocrx_word' id='word_1_3' title='bbox 1624 260 1705 312; x_wconf 81' lang='lat'>469</span> 
     </span>
    </p>
   </div>
   <div class='ocr_carea' id='block_1_2' title="bbox 318 354 1512 476">
    <p class='ocr_par' dir='ltr' id='par_1_2' title="bbox 318 354 1512 476">
     <span class='ocr_line' id='line_1_2' title="bbox 452 354 1512 411; baseline 0.002 -15"><span class='ocrx_word' id='word_1_4' title='bbox 452 356 558 410; x_wconf 76' lang='lat' dir='ltr'>Qod</span> <span class='ocrx_word' id='word_1_5' title='bbox 571 357 670 411; x_wconf 84' lang='lat' dir='ltr'>quast</span> <span class='ocrx_word' id='word_1_6' title='bbox 684 365 816 396; x_wconf 87' lang='lat' dir='ltr'>temone</span> <span class='ocrx_word' id='word_1_7' title='bbox 832 354 1035 408; x_wconf 65' lang='lat' dir='ltr'>anuneJam</span> <span class='ocrx_word' id='word_1_8' title='bbox 1046 356 1184 409; x_wconf 77' lang='lat' dir='ltr'>praese</span> <span class='ocrx_word' id='word_1_9' title='bbox 1201 356 1322 409; x_wconf 84' lang='lat' dir='ltr'>quatit</span> <span class='ocrx_word' id='word_1_10' title='bbox 1340 357 1512 398; x_wconf 67' lang='lat' dir='ltr'>ArHum.</span> 
     </span>
     <span class='ocr_line' id='line_1_3' title="bbox 318 420 1161 476; baseline -0.002 -15"><span class='ocrx_word' id='word_1_11' title='bbox 318 421 421 462; x_wconf 86' lang='lat' dir='ltr'>Dein</span> <span class='ocrx_word' id='word_1_12' title='bbox 441 437 525 476; x_wconf 88' lang='lat' dir='ltr'>quae</span> <span class='ocrx_word' id='word_1_13' title='bbox 544 422 767 475; x_wconf 86' lang='lat' dir='ltr'>sequuntur.</span> <span class='ocrx_word' id='word_1_14' title='bbox 798 421 906 459; x_wconf 87' lang='lat' dir='ltr'>Huic</span> <span class='ocrx_word' id='word_1_15' title='bbox 925 420 1031 459; x_wconf 87' lang='lat' dir='ltr'>enim</span> <span class='ocrx_word' id='word_1_16' title='bbox 1045 421 1161 460; x_wconf 88' lang='lat' dir='ltr'>Booti</span> 
     </span>
    </p>
   </div>
   <div class='ocr_carea' id='block_1_3' title="bbox 314 485 1708 2629">
    <p class='ocr_par' dir='ltr' id='par_1_3' title="bbox 314 485 1708 2629">
     <span class='ocr_line' id='line_1_4' title="bbox 708 485 1311 541; baseline -0.002 -15"><span class='ocrx_word' id='word_1_17' title='bbox 708 487 842 541; x_wconf 71' lang='lat' dir='ltr'>fitbter</span> <span class='ocrx_word' id='word_1_18' title='bbox 850 485 1056 539; x_wconf 84' lang='lat' dir='ltr'>praecordia</span> <span class='ocrx_word' id='word_1_19' title='bbox 1059 487 1148 539; x_wconf 83' lang='lat' dir='ltr'>fixa</span> <span class='ocrx_word' id='word_1_20' title='bbox 1163 486 1311 526; x_wconf 86' lang='lat' dir='ltr'>videtur</span> 
     </span>
     <span class='ocr_line' id='line_1_5' title="bbox 451 551 1360 597; baseline -0.001 -4"><span class='ocrx_word' id='word_1_21' title='bbox 451 554 563 593; x_wconf 86' lang='lat' dir='ltr'><em>Stella</em></span> <span class='ocrx_word' id='word_1_22' title='bbox 579 553 713 592; x_wconf 85' lang='lat' dir='ltr'>micans</span> <span class='ocrx_word' id='word_1_23' title='bbox 730 551 856 597; x_wconf 61' lang='lat' dir='ltr'>radulf,</span> <span class='ocrx_word' id='word_1_24' title='bbox 876 553 1066 592; x_wconf 65' lang='lat' dir='ltr'>ArHurus</span> <span class='ocrx_word' id='word_1_25' title='bbox 1083 551 1217 592; x_wconf 86' lang='lat' dir='ltr'>nomine</span> <span class='ocrx_word' id='word_1_26' title='bbox 1234 552 1332 592; x_wconf 88' lang='lat' dir='ltr'>claro</span> <span class='ocrx_word' id='word_1_27' title='bbox 1345 567 1360 592; x_wconf 82' lang='lat'>.-</span> 
     </span>
     <span class='ocr_line' id='line_1_6' title="bbox 315 619 713 672; baseline -0.003 -14"><span class='ocrx_word' id='word_1_28' title='bbox 315 619 379 658; x_wconf 89' lang='lat' dir='ltr'>cui</span> <span class='ocrx_word' id='word_1_29' title='bbox 396 619 561 672; x_wconf 64' lang='lat' dir='ltr'>subjeeta</span> <span class='ocrx_word' id='word_1_30' title='bbox 578 619 713 665; x_wconf 89' lang='lat' dir='ltr'>fertur,</span> 
     </span>
     <span class='ocr_line' id='line_1_7' title="bbox 449 684 1387 739; baseline 0 -14"><span class='ocrx_word' id='word_1_31' title='bbox 449 686 592 739; x_wconf 86' lang='lat' dir='ltr'><em>Spicum</em></span> <span class='ocrx_word' id='word_1_32' title='bbox 609 685 742 739; x_wconf 75' lang='lat' dir='ltr'>illustre</span> <span class='ocrx_word' id='word_1_33' title='bbox 760 693 879 724; x_wconf 84' lang='lat' dir='ltr'>tenens</span> <span class='ocrx_word' id='word_1_34' title='bbox 884 684 1091 738; x_wconf 81' lang='lat' dir='ltr'>splendenti</span> <span class='ocrx_word' id='word_1_35' title='bbox 1105 692 1250 738; x_wconf 84' lang='lat' dir='ltr'>corpore</span> <span class='ocrx_word' id='word_1_36' title='bbox 1266 684 1387 739; x_wconf 83' lang='lat' dir='ltr'>virgo.</span> 
     </span>
     <span class='ocr_line' id='line_1_8' title="bbox 368 750 1704 807; baseline 0.003 -18"><span class='ocrx_word' id='word_1_37' title='bbox 368 751 520 791; x_wconf 87' lang='lat' dir='ltr'>XLIII.</span> <span class='ocrx_word' id='word_1_38' title='bbox 551 754 683 804; x_wconf 89' lang='lat' dir='ltr'>Atque</span> <span class='ocrx_word' id='word_1_39' title='bbox 703 752 756 790; x_wconf 88' lang='lat' dir='ltr'>ita</span> <span class='ocrx_word' id='word_1_40' title='bbox 775 751 964 790; x_wconf 87' lang='lat' dir='ltr'>demetata</span> <span class='ocrx_word' id='word_1_41' title='bbox 983 751 1086 806; x_wconf 87' lang='lat' dir='ltr'>figna</span> <span class='ocrx_word' id='word_1_42' title='bbox 1105 750 1207 797; x_wconf 87' lang='lat' dir='ltr'>sunt,</span> <span class='ocrx_word' id='word_1_43' title='bbox 1224 759 1268 791; x_wconf 89' lang='lat' dir='ltr'>ut</span> <span class='ocrx_word' id='word_1_44' title='bbox 1286 751 1328 790; x_wconf 82' lang='lat' dir='ltr'>in</span> <span class='ocrx_word' id='word_1_45' title='bbox 1347 751 1462 791; x_wconf 86' lang='lat' dir='ltr'>tantis</span> <span class='ocrx_word' id='word_1_46' title='bbox 1482 751 1704 807; x_wconf 80' lang='lat' dir='ltr'>descriptio-</span> 
     </span>
     <span class='ocr_line' id='line_1_9' title="bbox 314 815 946 870; baseline 0.002 -17"><span class='ocrx_word' id='word_1_47' title='bbox 314 815 428 856; x_wconf 88' lang='lat' dir='ltr'><strong>nibus</strong></span> <span class='ocrx_word' id='word_1_48' title='bbox 448 817 576 856; x_wconf 83' lang='lat' dir='ltr'>divina</span> <span class='ocrx_word' id='word_1_49' title='bbox 593 817 740 855; x_wconf 85' lang='lat' dir='ltr'>solertia</span> <span class='ocrx_word' id='word_1_50' title='bbox 758 825 946 870; x_wconf 85' lang='lat' dir='ltr'>appareat.</span> 
     </span>
     <span class='ocr_line' id='line_1_10' title="bbox 450 882 1307 943; baseline 0.001 -22"><span class='ocrx_word' id='word_1_51' title='bbox 450 883 506 921; x_wconf 90' lang='lat' dir='ltr'>Et</span> <span class='ocrx_word' id='word_1_52' title='bbox 523 891 626 921; x_wconf 87' lang='lat' dir='ltr'>natos</span> <span class='ocrx_word' id='word_1_53' title='bbox 646 883 809 921; x_wconf 86' lang='lat' dir='ltr'>Geminos</span> <span class='ocrx_word' id='word_1_54' title='bbox 827 882 1034 936; x_wconf 66' lang='lat' dir='ltr'><em>invsssstcb</em></span> <span class='ocrx_word' id='word_1_55' title='bbox 1052 891 1162 936; x_wconf 80' lang='lat' dir='ltr'>caput</span> <span class='ocrx_word' id='word_1_56' title='bbox 1181 882 1307 943; x_wconf 56' lang='lat' dir='ltr'><em>Asai.</em></span> 
     </span>
     <span class='ocr_line' id='line_1_11' title="bbox 451 948 1379 1003; baseline 0.002 -17"><span class='ocrx_word' id='word_1_57' title='bbox 451 948 634 1000; x_wconf 69' lang='lat' dir='ltr'>Subjecflus</span> <span class='ocrx_word' id='word_1_58' title='bbox 651 948 771 987; x_wconf 75' lang='lat' dir='ltr'>media·</span> <span class='ocrx_word' id='word_1_59' title='bbox 789 948 833 1001; x_wconf 73' lang='lat' dir='ltr'>cst</span> <span class='ocrx_word' id='word_1_60' title='bbox 852 961 992 994; x_wconf 83' lang='lat' dir='ltr'>cancer,</span> <span class='ocrx_word' id='word_1_61' title='bbox 1005 948 1217 1003; x_wconf 80' lang='lat' dir='ltr'>pedt&#39;busque</span> <span class='ocrx_word' id='word_1_62' title='bbox 1236 958 1379 989; x_wconf 86' lang='lat' dir='ltr'>tenetur</span> 
     </span>
     <span class='ocr_line' id='line_1_12' title="bbox 450 1015 1521 1070; baseline 0.003 -17"><span class='ocrx_word' id='word_1_63' title='bbox 450 1015 609 1068; x_wconf 87' lang='lat' dir='ltr'>Magnu&#39;</span> <span class='ocrx_word' id='word_1_64' title='bbox 628 1016 718 1060; x_wconf 87' lang='lat' dir='ltr'>Leo,</span> <span class='ocrx_word' id='word_1_65' title='bbox 748 1016 936 1054; x_wconf 85' lang='lat' dir='ltr'>tremulam</span> <span class='ocrx_word' id='word_1_66' title='bbox 955 1016 1119 1069; x_wconf 85' lang='lat' dir='ltr'>quatiens</span> <span class='ocrx_word' id='word_1_67' title='bbox 1137 1031 1154 1056; x_wconf 94' lang='lat' dir='ltr'>e</span> <span class='ocrx_word' id='word_1_68' title='bbox 1173 1025 1315 1069; x_wconf 87' lang='lat' dir='ltr'>corpore</span> <span class='ocrx_word' id='word_1_69' title='bbox 1319 1017 1521 1070; x_wconf 86' lang='lat' dir='ltr'>flammam.</span> 
     </span>
     <span class='ocr_line' id='line_1_13' title="bbox 314 1078 460 1132; baseline -0.007 -14"><span class='ocrx_word' id='word_1_70' title='bbox 314 1078 460 1132; x_wconf 88' lang='lat' dir='ltr'>Auriga</span> 
     </span>
     <span class='ocr_line' id='line_1_14' title="bbox 450 1145 1365 1199; baseline 0.002 -15"><span class='ocrx_word' id='word_1_71' title='bbox 450 1145 523 1184; x_wconf 89' lang='lat' dir='ltr'>Sub</span> <span class='ocrx_word' id='word_1_72' title='bbox 541 1146 638 1184; x_wconf 80' lang='lat' dir='ltr'>laeva</span> <span class='ocrx_word' id='word_1_73' title='bbox 658 1145 885 1185; x_wconf 83' lang='lat' dir='ltr'>Geminorum</span> <span class='ocrx_word' id='word_1_74' title='bbox 903 1145 1071 1185; x_wconf 65' lang='lat' dir='ltr'>obdub‘t‘us</span> <span class='ocrx_word' id='word_1_75' title='bbox 1079 1146 1365 1199; x_wconf 75' lang='lat' dir='ltr'>parteseretur.</span> 
     </span>
     <span class='ocr_line' id='line_1_15' title="bbox 449 1211 1405 1266; baseline 0.003 -16"><span class='ocrx_word' id='word_1_76' title='bbox 449 1211 654 1266; x_wconf 68' lang='lat' dir='ltr'>Advefficm</span> <span class='ocrx_word' id='word_1_77' title='bbox 669 1221 780 1265; x_wconf 85' lang='lat' dir='ltr'>caput</span> <span class='ocrx_word' id='word_1_78' title='bbox 797 1212 878 1252; x_wconf 83' lang='lat' dir='ltr'><em>huic</em></span> <span class='ocrx_word' id='word_1_79' title='bbox 898 1212 1022 1252; x_wconf 84' lang='lat' dir='ltr'>Helice</span> <span class='ocrx_word' id='word_1_80' title='bbox 1041 1212 1248 1252; x_wconf 88' lang='lat' dir='ltr'>truculenta</span> <span class='ocrx_word' id='word_1_81' title='bbox 1265 1222 1405 1254; x_wconf 86' lang='lat' dir='ltr'>tuetur.</span> 
     </span>
     <span class='ocr_line' id='line_1_16' title="bbox 449 1278 1289 1330; baseline 0.002 -15"><span class='ocrx_word' id='word_1_82' title='bbox 449 1279 508 1316; x_wconf 90' lang='lat' dir='ltr'>At</span> <span class='ocrx_word' id='word_1_83' title='bbox 529 1278 653 1330; x_wconf 89' lang='lat' dir='ltr'>Capra</span> <span class='ocrx_word' id='word_1_84' title='bbox 672 1279 804 1317; x_wconf 82' lang='lat' dir='ltr'><em>laevum</em></span> <span class='ocrx_word' id='word_1_85' title='bbox 822 1278 1006 1317; x_wconf 86' lang='lat' dir='ltr'>humerum</span> <span class='ocrx_word' id='word_1_86' title='bbox 1023 1278 1124 1317; x_wconf 87' lang='lat' dir='ltr'>clara</span> <span class='ocrx_word' id='word_1_87' title='bbox 1143 1278 1289 1317; x_wconf 80' lang='lat' dir='ltr'>obtinet.</span> 
     </span>
     <span class='ocr_line' id='line_1_17' title="bbox 315 1342 772 1396; baseline 0 -14"><span class='ocrx_word' id='word_1_88' title='bbox 315 1344 425 1382; x_wconf 89' lang='lat' dir='ltr'>Tum</span> <span class='ocrx_word' id='word_1_89' title='bbox 445 1357 529 1395; x_wconf 86' lang='lat' dir='ltr'>quae</span> <span class='ocrx_word' id='word_1_90' title='bbox 548 1342 772 1396; x_wconf 87' lang='lat' dir='ltr'>sequuntur,</span> 
     </span>
     <span class='ocr_line' id='line_1_18' title="bbox 456 1407 1466 1462; baseline 0.003 -16"><span class='ocrx_word' id='word_1_91' title='bbox 456 1411 584 1447; x_wconf 88' lang='lat' dir='ltr'>Verum</span> <span class='ocrx_word' id='word_1_92' title='bbox 602 1409 678 1448; x_wconf 83' lang='lat' dir='ltr'>haec</span> <span class='ocrx_word' id='word_1_93' title='bbox 696 1409 741 1462; x_wconf 70' lang='lat' dir='ltr'>est</span> <span class='ocrx_word' id='word_1_94' title='bbox 757 1423 898 1462; x_wconf 86' lang='lat' dir='ltr'>magno,</span> <span class='ocrx_word' id='word_1_95' title='bbox 918 1418 1026 1462; x_wconf 83' lang='lat' dir='ltr'>atque</span> <span class='ocrx_word' id='word_1_96' title='bbox 1044 1407 1173 1462; x_wconf 75' lang='lat' dir='ltr'>illustri</span> <span class='ocrx_word' id='word_1_97' title='bbox 1179 1408 1466 1462; x_wconf 80' lang='lat' dir='ltr'>praeditafigno.</span> 
     </span>
     <span class='ocr_line' id='line_1_19' title="bbox 455 1473 1432 1529; baseline 0.002 -17"><span class='ocrx_word' id='word_1_98' title='bbox 455 1474 595 1513; x_wconf 67' lang='lat' dir='ltr'>Contra</span> <span class='ocrx_word' id='word_1_99' title='bbox 614 1473 729 1513; x_wconf 82' lang='lat' dir='ltr'>Haedi</span> <span class='ocrx_word' id='word_1_100' title='bbox 742 1475 906 1529; x_wconf 86' lang='lat' dir='ltr'>exiguum</span> <span class='ocrx_word' id='word_1_101' title='bbox 911 1475 1061 1527; x_wconf 83' lang='lat' dir='ltr'>jaciunt</span> <span class='ocrx_word' id='word_1_102' title='bbox 1079 1474 1288 1514; x_wconf 84' lang='lat' dir='ltr'>mortalibus</span> <span class='ocrx_word' id='word_1_103' title='bbox 1305 1476 1432 1529; x_wconf 85' lang='lat' dir='ltr'>ignem.</span> 
     </span>
     <span class='ocr_line' id='line_1_20' title="bbox 317 1539 706 1594; baseline -0.003 -14"><span class='ocrx_word' id='word_1_104' title='bbox 317 1540 438 1594; x_wconf 89' lang='lat' dir='ltr'>Cujus</span> <span class='ocrx_word' id='word_1_105' title='bbox 459 1539 526 1578; x_wconf 91' lang='lat' dir='ltr'>sub</span> <span class='ocrx_word' id='word_1_106' title='bbox 546 1540 706 1593; x_wconf 90' lang='lat' dir='ltr'>pedibus</span> 
     </span>
     <span class='ocr_line' id='line_1_21' title="bbox 454 1602 1351 1657; baseline 0.001 -14"><span class='ocrx_word' id='word_1_107' title='bbox 454 1606 628 1657; x_wconf 86' lang='lat' dir='ltr'>Corniger·</span> <span class='ocrx_word' id='word_1_108' title='bbox 645 1605 691 1657; x_wconf 74' lang='lat' dir='ltr'>cst</span> <span class='ocrx_word' id='word_1_109' title='bbox 708 1604 826 1642; x_wconf 80' lang='lat' dir='ltr'>valido</span> <span class='ocrx_word' id='word_1_110' title='bbox 844 1605 1012 1643; x_wconf 83' lang='lat' dir='ltr'>connixus</span> <span class='ocrx_word' id='word_1_111' title='bbox 1030 1613 1174 1657; x_wconf 86' lang='lat' dir='ltr'>corpore</span> <span class='ocrx_word' id='word_1_112' title='bbox 1193 1602 1351 1644; x_wconf 78' lang='lat' dir='ltr'><em>Taurus.</em></span> 
     </span>
     <span class='ocr_line' id='line_1_22' title="bbox 315 1669 1309 1724; baseline -0.001 -14"><span class='ocrx_word' id='word_1_113' title='bbox 315 1672 410 1724; x_wconf 90' lang='lat' dir='ltr'>Ejus</span> <span class='ocrx_word' id='word_1_114' title='bbox 429 1679 544 1724; x_wconf 91' lang='lat' dir='ltr'>caput</span> <span class='ocrx_word' id='word_1_115' title='bbox 561 1669 676 1708; x_wconf 88' lang='lat' dir='ltr'>stellis</span> <span class='ocrx_word' id='word_1_116' title='bbox 696 1669 936 1723; x_wconf 90' lang='lat' dir='ltr'>conspersum</span> <span class='ocrx_word' id='word_1_117' title='bbox 956 1669 1009 1708; x_wconf 90' lang='lat' dir='ltr'>est</span> <span class='ocrx_word' id='word_1_118' title='bbox 1027 1669 1309 1722; x_wconf 89' lang='lat' dir='ltr'>frequentibus.</span> 
     </span>
     <span class='ocr_line' id='line_1_23' title="bbox 451 1734 1359 1789; baseline 0 -15"><span class='ocrx_word' id='word_1_119' title='bbox 451 1737 534 1774; x_wconf 89' lang='lat' dir='ltr'>Has</span> <span class='ocrx_word' id='word_1_120' title='bbox 554 1735 681 1774; x_wconf 82' lang='lat' dir='ltr'><em>Graeci</em></span> <span class='ocrx_word' id='word_1_121' title='bbox 683 1735 819 1789; x_wconf 85' lang='lat' dir='ltr'>stellas,</span> <span class='ocrx_word' id='word_1_122' title='bbox 841 1734 991 1788; x_wconf 65' lang='lat' dir='ltr'>ffladas</span> <span class='ocrx_word' id='word_1_123' title='bbox 1009 1735 1172 1774; x_wconf 85' lang='lat' dir='ltr'>vocitare</span> <span class='ocrx_word' id='word_1_124' title='bbox 1175 1736 1337 1788; x_wconf 76' lang='lat' dir='ltr'>suerunt</span> <span class='ocrx_word' id='word_1_125' title='bbox 1346 1752 1359 1780; x_wconf 75' lang='grc' dir='ltr'><strong><em>ς</em></strong></span> 
     </span>
     <span class='ocr_line' id='line_1_24' title="bbox 314 1796 1708 1854; baseline 0.002 -16"><span class='ocrx_word' id='word_1_126' title='bbox 314 1814 336 1838; x_wconf 87' lang='lat' dir='ltr'>a</span> <span class='ocrx_word' id='word_1_127' title='bbox 355 1799 523 1853; x_wconf 88' lang='lat' dir='ltr'>pluendo</span> <span class='ocrx_word' id='word_1_128' title='bbox 537 1818 550 1845; x_wconf 73' lang='lat'>5</span> <span class='ocrx_word' id='word_1_129' title='bbox 581 1796 639 1835; x_wconf 79' lang='grc' dir='ltr'>ὕειν</span> <span class='ocrx_word' id='word_1_130' title='bbox 665 1799 770 1838; x_wconf 89' lang='lat' dir='ltr'>enim</span> <span class='ocrx_word' id='word_1_131' title='bbox 790 1798 843 1837; x_wconf 91' lang='lat' dir='ltr'>est</span> <span class='ocrx_word' id='word_1_132' title='bbox 854 1799 980 1852; x_wconf 89' lang='lat' dir='ltr'>pluere</span> <span class='ocrx_word' id='word_1_133' title='bbox 993 1814 1008 1838; x_wconf 90' lang='lat'>.·</span> <span class='ocrx_word' id='word_1_134' title='bbox 1038 1799 1154 1837; x_wconf 88' lang='lat' dir='ltr'>nostri</span> <span class='ocrx_word' id='word_1_135' title='bbox 1174 1799 1353 1852; x_wconf 84' lang='lat' dir='ltr'>imperite</span> <span class='ocrx_word' id='word_1_136' title='bbox 1357 1799 1508 1852; x_wconf 80' lang='lat' dir='ltr'>suculas</span> <span class='ocrx_word' id='word_1_137' title='bbox 1522 1817 1534 1846; x_wconf 80' lang='lat'>3</span> <span class='ocrx_word' id='word_1_138' title='bbox 1565 1801 1667 1854; x_wconf 89' lang='lat' dir='ltr'>quafi</span> <span class='ocrx_word' id='word_1_139' title='bbox 1686 1816 1708 1841; x_wconf 80' lang='lat' dir='ltr'>a</span> 
     </span>
     <span class='ocr_line' id='line_1_25' title="bbox 316 1864 1706 1922; baseline 0.002 -18"><span class='ocrx_word' id='word_1_140' title='bbox 316 1865 445 1904; x_wconf 88' lang='lat' dir='ltr'>suibus</span> <span class='ocrx_word' id='word_1_141' title='bbox 465 1865 594 1909; x_wconf 87' lang='lat' dir='ltr'>effent,</span> <span class='ocrx_word' id='word_1_142' title='bbox 617 1877 694 1903; x_wconf 92' lang='lat' dir='ltr'>non</span> <span class='ocrx_word' id='word_1_143' title='bbox 713 1865 760 1902; x_wconf 90' lang='lat' dir='ltr'>ab</span> <span class='ocrx_word' id='word_1_144' title='bbox 780 1864 963 1910; x_wconf 78' lang='lat' dir='ltr'>imbribus,</span> <span class='ocrx_word' id='word_1_145' title='bbox 984 1865 1204 1904; x_wconf 83' lang='lat' dir='ltr'>nominatae.</span> <span class='ocrx_word' id='word_1_146' title='bbox 1236 1864 1438 1904; x_wconf 88' lang='lat' dir='ltr'>Minorem</span> <span class='ocrx_word' id='word_1_147' title='bbox 1457 1875 1587 1906; x_wconf 89' lang='lat' dir='ltr'>autem</span> <span class='ocrx_word' id='word_1_148' title='bbox 1613 1869 1706 1922; x_wconf 88' lang='lat' dir='ltr'>Sep-</span> 
     </span>
     <span class='ocr_line' id='line_1_26' title="bbox 317 1929 1439 1984; baseline 0.001 -14"><span class='ocrx_word' id='word_1_149' title='bbox 317 1932 551 1970; x_wconf 88' lang='lat' dir='ltr'>tentrionem</span> <span class='ocrx_word' id='word_1_150' title='bbox 570 1929 750 1983; x_wconf 89' lang='lat' dir='ltr'>Cepheus</span> <span class='ocrx_word' id='word_1_151' title='bbox 769 1930 878 1983; x_wconf 87' lang='lat' dir='ltr'>pasfis</span> <span class='ocrx_word' id='word_1_152' title='bbox 899 1931 1037 1983; x_wconf 88' lang='lat' dir='ltr'>palmis</span> <span class='ocrx_word' id='word_1_153' title='bbox 1058 1939 1164 1984; x_wconf 87' lang='lat' dir='ltr'>tergo</span> <span class='ocrx_word' id='word_1_154' title='bbox 1183 1930 1439 1983; x_wconf 82' lang='lat' dir='ltr'>subsequitur.</span> 
     </span>
     <span class='ocr_line' id='line_1_27' title="bbox 454 1995 1510 2050; baseline 0.003 -15"><span class='ocrx_word' id='word_1_155' title='bbox 454 1997 620 2049; x_wconf 87' lang='lat' dir='ltr'>Namque</span> <span class='ocrx_word' id='word_1_156' title='bbox 638 1996 747 2049; x_wconf 84' lang='lat' dir='ltr'><em>ipsum</em></span> <span class='ocrx_word' id='word_1_157' title='bbox 765 1995 817 2035; x_wconf 86' lang='lat' dir='ltr'>ad</span> <span class='ocrx_word' id='word_1_158' title='bbox 830 2005 971 2049; x_wconf 81' lang='lat' dir='ltr'>tergum</span> <span class='ocrx_word' id='word_1_159' title='bbox 991 1996 1181 2050; x_wconf 72' lang='lat' dir='ltr'>Cynosura</span> <span class='ocrx_word' id='word_1_160' title='bbox 1199 1997 1365 2037; x_wconf 83' lang='lat' dir='ltr'>vertitur</span> <span class='ocrx_word' id='word_1_161' title='bbox 1384 1999 1510 2038; x_wconf 57' lang='lat' dir='ltr'>Arai.</span> 
     </span>
     <span class='ocr_line' id='line_1_28' title="bbox 318 2062 649 2102; baseline -0.006 0"><span class='ocrx_word' id='word_1_162' title='bbox 318 2063 438 2102; x_wconf 86' lang='lat' dir='ltr'>Hunc</span> <span class='ocrx_word' id='word_1_163' title='bbox 457 2062 649 2101; x_wconf 88' lang='lat' dir='ltr'>antecedit</span> 
     </span>
     <span class='ocr_line' id='line_1_29' title="bbox 453 2128 1136 2181; baseline 0.001 -15"><span class='ocrx_word' id='word_1_164' title='bbox 453 2128 614 2180; x_wconf 89' lang='lat' dir='ltr'>Obscura</span> <span class='ocrx_word' id='word_1_165' title='bbox 619 2129 736 2181; x_wconf 83' lang='lat' dir='ltr'>specie</span> <span class='ocrx_word' id='word_1_166' title='bbox 741 2128 928 2180; x_wconf 83' lang='lat' dir='ltr'>stellarum</span> <span class='ocrx_word' id='word_1_167' title='bbox 949 2128 1136 2181; x_wconf 69' lang='lat' dir='ltr'>Cqfflopea.</span> 
     </span>
     <span class='ocr_line' id='line_1_30' title="bbox 453 2193 1356 2248; baseline 0.002 -17"><span class='ocrx_word' id='word_1_168' title='bbox 453 2195 563 2232; x_wconf 89' lang='lat' dir='ltr'>Hanc</span> <span class='ocrx_word' id='word_1_169' title='bbox 581 2202 697 2231; x_wconf 88' lang='lat' dir='ltr'>autem</span> <span class='ocrx_word' id='word_1_170' title='bbox 715 2193 845 2244; x_wconf 70' lang='lat' dir='ltr'>illustri</span> <span class='ocrx_word' id='word_1_171' title='bbox 860 2196 1030 2247; x_wconf 73' lang='lat' dir='ltr'>verssztur</span> <span class='ocrx_word' id='word_1_172' title='bbox 1048 2203 1191 2247; x_wconf 83' lang='lat' dir='ltr'>corpore</span> <span class='ocrx_word' id='word_1_173' title='bbox 1200 2202 1356 2248; x_wconf 80' lang='lat' dir='ltr'>propter</span> 
     </span>
     <span class='ocr_line' id='line_1_31' title="bbox 454 2257 1418 2313; baseline 0.002 -16"><span class='ocrx_word' id='word_1_174' title='bbox 454 2257 694 2302; x_wconf 85' lang='lat' dir='ltr'>Andromeda,</span> <span class='ocrx_word' id='word_1_175' title='bbox 714 2259 901 2311; x_wconf 67' lang='lat' dir='ltr'>aufugiens</span> <span class='ocrx_word' id='word_1_176' title='bbox 918 2260 1093 2312; x_wconf 61' lang='lat' dir='ltr'>aspeffum</span> <span class='ocrx_word' id='word_1_177' title='bbox 1110 2259 1227 2313; x_wconf 81' lang='lat' dir='ltr'>moesta</span> <span class='ocrx_word' id='word_1_178' title='bbox 1238 2262 1418 2313; x_wconf 66' lang='lat' dir='ltr'>parentis.</span> 
     </span>
     <span class='ocr_line' id='line_1_32' title="bbox 455 2323 1420 2379; baseline 0.003 -16"><span class='ocrx_word' id='word_1_179' title='bbox 455 2323 555 2363; x_wconf 80' lang='lat' dir='ltr'>Hu1‘c</span> <span class='ocrx_word' id='word_1_180' title='bbox 575 2325 699 2377; x_wconf 84' lang='lat' dir='ltr'><em>Equus</em></span> <span class='ocrx_word' id='word_1_181' title='bbox 717 2324 773 2362; x_wconf 88' lang='lat' dir='ltr'>ille</span> <span class='ocrx_word' id='word_1_182' title='bbox 778 2325 914 2377; x_wconf 77' lang='lat' dir='ltr'>jubam</span> <span class='ocrx_word' id='word_1_183' title='bbox 927 2327 1089 2379; x_wconf 79' lang='lat' dir='ltr'>quatiens</span> <span class='ocrx_word' id='word_1_184' title='bbox 1089 2326 1242 2379; x_wconf 83' lang='lat' dir='ltr'>fulgore</span> <span class='ocrx_word' id='word_1_185' title='bbox 1259 2328 1420 2372; x_wconf 83' lang='lat' dir='ltr'>micanti,</span> 
     </span>
     <span class='ocr_line' id='line_1_33' title="bbox 457 2390 1441 2446; baseline 0.005 -20"><span class='ocrx_word' id='word_1_186' title='bbox 457 2390 635 2427; x_wconf 88' lang='lat' dir='ltr'><em>Summum</em></span> <span class='ocrx_word' id='word_1_187' title='bbox 653 2390 830 2443; x_wconf 83' lang='lat' dir='ltr'>contingit</span> <span class='ocrx_word' id='word_1_188' title='bbox 846 2400 954 2444; x_wconf 85' lang='lat' dir='ltr'>caput</span> <span class='ocrx_word' id='word_1_189' title='bbox 973 2393 1055 2431; x_wconf 83' lang='lat' dir='ltr'>alvo</span> <span class='ocrx_word' id='word_1_190' title='bbox 1071 2407 1084 2430; x_wconf 92' lang='lat'><em>:</em></span> <span class='ocrx_word' id='word_1_191' title='bbox 1100 2391 1441 2446; x_wconf 59' lang='lat' dir='ltr'>stellaquejungent</span> 
     </span>
     <span class='ocr_line' id='line_1_34' title="bbox 459 2455 1345 2511; baseline 0.002 -17"><span class='ocrx_word' id='word_1_192' title='bbox 459 2455 552 2499; x_wconf 80' lang='lat' dir='ltr'>Una,</span> <span class='ocrx_word' id='word_1_193' title='bbox 584 2464 679 2494; x_wconf 83' lang='lat' dir='ltr'>tenet</span> <span class='ocrx_word' id='word_1_194' title='bbox 697 2455 848 2509; x_wconf 84' lang='lat' dir='ltr'>duplices</span> <span class='ocrx_word' id='word_1_195' title='bbox 865 2458 1038 2497; x_wconf 86' lang='lat' dir='ltr'><em>communi</em></span> <span class='ocrx_word' id='word_1_196' title='bbox 1054 2458 1180 2497; x_wconf 85' lang='lat' dir='ltr'>lumine</span> <span class='ocrx_word' id='word_1_197' title='bbox 1184 2459 1345 2511; x_wconf 81' lang='lat' dir='ltr'>formas,</span> 
     </span>
     <span class='ocr_line' id='line_1_35' title="bbox 457 2520 1359 2576; baseline 0.002 -17"><span class='ocrx_word' id='word_1_198' title='bbox 457 2520 649 2559; x_wconf 88' lang='lat' dir='ltr'>AEternum</span> <span class='ocrx_word' id='word_1_199' title='bbox 668 2536 710 2560; x_wconf 84' lang='lat' dir='ltr'>ex</span> <span class='ocrx_word' id='word_1_200' title='bbox 727 2522 831 2574; x_wconf 72' lang='lat' dir='ltr'>astris</span> <span class='ocrx_word' id='word_1_201' title='bbox 849 2524 988 2576; x_wconf 83' lang='lat' dir='ltr'>cupiens</span> <span class='ocrx_word' id='word_1_202' title='bbox 1005 2526 1204 2562; x_wconf 57' lang='lat' dir='ltr'>connea‘ffere</span> <span class='ocrx_word' id='word_1_203' title='bbox 1222 2523 1359 2562; x_wconf 83' lang='lat' dir='ltr'>nodum.</span> 
     </span>
     <span class='ocr_line' id='line_1_36' title="bbox 454 2586 1289 2629; baseline 0.002 -4"><span class='ocrx_word' id='word_1_204' title='bbox 454 2586 555 2626; x_wconf 79' lang='lat' dir='ltr'>Exin</span> <span class='ocrx_word' id='word_1_205' title='bbox 574 2588 744 2627; x_wconf 78' lang='lat' dir='ltr'>contortis</span> <span class='ocrx_word' id='word_1_206' title='bbox 763 2589 872 2628; x_wconf 82' lang='lat' dir='ltr'>Aries</span> <span class='ocrx_word' id='word_1_207' title='bbox 891 2603 968 2629; x_wconf 86' lang='lat' dir='ltr'>cum</span> <span class='ocrx_word' id='word_1_208' title='bbox 987 2589 1147 2628; x_wconf 82' lang='lat' dir='ltr'>cornibus</span> <span class='ocrx_word' id='word_1_209' title='bbox 1162 2589 1289 2627; x_wconf 80' lang='lat' dir='ltr'>haeret.</span> 
     </span>
    </p>
   </div>
  </div>
 </body>
</html>
