2330 2983
571 239 644 281 172
1001 223 1104 262 DE
1162 221 1545 262 FINIBUS

562 334 604 363 et
623 324 731 363 vestri
749 337 758 361 ε
790 334 914 375 neque
933 334 1020 360 vero
1039 322 1090 360 ob
1120 321 1212 359 duas
1234 321 1350 360 modo
1369 320 1509 366 causas,
1536 319 1641 373 quod
1660 319 1833 374 Epicuro
1850 320 1958 359 vide-

564 399 640 435 tur,
662 399 705 428 ut
722 389 885 443 pellatur
905 388 1040 426 mortis
1061 396 1100 426 et
1119 387 1314 440 religionis
1334 396 1485 431 metus;
1517 386 1579 425 sed
1595 387 1712 425 etiam
1731 386 1959 425 modestiam

563 456 757 508 quandam
776 453 949 507 cognitio
965 466 1093 491 rerum
1109 453 1314 491 caelestium
1334 452 1442 491 affert
1461 452 1521 497 iis,
1546 453 1614 505 qui
1633 453 1799 497 videant,
1816 460 1960 505 quanta

563 523 608 561 sit
627 522 744 560 etiam
764 520 865 574 apud
885 520 990 558 Deos
1009 519 1234 563 moderatio,
1256 527 1420 572 quantus
1440 518 1532 557 ordo
1548 536 1559 563 ;
1591 527 1629 556 et
1648 518 1959 572 magnitudinem

563 587 698 632 animi,
716 588 890 625 Deorum
906 598 1020 638 opera
1040 593 1078 622 et
1093 583 1190 622 facta
1209 583 1452 622 cernentibus
1467 601 1480 629 ;
1505 583 1692 636 justitiam
1713 583 1844 628 etiam,
1865 595 1960 621 cum

562 653 767 706 cognitum
799 650 950 696 habeas,
985 650 1090 703 quod
1122 650 1167 688 fit
1198 649 1340 687 summi
1361 649 1513 687 rectoris
1546 658 1586 687 et
1616 649 1766 687 domini
1796 661 1956 692 numen,

564 719 668 772 quod
687 718 905 762 confilium,
926 730 1010 769 quae
1030 716 1228 754 voluntas:
1249 716 1360 767 cujus
1380 715 1426 752 ad
1446 723 1620 753 naturam
1639 724 1726 768 apta
1743 715 1853 760 ratio,
1873 727 1960 753 vera

563 785 630 824 illa
648 793 686 824 et
707 784 857 822 summa
876 782 937 820 lex
957 795 977 819 a
996 779 1235 834 philosophis
1254 780 1408 818 dicitur.

622 850 722 889 Inest
742 850 782 886 in
802 848 934 886 eadem
954 847 1209 899 explicatione
1229 855 1370 884 naturae
1390 845 1612 883 insatiabilis
1631 845 1808 898 quaedam
1826 856 1847 882 e
1863 857 1958 897 cog-

562 915 761 955 noscendis
791 913 902 952 rebus
933 911 1106 964 voluptas
1122 930 1134 956 ς
1180 912 1220 949 in
1249 924 1324 963 qua
1353 924 1442 955 una,
1475 909 1659 949 confeftis
1686 910 1798 948 rebus
1829 909 1959 948 neces-

562 982 678 1027 sariis,
707 979 818 1018 vacui
837 977 1014 1030 negotiis,
1035 976 1191 1016 honeste
1210 989 1252 1014 ac
1273 975 1480 1014 liberaliter
1498 975 1694 1029 poffumus
1713 976 1851 1014 vivere.
1882 975 1959 1013 Er-

562 1061 614 1101 go
634 1048 673 1086 in
693 1045 765 1085 hac
781 1045 926 1084 ratione
945 1052 1024 1082 tota
1053 1042 1100 1081 de
1130 1043 1310 1081 maximis
1329 1041 1409 1080 fere
1428 1042 1540 1080 rebus
1570 1042 1689 1080 Stoici
1723 1041 1810 1081 illos
1840 1041 1960 1079 secuti

557 1115 659 1158 sunt,
690 1121 734 1151 ut
752 1121 790 1150 et
809 1112 914 1150 Deos
933 1109 1017 1154 effe,
1038 1118 1077 1147 et
1095 1117 1259 1161 quatuor
1283 1121 1330 1146 ex
1360 1108 1473 1146 rebus
1493 1108 1623 1147 omnia
1642 1107 1825 1153 constare,
1851 1106 1959 1145 dice-

562 1189 660 1219 rent.
692 1180 795 1217 Cum
817 1185 944 1215 autem
964 1183 1194 1228 quaereretur
1213 1188 1270 1212 res
1289 1174 1501 1213 admodum
1520 1174 1704 1219 difficilis,
1725 1187 1824 1211 num
1840 1173 1959 1225 quin-

562 1255 600 1284 ta
625 1245 799 1298 quaedam
830 1251 961 1280 natura
991 1240 1182 1279 videretur
1212 1239 1297 1285 effe,
1326 1253 1373 1278 ex
1403 1253 1479 1292 qua
1512 1240 1607 1278 ratio
1635 1248 1673 1277 et
1704 1238 1961 1292 intelligentia

561 1311 737 1354 oriretur,
768 1309 808 1346 in
828 1321 908 1359 quo
927 1307 1043 1344 etiam
1073 1305 1120 1344 de
1144 1305 1298 1350 animis,
1330 1306 1439 1357 cujus
1471 1305 1619 1358 generis
1650 1304 1780 1349 effent,
1810 1317 1960 1356 quaere-

561 1386 679 1421 retur,
712 1376 821 1413 Zeno
840 1373 880 1411 id
899 1372 1000 1410 dixit
1018 1371 1089 1410 effe
1108 1372 1239 1424 ignem
1257 1386 1266 1409 :
1299 1371 1485 1410 nonnulla
1516 1371 1652 1409 deinde
1677 1370 1799 1414 aliter,
1831 1369 1894 1408 sed
1916 1383 1962 1408 ea

560 1455 692 1496 pauca.
726 1441 787 1479 De
806 1439 975 1478 maxima
990 1446 1120 1476 autem
1140 1451 1192 1482 re,
1222 1437 1359 1475 eodem
1379 1436 1510 1482 modo,
1537 1437 1668 1475 divina
1687 1444 1818 1474 mente
1843 1444 1960 1488 atque

561 1517 696 1546 natura
715 1505 908 1544 mundum
929 1502 1148 1541 universum
1168 1511 1282 1555 atque
1312 1503 1391 1554 ejus
1411 1502 1598 1540 maximas
1633 1510 1756 1555 partes
1790 1501 1960 1540 admini-

561 1573 679 1611 strari.
712 1571 920 1610 Materiam
941 1582 1029 1607 vero
1057 1582 1186 1607 rerum
1214 1578 1252 1606 et
1279 1568 1430 1621 copiam
1451 1568 1552 1621 apud
1572 1566 1642 1606 hos
1672 1567 1829 1612 exilem,
1858 1567 1962 1621 apud

560 1639 650 1678 illos
670 1637 919 1681 uberrimam,
940 1635 1188 1688 reperiemus.

603 1707 734 1757 Qam
755 1703 878 1743 multa
897 1702 944 1740 ab
964 1700 1025 1740 his
1044 1701 1257 1754 conquisita
1275 1709 1312 1739 et
1327 1700 1487 1739 collecta
1506 1699 1592 1739 sunt
1611 1700 1658 1738 de
1677 1700 1858 1738 omnium
1874 1699 1958 1738 ani-

561 1772 754 1811 mantium
775 1781 924 1822 genere,
952 1776 1053 1812 ortu,
1085 1767 1286 1811 membris,
1318 1767 1492 1805 aetatibus
1511 1767 1523 1803 ?
1555 1780 1672 1819 quam
1695 1766 1820 1804 multa
1839 1766 1884 1804 de
1900 1779 1961 1804 re-

561 1839 633 1876 bus
654 1837 714 1881 iis,
737 1849 821 1888 quae
840 1834 1055 1887 gignuntur
1073 1846 1093 1871 e
1114 1833 1238 1871 terra?
1259 1846 1377 1885 quam
1399 1832 1545 1877 multae,
1567 1845 1762 1884 quamque
1783 1831 1829 1869 de
1848 1832 1962 1870 rebus

559 1903 672 1941 variis
692 1911 730 1939 et
750 1899 879 1944 causae,
902 1912 970 1937 cur
1003 1898 1175 1951 quidque
1203 1897 1282 1942 fiat,
1312 1907 1350 1936 et
1384 1897 1734 1942 demonstrationes,
1770 1897 1962 1949 quemad·

560 1968 724 2008 modum
745 1978 906 2019 quaeque
926 1964 1018 2002 fiant
1038 1965 1051 2001 ?
1083 1977 1158 2015 qua
1177 1977 1223 2001 ex
1240 1964 1348 2002 omni
1369 1964 1493 2016 copia,
1515 1963 1683 2016 plurima
1701 1972 1739 2000 et
1758 1962 1964 2000 certiffima

560 2042 785 2088 argumenta
805 2031 1007 2069 sumuntur
1027 2030 1072 2067 ad
1092 2029 1277 2081 cujusque
1305 2030 1355 2067 rei
1379 2039 1552 2067 naturam
1571 2028 1853 2081 explicandam.
1886 2029 1962 2066 Er-

559 2114 612 2155 go
631 2099 771 2144 adhuc,
802 2105 991 2150 quantum
1011 2095 1195 2148 equidem
1224 2096 1413 2147 intelligo,
1445 2094 1551 2133 causa
1569 2107 1644 2132 non
1671 2093 1822 2131 videtur
1853 2093 1962 2132 fuiffe

561 2166 739 2206 mutandi
760 2163 942 2202 nominis.
976 2162 1069 2200 Non
1088 2162 1208 2206 enim,
1238 2162 1261 2199 si
1283 2161 1416 2199 omnia
1446 2174 1521 2199 non
1543 2160 1783 2212 sequebatur,
1816 2160 1961 2198 idcirco

561 2246 639 2272 non
670 2241 747 2270 erat
777 2238 883 2268 ortus
912 2228 1034 2266 illinc.
1095 2227 1291 2280 Equidem
1321 2227 1435 2265 etiam
1467 2227 1696 2279 Epicurum,
1729 2227 1768 2263 in
1794 2225 1960 2278 physicis

561 2299 734 2352 quidem,
753 2296 1024 2335 Democritum
1043 2303 1162 2347 puto,
1186 2307 1304 2347 pauca
1320 2303 1458 2338 mutat,
1480 2293 1538 2330 vel
1560 2293 1668 2345 plura
1684 2292 1779 2330 sane.
1799 2294 1852 2330 At
1867 2306 1960 2331 cum

561 2365 607 2403 de
628 2362 805 2416 plurimis
826 2360 957 2398 eadem
979 2360 1088 2404 dicit,
1110 2369 1193 2397 tum
1210 2368 1311 2397 certe
1329 2359 1374 2396 de
1394 2359 1587 2396 maximis.
1624 2357 1742 2408 Qod
1759 2357 1852 2395 item
1867 2371 1960 2396 cum

562 2430 671 2469 vestri
693 2428 848 2472 faciant,
868 2439 942 2464 non
964 2425 1049 2463 satis
1070 2438 1249 2478 magnam
1271 2424 1445 2462 tribuunt
1466 2424 1728 2462 inventoribus
1748 2425 1923 2476 gmtiam.

618 2495 689 2535 V1.
722 2495 792 2534 Sed
812 2492 892 2532 haec
914 2491 1110 2531 hactenus.
1170 2491 1289 2530 Nunc
1320 2491 1531 2536 videamus,
1563 2488 1702 2543 quoeso,
1733 2488 1781 2528 de
1806 2488 1960 2528 summo
