2330 2983
458 291 536 340 406
723 287 814 325 DE
863 284 1200 323 NATURA
1248 283 1591 322 DEORUM

462 388 597 427 Deus?
631 385 841 436 Qomodo
863 396 975 436 porro
991 383 1097 420 Deus
1113 382 1192 425 iste,
1223 381 1249 419 fi
1268 379 1367 419 nihil
1393 380 1482 419 effet
1504 379 1573 418 nisi
1591 379 1755 425 animus,
1782 390 1846 421 aut

457 452 613 495 infixus,
644 460 708 488 aut
730 449 876 488 infusus
896 447 985 486 effet
1004 449 1044 486 in
1066 447 1213 485 mundo
1233 447 1247 483 ?

512 519 550 555 T
556 531 622 555 um
643 515 913 568 Xenophanes,
934 515 1016 567 qui,
1038 523 1167 552 mente
1182 512 1370 564 adjuncta,
1391 525 1507 550 omne
1525 520 1713 564 praeterea,
1735 511 1839 563 quod

456 582 544 621 effet
564 581 777 625 infinitum,
800 581 932 618 Deum
953 579 1075 617 voluit
1095 578 1178 622 effe,
1209 578 1255 615 de
1274 578 1351 630 ipsa
1372 586 1501 615 mente
1521 578 1614 615 item
1636 576 1841 630 reprehen-

454 648 571 692 ditur,
602 656 646 684 ut
665 647 788 684 caeteri
808 664 820 690 5
852 645 898 683 de
917 644 1106 682 infinitate
1125 653 1252 681 autem
1272 642 1549 688 vehementius,
1580 643 1620 681 in
1641 655 1716 694 qua
1741 641 1840 680 nihil

456 727 580 766 neque
600 713 774 756 sentiens,
806 725 929 763 neque
948 711 1199 761 conjundmm
1220 709 1341 761 potest
1360 708 1445 746 esse.

513 779 619 817 Nam
652 776 894 815 Parmenides
924 774 1240 813 commentitium
1271 773 1456 824 quiddam
1486 785 1633 811 coronae
1659 773 1840 811 similitu-

452 845 540 883 dine
557 843 697 881 efficit:
722 841 921 893 Stephanen
942 839 1120 891 appellat,
1143 838 1407 876 continentem
1427 837 1556 875 ardore
1574 837 1671 875 lucis
1691 837 1839 882 orbem,

455 909 523 961 qui
548 907 671 959 cingit
694 906 831 944 caelum
843 923 855 949 5
878 917 995 957 quem
1016 903 1178 956 appellat
1198 903 1344 941 Deum.
1376 903 1422 941 In
1442 915 1519 954 quo
1539 915 1662 954 neque
1679 901 1842 954 figuram

456 974 641 1017 divinam,
672 984 795 1023 neque
815 969 964 1009 sensum
997 968 1199 1021 quisquam
1230 967 1405 1020 suspicari
1441 967 1576 1020 potest.
1634 967 1842 1020 Multaque

452 1038 621 1091 ejusdem
655 1036 821 1076 monstra
852 1054 863 1080 ς
922 1035 1067 1087 quippe
1096 1034 1164 1086 qui
1198 1033 1360 1078 bellum,
1403 1032 1472 1085 qui
1502 1032 1742 1077 discordiam,
1773 1033 1842 1085 qui

456 1104 724 1157 cupiditatem,
754 1110 962 1152 caeteraque
981 1100 1127 1152 generis
1147 1099 1314 1151 ejusdem
1333 1098 1379 1136 ad
1399 1100 1530 1137 Deum
1550 1107 1724 1142 revocat;
1755 1112 1840 1150 quae

455 1170 516 1208 vel
550 1168 700 1212 morbo,
731 1166 789 1204 vel
820 1165 967 1209 somno,
1015 1164 1074 1202 vel
1108 1164 1315 1208 oblivione,
1345 1163 1405 1201 vel
1440 1163 1620 1202 vetustate
1651 1163 1838 1202 delentur.

456 1234 680 1285 Eademque
713 1232 759 1270 de
789 1231 970 1270 sideribus
987 1247 998 1274 5
1030 1242 1115 1281 quae
1144 1227 1365 1281 reprehensa
1392 1230 1474 1280 jam
1508 1229 1549 1267 in
1579 1228 1667 1273 alio,
1696 1228 1736 1267 in
1766 1228 1841 1267 hoc

454 1298 697 1337 omittantur.

509 1363 602 1402 XII.
634 1359 890 1414 Empedocles
937 1368 1079 1403 autem,
1124 1357 1247 1396 multa
1281 1358 1354 1395 alia
1381 1370 1556 1410 peccans,
1595 1358 1635 1395 in
1665 1357 1840 1397 Deorum

455 1429 637 1482 opinione
659 1426 869 1479 turpiffime
890 1424 1043 1462 labitur.
1080 1424 1257 1474 Qatuor
1291 1423 1396 1461 enim
1429 1431 1594 1467 naturas,
1623 1435 1670 1460 ex
1697 1423 1840 1475 quibus

454 1494 586 1532 omnia
598 1492 763 1531 constare
777 1490 873 1535 vult,
895 1489 1040 1527 divinas
1060 1488 1130 1527 effe
1149 1488 1274 1526 censet
1288 1505 1300 1532 ;
1318 1501 1411 1541 quas
1426 1496 1465 1525 et
1481 1487 1595 1532 nasci,
1615 1496 1653 1525 et
1667 1489 1843 1541 extingui

455 1558 699 1612 perspicuum
718 1556 783 1600 est,
814 1564 852 1593 et
872 1555 979 1592 sensu
998 1554 1108 1592 omni
1128 1567 1266 1592 carere.

510 1624 597 1663 Nec
627 1635 715 1660 vero
745 1622 980 1673 Protagoras,
1011 1619 1079 1672 qui
1109 1618 1181 1656 sese
1210 1626 1321 1671 negat
1340 1618 1501 1656 omnino
1527 1618 1574 1656 de
1596 1618 1684 1656 Diis
1705 1616 1843 1658 habere

456 1690 561 1743 quod
581 1690 739 1741 liqueat,
760 1687 845 1731 sint,
875 1700 952 1724 non
972 1685 1057 1731 sint,
1087 1684 1261 1738 qualesve
1280 1684 1366 1729 sint,
1397 1683 1610 1736 quidquam
1629 1684 1779 1723 videtur
1797 1685 1844 1723 de

456 1766 589 1795 natura
608 1756 783 1792 Deorum
803 1752 992 1804 suspicari.
1401 1789 1421 1805 ο

510 1820 646 1873 Qid?
691 1817 954 1862 Democritus,
986 1817 1054 1868 qui
1084 1824 1169 1854 tum
1196 1815 1394 1868 imagines,
1424 1828 1630 1868 earumque
1659 1816 1843 1855 circuitus

455 1889 496 1926 in
529 1888 703 1925 Deorum
735 1896 897 1922 numero
926 1881 1038 1920 refert
1054 1901 1066 1927 ς
1098 1891 1183 1920 tum
1204 1882 1312 1919 illam
1335 1890 1523 1926 naturam,
1553 1894 1638 1933 quae
1658 1882 1843 1934 imagines

455 1952 594 1991 fundat
632 1965 674 1989 ac
709 1950 838 1988 mittat
854 1967 866 1992 ς
899 1958 983 1986 tum
1019 1947 1215 1985 scientiam
1246 1946 1620 2000 intelligentiamque
1648 1946 1841 1992 nostram;

456 2030 582 2056 nonne
599 2017 637 2054 in
660 2015 832 2053 maximo
851 2027 971 2051 errore
991 2013 1154 2050 versatur
1177 2013 1189 2049 ?
1221 2013 1403 2064 Cumque
1422 2012 1524 2050 idem
1545 2012 1719 2056 omnino,
1754 2013 1845 2063 quia

456 2082 555 2122 nihil
578 2082 721 2134 semper
741 2079 806 2118 suo
840 2079 934 2116 statu
969 2087 1131 2122 maneat,
1167 2086 1277 2129 neget
1307 2076 1376 2114 esse
1398 2077 1611 2128 quidquam
1643 2076 1841 2129 sempiter-

456 2162 551 2187 num
573 2166 584 2193 ς
608 2159 733 2185 nonne
754 2146 884 2183 Deum
901 2145 1061 2182 omnino
1081 2143 1130 2181 ita
1151 2142 1266 2187 tollit,
1289 2151 1330 2180 ut
1351 2142 1497 2180 nullam
1518 2142 1741 2194 opinionem
1762 2144 1842 2194 ejus

457 2215 642 2266 reliquam
681 2211 821 2250 faciat?

517 2279 652 2330 Qid?
693 2291 764 2322 aer,
806 2290 884 2329 quo
925 2275 1117 2328 Diogenes
1152 2274 1414 2326 Apolloniates
1450 2273 1572 2311 utitur
1602 2273 1686 2319 deo,
1724 2287 1842 2326 quem

456 2345 603 2384 sensum
626 2343 762 2381 habere
784 2342 916 2395 potest,
947 2350 1010 2378 aut
1031 2354 1148 2393 quam
1170 2339 1335 2379 formam
1358 2340 1432 2377 Dei
1457 2340 1469 2376 ?

510 2411 598 2462 Jam
615 2410 660 2448 de
682 2408 849 2448 Platonis
871 2406 1118 2445 inconstantia
1134 2406 1296 2458 longum
1316 2405 1367 2443 est
1387 2405 1533 2449 dicere,
1558 2405 1625 2457 qui
1640 2405 1677 2443 in
1691 2406 1844 2444 Timaeo

457 2486 599 2528 patrem
633 2474 746 2526 hujus
781 2473 915 2512 mundi
949 2472 1138 2510 nominari
1160 2480 1271 2523 neget
1302 2470 1430 2523 polle,
1465 2472 1502 2507 in
1534 2472 1684 2523 Legum
1715 2481 1843 2509 autem

458 2540 579 2584 libris,
603 2539 696 2592 quid
715 2539 756 2577 sit
772 2538 932 2577 omnino
950 2538 1068 2581 Deus,
1090 2537 1234 2588 inquiri
1254 2545 1426 2588 oportere
1441 2550 1516 2573 non
1533 2536 1692 2574 censeat.
1724 2535 1841 2586 Qod

456 2620 543 2645 vcro
560 2606 632 2645 linc
647 2619 804 2659 corpore
825 2603 904 2644 ullo
925 2604 1055 2643 Deum
1076 2602 1159 2641 vult
1175 2601 1259 2648 ess'c,
1282 2612 1324 2641 ut
1341 2603 1467 2642 Graeci
1483 2601 1617 2641 dicunt
1636 2602 1811 2650 ἀσώματον
1826 2618 1838 2645 ;
