2330 2983
571 213 648 265 246
880 213 1654 253 TUSCULANARUM

568 326 638 351 nec
660 312 734 349 fine
764 311 901 363 palato,
934 324 1002 350 nec
1037 312 1113 349 fine
1146 311 1334 357 faucium,
1365 312 1542 357 laterum,
1573 312 1808 365 pulmonum
1837 313 1890 358 vi,
1920 322 1958 352 et

566 377 687 430 figura
707 377 840 429 potest.
873 375 988 415 Nihil
1006 378 1112 415 enim
1132 378 1262 416 animo
1280 379 1406 416 videre
1426 387 1600 431 poterant
1615 397 1626 424 ;
1652 378 1698 416 ad
1717 378 1849 417 oculos
1869 392 1957 417 om-

566 443 630 481 nia
648 441 871 480 referebant.
921 443 1061 495 Magni
1092 451 1222 481 autem
1256 443 1309 482 est
1339 444 1499 496 ingenii,
1535 457 1704 482 revocare
1736 454 1907 482 mentem
1938 457 1959 481 a

564 507 744 552 sensibus,
775 517 815 546 et
841 508 1114 561 cogitationem
1136 522 1156 547 a
1175 509 1448 548 consuetudine
1473 510 1672 548 abducere.
1723 511 1856 562 Itaque
1875 523 1957 548 cre-

565 573 615 612 do
647 573 827 626 equidem
861 575 976 612 etiam
1006 575 1098 613 alios
1128 584 1185 613 tot
1216 575 1348 614 seculis
1379 575 1578 629 disputaffe
1607 576 1653 614 de
1685 576 1823 614 animis
1840 595 1851 620 ;
1884 575 1956 621 sed,

564 640 669 692 quod
690 639 808 678 literis
829 649 944 685 extet,
978 640 1211 693 Pherecydes
1232 642 1360 693 Syrius
1390 642 1562 694 primum
1582 642 1694 687 dixit,
1715 643 1863 680 animos
1884 641 1956 680 ho-

565 705 720 743 minum
740 705 810 742 effe
829 705 1100 758 sempiternos:
1124 707 1304 758 antiquus
1324 707 1435 750 sane;
1457 705 1532 744 fuit
1551 708 1656 745 enim
1676 721 1764 745 meo
1779 719 1958 760 regnante

562 771 712 824 gentili.
734 772 849 809 Hanc
868 772 1091 821 opinionem
1111 771 1319 824 discipulus
1336 773 1415 823 ejus
1437 771 1668 825 Pythagoras
1688 772 1954 821 confirmavit;

563 837 646 888 qui,
674 835 765 874 cum
786 837 958 888 Superbo
979 846 1159 889 regnante
1189 837 1230 874 in
1262 837 1411 875 Italiam
1431 837 1598 882 veniffet,
1631 838 1754 876 tenuit
1777 852 1956 892 magnam

563 902 671 940 illam
692 903 884 941 Graeciam
904 916 996 940 cum
1015 902 1160 941 honore
1188 913 1228 940 et
1258 902 1470 955 disciplina,
1502 912 1586 941 tum
1605 903 1720 941 etiam
1753 907 1956 944 auctorita-

563 975 626 1011 te;
658 967 856 1019 multaque
875 967 998 1005 secula
1016 967 1141 1020 postea
1166 967 1215 1005 fic
1235 968 1360 1020 viguit
1382 966 1711 1021 Pythagoreorum
1738 983 1893 1016 nomen,
1916 982 1957 1010 ut

563 1033 662 1070 nulli
680 1033 744 1071 aJii
764 1033 866 1071 docti
886 1033 1118 1072 viderentur.

608 1100 740 1138 XVII.
773 1099 844 1137 Sed
864 1099 975 1137 redeo
995 1100 1041 1138 ad
1060 1101 1252 1152 antiquos.
1275 1101 1482 1140 Rationem
1503 1101 1560 1139 illi
1581 1101 1774 1140 sententiae
1794 1103 1866 1141 suae
1882 1117 1958 1142 non

562 1163 640 1203 fere
659 1165 880 1209 reddebant,
899 1165 966 1203 nifi
986 1166 1081 1218 quid
1100 1175 1177 1204 erat
1198 1167 1382 1211 numeris,
1406 1175 1471 1204 aut
1491 1166 1809 1220 descriptionibus
1829 1170 1955 1222 expli-

561 1231 742 1269 candum.
789 1231 989 1269 Platonem
1009 1230 1152 1276 ferunt,
1187 1242 1231 1270 ut
1250 1231 1508 1286 Pythagoreos
1528 1233 1785 1285 cognosceret,
1811 1235 1852 1273 in
1879 1237 1956 1274 Ita-

561 1291 654 1329 liam
668 1290 816 1336 veniffe,
835 1301 872 1328 et
892 1292 931 1329 in
951 1305 994 1329 ea
1011 1305 1103 1330 cum
1122 1292 1214 1330 alios
1231 1293 1390 1338 multos,
1406 1302 1490 1331 tum
1507 1293 1720 1345 Archytam
1737 1296 1956 1335 Timaeum-

561 1370 636 1408 que
665 1356 894 1410 cognoviss‘e,
925 1367 963 1395 et
988 1357 1158 1396 didiciffe
1189 1357 1424 1412 Pythagorea
1453 1360 1584 1397 omnia
1600 1378 1612 1404 ς
1644 1361 1893 1413 primumque
1912 1363 1959 1401 de

560 1424 780 1462 animorum
802 1424 1006 1462 aeternitate
1027 1437 1103 1463 non
1124 1424 1248 1464 solum
1269 1425 1411 1464 senfiss‘e
1430 1425 1548 1470 idem,
1581 1426 1687 1478 quod
1709 1425 1956 1481 Pythagoras,

559 1489 622 1528 sed
642 1491 827 1528 rationem
847 1490 963 1528 etiam
984 1490 1158 1529 attuliffe.
1205 1493 1350 1543 Qam,
1384 1491 1451 1529 nisi
1472 1492 1567 1544 quid
1587 1492 1696 1537 dicis,
1727 1495 1957 1546 praetermit-

560 1565 701 1600 tamus,
723 1566 760 1594 et
779 1555 878 1594 hanc
901 1565 1022 1595 totam
1044 1557 1148 1610 spem
1169 1558 1468 1597 immortalitatis
1491 1559 1764 1611 relinquamus.

610 1622 845 1659 Aumron.
869 1623 930 1659 An
950 1631 1006 1667 tu,
1023 1635 1115 1660 cum
1132 1636 1195 1660 me
1215 1623 1254 1660 in
1275 1622 1467 1660 summam
1487 1625 1789 1675 expectationem
1810 1625 1957 1664 addux-

559 1687 646 1730 eris,
675 1686 837 1724 deseris?
874 1687 1007 1724 Errare
1043 1686 1263 1725 mehercule
1298 1688 1400 1725 malo
1432 1701 1524 1726 cum
1560 1689 1731 1734 Platone,
1767 1703 1886 1742 quem
1916 1701 1959 1730 tu

559 1753 694 1804 quanti
724 1750 839 1790 facias
872 1751 962 1796 scio,
1000 1762 1038 1790 et
1072 1766 1189 1804 quem
1220 1767 1267 1792 ex
1302 1763 1370 1791 tuo
1398 1767 1462 1791 ore
1496 1753 1677 1799 admiror,
1713 1769 1830 1807 quam
1865 1770 1958 1796 cum

560 1817 639 1855 istis
660 1831 744 1855 vera
764 1817 916 1855 sentire.
967 1818 1182 1856 MARCUS.
1206 1819 1336 1856 Macte
1355 1819 1508 1857 virtute.
1541 1820 1626 1872 Ego
1644 1821 1749 1858 enim
1770 1820 1848 1872 ipse
1867 1835 1958 1861 cum

559 1883 695 1921 eodem
716 1883 796 1936 ipso
817 1897 894 1921 non
916 1884 1057 1921 invitus
1078 1885 1294 1923 erraverim.
1341 1885 1453 1923 Num
1485 1884 1602 1938 igitur
1627 1885 1864 1930 dubitamus,
1897 1901 1958 1932 an,

560 1949 655 1987 ficut
689 1949 883 2001 pleraque,
917 1949 966 1987 fic
999 1959 1036 1987 et
1072 1949 1180 1988 hoc?
1217 1964 1437 2003 quanquam
1462 1949 1536 1989 hoc
1574 1952 1732 2004 quidem
1764 1953 1957 1992 minime:

559 2015 781 2068 persuadent
801 2015 904 2052 enim
929 2014 1206 2060 mathematici,
1238 2025 1374 2054 terrain
1412 2017 1451 2054 in
1474 2017 1602 2055 medio
1630 2018 1765 2055 mundi
1788 2018 1893 2057 fitam
1914 2020 1960 2057 ad

561 2081 721 2119 universi
741 2081 824 2118 caeli
843 2081 1093 2133 complexum
1110 2082 1210 2133 quali
1230 2083 1360 2134 puncti
1384 2082 1495 2120 instar
1514 2083 1700 2126 obtinere,
1723 2084 1827 2136 quod
1844 2098 1961 2138 ›mi-ger

560 2147 618 2185 illi
639 2157 773 2184 vocant
792 2162 800 2184 :
832 2160 914 2184 eam
948 2160 1060 2199 porro
1081 2157 1254 2185 naturam
1281 2148 1351 2186 ell'e
1372 2158 1536 2200 quatuor
1555 2150 1686 2187 omnia
1711 2149 1958 2202 gignentium

559 2225 779 2265 corporum,
815 2223 857 2250 ut
878 2212 979 2264 quasi
1002 2213 1138 2265 partita
1158 2212 1319 2251 habeant
1341 2215 1438 2251 inter
1458 2214 1504 2259 se,
1533 2224 1570 2252 et
1597 2215 1713 2253 divisa
1733 2226 1929 2253 momenta
1948 2231 1957 2254 ε

560 2287 716 2322 terrena,
737 2289 774 2316 et
800 2277 960 2316 humida
981 2277 1111 2331 suopte
1139 2288 1250 2323 nutu,
1283 2288 1321 2317 et
1339 2278 1404 2317 suo
1425 2280 1588 2332 pondere
1609 2281 1653 2318 ad
1677 2294 1779 2333 pares
1800 2281 1966 2334 angulo·

559 2344 597 2382 in
621 2354 774 2388 terram,
809 2354 845 2382 et
878 2345 916 2382 in
939 2358 1041 2382 mare
1063 2343 1258 2389 ferantur;
1292 2345 1446 2397 reliquae
1466 2346 1548 2383 dum
1568 2356 1703 2399 partes,
1737 2361 1809 2384 una
1836 2348 1958 2400 ignea.

559 2409 674 2447 altem
693 2409 867 2448 animalis
885 2428 895 2453 ;
928 2419 969 2447 ut
989 2409 1063 2447 illae
1084 2409 1289 2462 superiores
1312 2411 1349 2447 in
1372 2411 1544 2448 medium
1567 2412 1696 2450 locum
1717 2412 1851 2450 mundi
1872 2426 1958 2465 gra-

560 2475 675 2511 vitate
697 2473 865 2513 ferantur
891 2483 928 2512 et
952 2474 1130 2527 pondere,
1163 2474 1210 2513 sic
1245 2474 1301 2512 hae
1330 2474 1473 2513 sursum
1503 2477 1612 2514 rectis
1641 2477 1752 2515 lincis
1774 2478 1812 2515 in
1832 2477 1958 2515 caelcs-

558 2549 640 2588 tem
661 2539 791 2579 locum
812 2540 1027 2587 subvolent,
1047 2540 1119 2579 five
1140 2540 1226 2595 ipsae
1250 2542 1382 2580 natur-a
1409 2541 1595 2596 superiora
1621 2552 1855 2597 appetenteS,
1887 2541 1959 2583 sive
