2330 2983
568 232 648 273 186
987 229 1093 268 DE
1149 223 1539 267 FINIBUS

564 336 779 387 adjungunt
809 333 846 371 ei
875 340 1002 369 tamen
1029 330 1177 383 aliquid
1196 329 1350 368 summo
1369 329 1410 367 in
1437 328 1548 367 bono
1561 325 1750 365 finiendo»
1789 324 1828 365 Si
1855 326 1969 365 enim

564 403 685 439 virtus
716 400 832 451 digna
849 397 901 436 est
932 398 1172 451 gloriatione,
1207 405 1251 435 ut
1281 396 1346 440 est,
1376 404 1605 447 tantumque
1637 392 1784 447 praestat
1817 393 1969 432 caeteris

568 467 693 510 rebus,
725 474 768 503 ut
787 464 865 502 dici
884 463 947 502 vix
968 462 1079 516 poffit
1097 480 1109 507 ;
1139 471 1178 500 et
1198 462 1333 501 beatus
1349 460 1421 499 effe
1440 461 1580 514 poterit
1599 459 1740 497 virtute
1759 471 1837 496 una
1865 471 1967 511 prae·

566 531 684 575 ditus,
713 531 842 569 c'arens
861 529 1019 566 caeteris.
1050 528 1138 566 Nec
1159 536 1285 565 tamen
1308 525 1406 564 illud
1425 526 1497 564 tibi
1517 524 1715 569 concedet,
1732 533 1866 577 praeter
1883 523 1966 561 vir-

568 606 693 635 tutem
712 595 811 634 nihi}
828 594 867 633 in
889 594 1000 632 bonis
1015 593 1086 631 effe
1101 592 1336 631 ducendum.
1359 591 1423 630 Illi
1443 600 1591 636 autern,
1603 591 1745 643 quibus
1767 589 1969 628 summum

569 662 718 700 bonum
737 661 814 699 fine
833 659 974 697 virtute
993 658 1058 703 est,
1077 672 1153 696 non
1170 657 1316 695 dabunt
1332 655 1495 701 fortasse,
1515 657 1638 694 vitam
1657 655 1807 694 beatam
1825 653 1972 692 habere

569 727 611 765 in
631 741 711 779 quo
723 727 810 779 jure
829 724 940 778 possit
959 723 1126 776 glor'mri.
1169 723 1250 761 Etfi
1270 722 1330 760 illi
1348 721 1509 773 quidem
1525 721 1643 759 etiam
1661 720 1875 772 voluptates
1905 717 1968 757 fa-

569 793 680 832 ciunt
698 791 893 831 interdum
913 789 1106 842 gloriosas.
1129 788 1248 826 Vides
1265 787 1397 839 igitur,
1410 796 1449 824 te
1467 795 1533 824 aut
1551 799 1594 823 ea
1612 785 1777 829 fumere,
1789 797 1876 837 quae
1889 797 1973 823 non.

570 858 847 901 concedantur,
865 864 931 893 aut
948 868 1005 899 ea,
1025 868 1110 906 quae
1125 853 1241 891 etiam
1263 851 1433 890 conceffa
1453 860 1490 889 te
1509 850 1611 889 nihil
1623 851 1776 903 juvent.

624 924 738 963 XIX.
769 921 965 974 Equidem
986 920 1026 958 in
1045 919 1229 957 omnibus
1258 917 1337 956 istis
1357 916 1667 955 conclufionibus
1696 914 1774 954 hoe
1792 905 1973 969 putarem

570 987 814 1044 philosophia
833 986 1019 1039 nobisque
1037 985 1219 1038 dignum,
1238 994 1277 1023 et
1296 983 1467 1022 maxime
1485 996 1579 1021 cum
1598 981 1799 1021 summum
1819 981 1975 1020 bonum

571 1067 841 1110 quaereremuS,
862 1053 984 1091 vita-m
1002 1051 1185 1096 nostram,
1203 1049 1375 1095 consilia,
1385 1049 1616 1094 voluntates,
1635 1060 1714 1087 non
1732 1048 1862 1093 verba,
1881 1060 1977 1086 cor-

572 1123 661 1175 rigi.
713 1120 812 1172 Qis
833 1119 938 1157 enim
959 1116 1079 1171 potest
1099 1116 1192 1161 istis,
1223 1129 1308 1168 quae
1327 1125 1377 1160 te,
1410 1123 1456 1152 ut
1473 1114 1541 1159 ais,
1563 1114 1765 1158 deleC'tant,
1790 1113 1978 1152 brevibus

571 1198 611 1227 et
628 1188 765 1232 acutis,
784 1185 940 1230 auditis,
969 1184 1016 1222 de
1037 1183 1221 1221 sententia
1239 1181 1448 1220 decedere?
1478 1181 1607 1226 Nam„
1627 1193 1720 1218 cum
1740 1193 1782 1218 ea
1802 1179 1976 1233 spectant

572 1263 611 1293 et
628 1261 740 1292 avent
759 1251 902 1296 audire,
931 1263 1001 1288 cur
1033 1248 1143 1287 dolor
1172 1248 1320 1287 malum
1340 1260 1419 1285 non
1444 1247 1505 1292 fit,
1534 1246 1671 1284 dicunt
1691 1245 1764 1290 illi,
1796 1245 1976 1298 asperum.

572 1320 644 1359 effe
672 1318 815 1362 dolere,
844 1315 1066 1359 molestum,
1101 1314 1293 1358 odiosum,
1334 1322 1467 1352 contra
1499 1321 1689 1356 naturam,
1720 1311 1880 1350 difficile
1907 1321 1978 1349 to-

573 1386 719 1424 lerata:
751 1382 826 1427 sed,
858 1381 950 1434 quia
979 1380 1086 1418 nulla
1104 1379 1150 1419 fit
1178 1380 1219 1418 in
1249 1379 1380 1417 dolore
1400 1391 1469 1416 nec
1489 1377 1613 1423 fraus„
1636 1390 1707 1416 nec
1728 1377 1980 1430 improbitas,

572 1464 644 1491 nec
676 1448 838 1493 malitia,
870 1460 940 1485 nec
974 1446 1102 1499 culpa,
1131 1459 1201 1484 nec
1232 1445 1447 1498 turpitudo,
1478 1457 1556 1482 non
1586 1443 1656 1481 effe
1686 1443 1785 1482 illud
1805 1441 1970 1481 malum.

573 1518 671 1557 Haec
701 1515 772 1569 qui
805 1513 982 1557 audierit,
1013 1521 1057 1550 ut
1090 1511 1210 1550 ridere
1244 1525 1323 1549 non
1354 1520 1474 1555 curet,
1505 1509 1670 1548 discedet
1698 1519 1826 1548 tamen
1849 1507 1982 1548 nihilo.

573 1583 723 1623 firmior
752 1581 799 1619 ad
828 1579 1007 1618 dolorem
1022 1577 1239 1622 ferendum,
1271 1591 1389 1630 quam
1411 1585 1574 1614 venerat.
1614 1577 1685 1614 Tu
1708 1585 1837 1614 autem
1858 1587 1983 1628 neg-as

573 1650 715 1689 fortem
734 1646 806 1686 effe
825 1642 1065 1699 quemquam
1098 1643 1213 1698 poffe,
1246 1644 1314 1696 qui
1334 1643 1508 1682 dolorem
1539 1642 1688 1681 malum
1709 1651 1831 1695 putet.
1892 1643 1981 1680 Cur·

573 1716 709 1756 fortior
728 1714 791 1759 fit,
808 1713 834 1751 fi
854 1711 969 1756 illud,
988 1711 1092 1764 quod
1112 1719 1194 1749 tute
1213 1710 1406 1755 concedis,
1436 1709 1609 1762 asperum
1630 1718 1667 1747 et
1687 1709 1751 1747 vix
1771 1707 1981 1746 ferendum-

574 1781 752 1837 putabit?
783 1779 846 1817 Ex
867 1777 979 1816 rebus
1010 1777 1117 1815 enim
1137 1776 1338 1821 timiditas,
1370 1789 1447 1814 non
1478 1789 1525 1814 ex
1559 1774 1772 1819 vocabulis,
1795 1772 1973 1812 nascitur.

575 1850 628 1888 Et
647 1848 717 1892 ais,
750 1845 776 1884 fi
798 1857 873 1883 una
892 1843 999 1882 litera
1017 1852 1216 1882 commota.
1235 1842 1292 1887 fit,
1323 1841 1418 1886 fore,
1441 1850 1521 1879 tota
1550 1850 1594 1879 ut
1624 1841 1727 1878 labet
1745 1839 1945 1892 disciplina
1964 1854 1985 1877 ῑ,

574 1913 707 1953 utrum
727 1911 847 1964 igitur
877 1909 951 1947 tibi
970 1909 1122 1947 literam
1141 1908 1293 1953 videor,
1310 1922 1355 1945 an
1389 1917 1484 1945 totas
1506 1907 1675 1960 paginas,
1696 1919 1940 1944 commovere
1961 1904 1974 1940 ?

576 1981 634 2018 Ut
653 1979 759 2016 enim
780 1977 823 2015 fit
842 1975 943 2029 apud
963 1974 1065 2019 illos,
1096 1974 1136 2012 id
1155 1974 1260 2026 quod
1292 1974 1344 2011 est
1363 1987 1383 2011 a
1410 1983 1446 2012 te
1476 1973 1688 2017 laudatum,
1725 1971 1818 2010 ordo
1851 1984 1981 2009 rerum

576 2045 831 2086 conservatus,
851 2051 890 2079 et
907 2041 1040 2078 omnia
1059 2040 1157 2078 inter
1177 2039 1211 2077 se
1231 2049 1317 2092 apta
1347 2049 1385 2077 et
1405 2051 1590 2082 connexa,
1618 2038 1686 2089 (fic
1707 2038 1811 2075 enim
1833 2037 1985 2088 aiebas)

577 2122 704 2150 tamen
727 2107 900 2163 persequi
920 2120 998 2144 non
1017 2106 1220 2150 debemus,
1251 2105 1276 2144 si
1296 2119 1315 2142 a
1335 2104 1434 2143 falsis
1467 2103 1667 2157 principiis
1695 2101 1862 2156 profecta
1883 2115 1980 2141 con-

577 2185 715 2230 gruent
736 2173 813 2227 ipsa
834 2173 915 2216 fibi,
937 2181 975 2210 et
992 2186 1012 2209 a
1032 2171 1223 2225 proposito
1242 2185 1319 2209 non
1339 2171 1526 2208 aberrant.

635 2244 679 2282 1n
711 2241 836 2294 prima
869 2239 987 2292 igitur
1016 2238 1288 2276 constitutione
1323 2238 1431 2275 Zeno
1468 2246 1554 2275 tuus
1590 2249 1610 2273 a
1641 2244 1772 2273 natum
1804 2235 1947 2273 recessit
1965 2253 1984 2280 μ

580 2321 750 2361 cumque
771 2306 968 2345 summum
1000 2305 1148 2343 bonum
1170 2303 1348 2357 posuiss‘et
1379 2304 1416 2340 in
1439 2302 1583 2356 ingenii
1605 2301 1829 2354 praestantia,
1862 2314 1981 2353 quam

582 2376 768 2414 virtutem
788 2384 983 2415 vocamus,
1016 2383 1082 2408 ncc
1104 2370 1317 2421 quidquam
1338 2369 1439 2406 aliud
1463 2369 1608 2406 bonnm
1629 2366 1699 2406 etse
1725 2366 1888 2411 dixiss‘ct,
1912 2367 1987 2405 nisi

582 2439 687 2492 quod
720 2438 807 2477 cffet
834 2437 1052 2481 honestum,
1084 2449 1152 2473 nec
1188 2436 1369 2473 virtutem
1402 2433 1499 2487 posse
1532 2434 1712 2477 constare,
1743 2433 1767 2471 si
1801 2433 1838 2470 in
1867 2442 1980 2471 caetc-

583 2507 632 2544 n's
653 2505 763 2543 rebus
781 2503 867 2542 esset
894 2503 1122 2556 quidquam,
1153 2501 1258 2553 quod
1279 2501 1381 2538 aliud
1403 2501 1477 2537 alio
1498 2501 1635 2538 melius
1656 2499 1744 2537 esset
1764 2508 1827 2536 aut
1845 2499 1951 2551 pejus
1970 2513 1980 2535 ·.

583 2570 642 2611 his
664 2571 877 2625 propositis,
908 2569 1031 2609 tenuit
1051 2567 1199 2623 prorsus
1226 2567 1510 2620 consequentia.
1544 2568 1662 2605 Recte
1683 2566 1795 2605 dicis.
1830 2564 1980 2618 Negare
