2330 2983
655 211 984 252 LIBER
1060 211 1470 250 PRIMUS.
1718 214 1768 268 87

369 309 486 350 alterfa
503 309 656 349 occulta
674 309 849 362 quaedam
870 320 908 348 et
928 309 1030 362 quafi
1055 309 1228 348 involuta
1247 309 1382 363 aperiri
1397 328 1408 355 ς
1441 308 1556 348 alter-„⁹2
1586 322 1765 364 prompta

369 387 409 414 et
427 385 554 429 aperta
579 375 759 427 judicari.
805 375 963 412 Etenim
983 375 1183 427 quoniam,
1213 374 1386 413 detractis
1406 375 1452 413 de
1471 375 1632 414 homine
1651 376 1763 424 senfi-

369 441 455 486 bus,
478 441 615 492 reliqui
637 439 736 478 nihil
755 439 808 477 est
819 458 831 484 ;
864 439 1007 478 neceffe
1026 440 1092 485 est,
1111 440 1207 492 quid
1220 449 1285 478 aut
1305 441 1351 478 ad
1367 450 1540 479 naturam
1553 451 1618 479 aut
1633 452 1765 481 contra

367 506 425 552 fit,
447 520 467 544 a
487 515 620 544 natura
639 505 717 557 ipsa
730 504 910 557 judicari.
933 506 991 542 Ea
1009 505 1104 557 quid
1118 505 1295 558 percipit,
1312 515 1376 543 aut
1397 507 1489 558 quid
1501 507 1664 558 judicat,
1686 523 1765 561 quo

367 581 431 610 aut
446 580 562 624 petat,
585 579 649 608 aut
668 569 792 622 fugiat
810 570 971 622 aliquid,
992 579 1127 623 praeter
1145 570 1384 623 voluptatem
1404 580 1441 608 et
1461 572 1633 610 dolorem
1649 574 1662 610 ?

422 639 518 676 Sunt
537 645 666 675 autem
687 635 844 687 quidam
863 648 883 673 e
903 635 1052 681 nostris,
1075 636 1143 688 qui
1162 634 1244 674 haec
1264 636 1442 674 subtilius
1463 637 1583 674 velint
1604 639 1760 684 tradere,

365 712 404 741 et
424 712 563 756 negent
582 701 666 740 satis
688 699 771 746 effe,
793 701 888 754 quid
908 701 1056 740 bonum
1076 702 1134 747 fit,
1170 711 1234 740 aut
1255 702 1350 754 quid
1381 702 1543 747 malum,
1576 703 1680 742 sensu
1694 706 1763 757 ju-

365 768 483 806 dicari
499 787 510 813 3
543 767 603 806 sed
623 767 753 805 animo
772 767 887 805 etiam
908 780 951 805 ac
971 768 1116 805 ratione
1135 767 1301 821 intelligi
1322 767 1436 820 posse,
1468 778 1506 805 et
1526 769 1762 822 voluptatem

365 833 484 887 ipsam
503 847 571 887 per
590 833 624 872 se
643 832 712 871 effe
742 833 1009 886 expetendam,
1037 843 1075 871 et
1095 833 1269 872 dolorem
1299 834 1425 887 ipsum
1454 847 1521 887 per
1540 835 1576 872 se
1596 835 1667 873 effe
1695 835 1760 874 fu-

362 900 564 952 giendum.
588 900 719 951 Itaque
731 899 838 937 aiunt
857 898 958 936 hanc
974 900 1075 952 quafi
1092 899 1305 938 naturalem
1321 909 1434 953 atque
1450 900 1599 938 insitam
1619 902 1658 939 in
1675 903 1760 940 ani-

362 966 438 1003 mis
458 965 591 1002 nostris
612 963 726 1002 inesse
755 964 969 1009 notionem,
998 975 1040 1002 ut
1059 965 1222 1003 alterum
1251 964 1321 1002 effe
1354 966 1640 1018 appetendum„
1664 968 1759 1005 alte-

362 1044 449 1069 rum
469 1029 758 1083 aspernandum,
783 1029 1003 1067 sentiamus.
1048 1030 1130 1067 Alii
1145 1038 1272 1068 autem
1296 1031 1455 1082 (quibus
1475 1044 1545 1083 ego
1565 1031 1755 1084 assentior)

360 1109 452 1135 cum
479 1109 500 1133 a
531 1094 772 1148 philosophis
791 1095 1057 1148 compluribus
1078 1095 1270 1147 permulta
1289 1096 1477 1141 dicantur,
1510 1110 1579 1134 cur
1598 1111 1667 1135 nec
1687 1111 1756 1136 vo·

358 1161 485 1215 luptas
505 1161 545 1200 in
566 1161 677 1199 bonis
695 1160 739 1198 fit
758 1160 1005 1206 numeranda,
1027 1174 1098 1199 nec
1117 1161 1156 1198 in
1177 1160 1288 1199 malis
1305 1161 1427 1207 dolor,
1446 1175 1523 1200 non
1539 1162 1758 1202 existimant

359 1236 535 1281 oportere
554 1227 724 1266 nimium
741 1239 812 1265 nos
832 1226 947 1264 causae
967 1226 1170 1271 confidere,
1192 1226 1254 1265 sed
1273 1236 1312 1264 et
1331 1229 1690 1281 argumentandum,
1719 1239 1757 1268 et

359 1303 531 1333 accurate
561 1293 830 1338 differendum,
862 1302 900 1331 et
920 1293 1130 1331 rationibus
1162 1293 1385 1346 conquifitis
1419 1294 1466 1332 de
1496 1294 1692 1348 voluptate
1718 1306 1757 1333 et

358 1359 489 1398 dolore
507 1359 780 1412 disputandum
799 1368 950 1411 putant.

404 1425 458 1463 X.
490 1424 560 1463 Sed
579 1433 622 1461 ut
641 1423 885 1477 perspiciatis,
909 1423 1009 1462 unde
1028 1424 1155 1462 omnis
1175 1424 1242 1462 iste
1261 1433 1371 1462 natus
1392 1425 1436 1463 fit
1455 1438 1556 1464 error
1576 1425 1755 1479 volupta-

358 1501 438 1529 tem
457 1490 729 1534 accusantium,
758 1490 1008 1542 doloremque
1036 1490 1290 1535 laudantium,
1320 1500 1440 1529 totam
1460 1505 1542 1530 rem
1558 1493 1721 1545 aperiam
1737 1512 1751 1538 3

358 1570 476 1609 eaque
496 1556 586 1608 ipsa,
606 1569 690 1607 quae
710 1555 756 1593 ab
776 1555 845 1593 illo
863 1556 1060 1593 inventore
1081 1556 1247 1593 veritatis
1260 1565 1297 1593 et
1317 1557 1419 1608 quafi
1439 1556 1645 1596 architecto
1661 1559 1751 1596 bea-

356 1632 404 1660 tae
424 1623 528 1659 vid'tae
549 1621 648 1659 dieta
666 1620 764 1666 sunt,
795 1621 1009 1674 explicabo.
1072 1621 1203 1659 Nemo
1223 1622 1327 1660 enirn
1357 1622 1476 1675 ipsam
1498 1623 1750 1677 voluptatem,

354 1688 444 1740 quia
472 1687 646 1740 voluptas
666 1686 724 1732 fit,
745 1686 974 1739 aspernatur,
1002 1696 1066 1724 aut
1087 1687 1182 1732 odit,
1210 1697 1275 1725 aut
1301 1687 1432 1740 fugit5
1464 1688 1525 1727 sed
1543 1690 1634 1741 quia
1652 1703 1749 1728 con-

353 1752 562 1805 sequuntur
583 1752 714 1804 magni
748 1752 894 1790 dolores
914 1764 990 1796 eos,
1020 1752 1086 1804 qui
1107 1753 1251 1790 ratione
1282 1753 1518 1805 voluptatem
1538 1754 1643 1806 sequi
1664 1754 1751 1793 nes·

354 1819 477 1856 ciunt.
515 1818 656 1869 Neque
675 1831 788 1870 porro
807 1817 1008 1870 quisquam
1029 1818 1094 1862 est,
1127 1819 1195 1869 qui
1215 1817 1388 1856 dolorem
1408 1818 1547 1871 ipsum,
1569 1820 1658 1872 quia
1677 1820 1750 1858 do-

353 1884 412 1922 lor
432 1884 488 1929 fit,
520 1893 635 1928 amet,
667 1883 916 1928 consectetur,
947 1883 1103 1936 adipisci
1123 1884 1239 1928 velit3
1272 1883 1333 1921 sed
1353 1885 1442 1936 quia
1467 1898 1751 1938 nonnunquam

351 1949 539 2001 ejusmodi
560 1959 731 2001 tempora
750 1949 940 1993 incidunt,
964 1958 1006 1986 ut
1026 1948 1154 1987 labore
1173 1959 1210 1987 et
1226 1949 1356 1987 dolore
1376 1963 1557 2002 magnam
1577 1950 1749 2004 aliquam

350 2024 491 2067 quaerat
510 2014 762 2066 voluptatem.

406 2082 462 2118 Ut
491 2081 595 2118 enim
622 2080 667 2118 ad
698 2080 862 2118 minima
898 2080 1063 2125 veniam,
1096 2080 1183 2132 quis
1222 2079 1392 2119 nostrum
1432 2081 1744 2121 exercitationem

349 2147 467 2185 ullam
500 2147 669 2199 corporis
701 2146 856 2198 suscipit
886 2146 1124 2191 laboriosam,
1156 2146 1224 2184 nisi
1254 2157 1297 2184 ut
1318 2147 1463 2199 aliquid
1488 2161 1534 2185 ex
1560 2161 1601 2184 ea
1630 2162 1742 2186 com-

348 2213 454 2251 modi
475 2212 753 2264 consequatur?
787 2212 887 2263 Qis
918 2222 1048 2250 autem
1069 2212 1129 2250 vel
1147 2225 1239 2250 eum
1252 2213 1338 2264 jure
1358 2212 1652 2265 reprehenderit,
1675 2214 1744 2266 qui

349 2278 388 2316 in
407 2292 447 2316 ea
467 2278 661 2331 voluptate
690 2278 782 2315 velit
801 2277 884 2322 effe,
917 2292 1033 2331 quam
1055 2277 1152 2315 nihil
1175 2278 1353 2316 molestiae
1372 2278 1622 2331 consequatur
1637 2297 1648 2323 ς
1681 2279 1742 2318 vel

347 2343 476 2388 illum,
508 2344 575 2396 qui
606 2343 775 2382 dolorem
799 2357 889 2382 eum
923 2343 1060 2396 fugiat,
1104 2357 1182 2396 quo
1212 2343 1385 2396 voluptas
1413 2345 1517 2382 nulla
1543 2345 1739 2397 pariatur?

348 2410 403 2446 At
423 2422 510 2446 vero
542 2421 605 2446 eos
635 2419 673 2446 et
703 2409 937 2454 accusamus,
967 2419 1005 2447 et
1026 2409 1129 2461 justo
1162 2409 1251 2447 odio
1277 2409 1513 2461 digniffimos
1544 2410 1737 2456 ducimus,

346 2474 429 2526 qui,
460 2473 653 2512 blanditiis
684 2475 928 2527 praesentium
948 2476 1191 2528 voluptatum
1220 2475 1370 2512 deliniti
1401 2484 1515 2527 atque
1551 2477 1734 2529 corrupti,

345 2553 442 2593 quos
473 2539 620 2578 dolores
639 2549 676 2578 et
698 2553 790 2594 quas
811 2540 999 2579 molestias
1017 2540 1214 2594 excepturi
1233 2540 1317 2586 sint,
1335 2541 1510 2580 occaecati
1529 2541 1739 2595 cupiditate
