2330 2983
583 219 632 258 30
905 204 969 243 M.
1029 201 1661 242 T.CICERONIS

581 304 606 342 si
629 303 832 342 affensurus
850 303 954 347 esset,
968 303 1084 341 etiam
1105 301 1367 355 opinaturum,
1383 299 1523 339 falsum
1538 300 1609 339 effe
1625 309 1664 339 et
1683 299 1802 339 Stoici
1820 298 1971 344 dicunt,

579 379 617 407 et
637 382 769 407 eorum
787 368 1032 421 adstipulator
1047 366 1280 406 Antiochus.
1304 366 1409 406 Poffe
1424 367 1531 405 enim
1546 380 1636 405 eum
1657 365 1747 405 falsa
1762 379 1782 404 a
1801 365 1914 410 veris,
1934 373 1973 402 et

580 448 664 487 quae
685 448 761 473 non
781 433 933 487 possunt
952 434 1113 487 percipi,
1140 433 1188 471 ab
1207 433 1268 478 iis,
1290 445 1375 485 quae
1394 431 1547 485 possint,
1569 432 1813 486 distinguere.
1845 431 1973 470 Nobis

580 511 707 539 autem
727 501 914 553 primum,
935 501 1051 538 etiam
1073 500 1098 538 fi
1118 499 1212 552 quid
1233 499 1380 552 percipi
1407 498 1533 551 poffit,
1555 507 1685 537 tamen
1714 497 1791 551 ipsa
1810 496 1972 536 consue·

580 565 673 604 tudo
693 565 913 604 assentiendi
934 565 1141 618 periculosa
1160 564 1230 603 effe
1250 565 1400 603 videtur
1419 573 1457 602 et
1477 564 1638 603 lubrica.

618 631 901 683 Quamobrem,
919 644 1011 669 cum
1028 640 1105 669 tam
1123 629 1304 668 vitiosum
1319 629 1391 667 esse
1406 629 1566 675 constet,
1582 629 1746 668 assentiri
1758 627 1973 681 quidquam

579 706 644 736 aut
663 697 802 735 falsum
822 706 887 735 aut
906 698 1165 749 incognitum,
1196 695 1408 734 sustinenda
1428 695 1480 733 est
1499 696 1628 748 potius
1658 695 1786 734 omnis
1806 692 1972 737 affenfio,

579 776 628 800 ne
647 763 873 817 praecipitet,
904 763 929 801 fi
957 772 1099 801 temere
1128 761 1357 815 processerit.
1390 761 1448 799 Ita
1466 761 1571 799 enim
1592 760 1758 799 finitima
1777 759 1865 797 sunt
1883 756 1975 796 falsa

578 830 690 873 veris,
710 841 829 881 eaque
844 842 929 881 quae
946 828 1091 881 percipi
1107 827 1194 880 poff
1191 835 1274 872 unt,
1297 827 1341 879 (fi
1363 826 1482 869 modo
1500 840 1543 864 ea
1557 826 1643 865 sunt
1659 824 1834 879 quaedam
1850 843 1863 870 3
1890 825 1975 877 jam

579 895 684 933 enim
704 895 940 947 videbimus)
972 903 1016 933 ut
1046 903 1174 932 tamen
1194 894 1235 932 in
1254 893 1493 947 praecipitem
1523 892 1656 931 locum
1677 905 1755 931 non
1774 891 1909 930 debeat
1939 889 1977 928 se

579 962 723 1015 sapiens
743 961 1001 999 committere.
1034 961 1100 998 Sin
1120 968 1263 1004 autem,
1297 959 1460 997 omnino
1479 957 1578 1000 nihil
1598 957 1669 996 effe
1701 957 1806 1010 quod
1826 955 1973 1009 percipi

579 1027 704 1080 possit,
735 1041 756 1064 a
773 1039 835 1065 me
855 1025 1062 1078 sumpsero,
1088 1035 1140 1070 et,
1170 1024 1275 1077 quod
1306 1034 1349 1062 tu
1369 1023 1468 1062 mihi
1489 1024 1568 1069 das,
1600 1037 1794 1077 accepero,
1822 1022 1973 1075 sapien-

581 1103 659 1131 tem
681 1092 780 1131 nihil
799 1092 946 1145 opinari
962 1109 973 1136 ς
1005 1090 1186 1129 effectum
1204 1090 1302 1128 illud
1321 1091 1405 1135 erit,
1428 1090 1634 1143 sapientem
1657 1089 1816 1128 assensus
1836 1100 1972 1127 omnes

578 1158 843 1198 cohibiturum
862 1173 870 1196 z
904 1168 945 1196 ut
966 1157 1038 1195 tibi
1059 1157 1268 1196 videndum
1288 1157 1347 1201 fit,
1378 1156 1466 1195 idne
1487 1156 1613 1202 malis,
1644 1170 1690 1195 an
1717 1155 1863 1208 aliquid
1883 1155 1973 1208 opi-

580 1235 760 1263 naturum
788 1223 858 1262 esse
888 1223 1110 1276 sapientem.
1142 1223 1354 1267 Neutrum,
1384 1223 1550 1275 inquies,
1581 1222 1753 1261 illorum.
1785 1221 1972 1260 Nitamur

578 1292 709 1344 igitur,
731 1289 829 1328 nihil
850 1289 952 1342 poffe
971 1289 1141 1341 percipi:
1162 1289 1307 1326 etenim
1327 1288 1373 1326 de
1391 1301 1438 1326 eo
1456 1289 1584 1327 omnis
1605 1288 1658 1327 est
1676 1286 1941 1327 controversia.

618 1357 751 1395 XXII.
774 1355 844 1394 Sed
864 1355 968 1407 prius
989 1367 1109 1406 pauca
1127 1367 1219 1391 cum
1237 1353 1448 1399 Antiocho,
1467 1355 1536 1406 qui
1554 1353 1636 1392 haec
1657 1354 1746 1407 ipsa,
1767 1366 1852 1405 quae
1872 1366 1892 1390 a
1908 1365 1972 1390 me

576 1421 847 1465 defenduntur,
861 1429 898 1458 et
917 1419 1055 1458 didicit
1073 1419 1173 1472 apud
1191 1417 1397 1458 Philonem
1418 1428 1496 1458 tam
1517 1420 1598 1465 diu,
1616 1429 1659 1458 ut
1675 1419 1861 1458 constaret
1880 1418 1971 1456 diu·

575 1490 652 1527 tius
683 1486 853 1526 didicisse
883 1486 1093 1530 neminem,
1129 1495 1167 1523 et
1199 1485 1342 1538 scripsit
1372 1486 1418 1523 de
1444 1484 1505 1524 his
1535 1486 1647 1524 rebus
1679 1485 1902 1529 acutiffime‚
1933 1492 1972 1522 et

577 1555 680 1593 idem
710 1553 792 1592 haec
822 1566 898 1591 non
933 1552 1054 1590 acrius
1084 1551 1271 1590 accusavit
1301 1553 1341 1590 in
1368 1551 1582 1597 senectute,
1614 1565 1732 1605 quam
1764 1561 1872 1589 antea
1902 1551 1971 1589 de-

575 1620 822 1659 fensitaverat.
883 1618 1071 1669 Qamvis
1092 1614 1211 1670 igitur
1230 1616 1346 1656 fuerit
1366 1627 1514 1663 acutus,
1550 1628 1592 1656 ut
1612 1617 1715 1663 fuit;
1747 1627 1875 1655 tamen
1906 1617 1970 1654 in-

575 1686 785 1726 constantia
805 1685 948 1723 levatur
968 1684 1182 1722 auctoritas.
1215 1684 1315 1735 Qis
1335 1684 1440 1722 enim
1472 1684 1538 1722 iste
1557 1684 1635 1722 dies
1656 1684 1841 1728 illuxerit,
1863 1697 1970 1735 quae-

578 1767 632 1798 ro,
664 1752 731 1805 qui
754 1751 812 1789 illi
831 1750 1036 1788 ostenderit
1055 1763 1154 1795 eam,
1186 1763 1304 1802 quam
1336 1751 1482 1788 multos
1508 1763 1626 1789 annos
1657 1750 1728 1788 effe
1751 1749 1969 1802 negaviffet,

576 1819 653 1857 veri
673 1827 711 1856 et
730 1817 809 1856 falfi
831 1826 977 1855 notam.
1009 1816 1254 1869 Excogitavit
1273 1816 1418 1869 aliquid
1435 1817 1448 1853 ?
1479 1816 1610 1855 eadem
1631 1816 1740 1861 dicit,
1768 1829 1852 1869 quae
1867 1817 1969 1855 Stoi-

574 1886 624 1924 ci.
658 1883 846 1924 Poenituit
871 1897 962 1921 eum
983 1883 1049 1920 illa
1078 1882 1219 1921 sensisse
1237 1883 1250 1920 ?
1281 1896 1349 1921 cur
1369 1896 1446 1922 non
1467 1883 1502 1921 se
1519 1883 1709 1922 transtulit
1729 1883 1774 1921 ad
1795 1883 1902 1928 alios,
1933 1893 1972 1921 et

576 1951 745 1990 maxime
758 1950 804 1988 ad
823 1949 968 1987 Stoicos
984 1949 996 1985 ?
1013 1962 1146 1986 eorum
1163 1949 1268 1986 enim
1284 1958 1361 1987 erat
1378 1950 1529 2002 propria
1548 1948 1614 1987 ista
1628 1948 1812 1986 dissensio.
1836 1949 1968 2000 Qid?

575 2031 666 2055 cum
689 2013 909 2054 Mnesarchi
930 2014 1167 2068 poenitebat?
1200 2014 1322 2066 quid?
1355 2014 1552 2052 Dardani?
1583 2015 1651 2066 qui
1678 2023 1783 2052 erant
1803 2013 1969 2053 Athenis

577 2094 659 2121 tum
695 2082 886 2135 principes
921 2081 1150 2119 Stoicorum.
1194 2081 1411 2133 Nunquam
1445 2093 1466 2118 a
1497 2079 1660 2119 Philone
1692 2079 1865 2126 discessit,
1902 2080 1969 2119 nili

576 2149 815 2201 posteaquam
839 2147 914 2200 ipse
933 2147 1066 2200 coepit,
1089 2147 1155 2199 qui
1177 2146 1212 2184 se
1231 2147 1419 2191 audirent,
1441 2145 1593 2185 habere.

631 2214 745 2252 Unde
775 2222 903 2251 autem
937 2213 1061 2251 subito
1092 2222 1199 2251 vetus
1232 2212 1439 2251 Academia
1466 2221 1638 2251 revocata
1668 2212 1751 2250 est?
1783 2212 1968 2251 Nominis

574 2280 802 2334 dignitatem
825 2279 987 2324 videtur,
1018 2293 1110 2317 cum
1142 2292 1161 2316 a
1184 2292 1220 2317 re
1246 2279 1323 2331 ipsa
1353 2278 1584 2323 descisceret,
1616 2279 1777 2317 retinere
1796 2277 1966 2317 voluisse.

575 2346 693 2398 Qod
709 2355 812 2384 crant
829 2346 895 2398 qui
916 2346 1028 2383 illum
1045 2345 1174 2398 gloriae
1200 2345 1307 2383 causa
1324 2344 1445 2383 facere
1463 2345 1631 2383 dicerent
1647 2364 1656 2389 3
1691 2346 1831 2398 sperare
1851 2345 1968 2383 etiam

576 2412 669 2455 sore,
687 2421 728 2448 ut
751 2411 790 2456 ii,
813 2411 879 2463 qui
900 2411 933 2448 se
956 2411 1211 2463 sequerentur,
1232 2409 1431 2449 Antiochii
1453 2420 1690 2449 vocarentur.
1714 2409 1821 2448 Mihi
1839 2420 1968 2449 autem

575 2478 694 2529 magis
716 2478 864 2515 videtur
885 2491 959 2516 non
979 2477 1137 2530 potuisse
1159 2477 1334 2515 sustinere
1353 2477 1582 2515 concursum
1597 2477 1774 2515 omnium
1796 2476 1967 2530 philoso-

575 2543 754 2596 phorum.
780 2543 934 2582 Etenim
956 2542 1002 2582 de
1022 2543 1165 2583 caeteris
1181 2543 1265 2582 sunt
1287 2543 1384 2582 inter
1403 2543 1489 2583 illos
1510 2543 1696 2583 nonnulla
1715 2543 1964 2583 communia:
