2330 2983
630 245 904 288 L113ER
959 245 1454 287 SECUNDUS.
1655 262 1735 304 455

355 348 637 388 conversionem
655 347 861 401 spatiorum
875 361 918 387 ac
933 356 1152 400 temporum
1164 346 1388 393 contineret,
1401 347 1469 400 qui
1482 346 1588 386 Deus
1601 348 1736 388 Graece

355 416 397 454 id
415 415 540 468 ipsum
559 427 702 452 nomen
721 412 848 452 habet.
880 410 985 462 Κρόνος
1021 413 1126 451 enim
1145 413 1286 451 dicitur
1296 431 1308 458 ς
1339 413 1408 466 qui
1426 413 1479 452 est
1497 414 1599 453 idem
1614 413 1735 467 χρόνος,

353 480 395 518 id
424 480 489 524 est,
518 478 682 531 spatium
711 476 909 530 temporis.
956 478 1137 515 Saturnus
1156 486 1283 515 autem
1302 478 1355 515 est
1382 479 1604 531 appellatus,
1632 481 1737 533 quod

354 545 537 583 saturetur
554 543 676 581 annis.
717 544 780 581 Ex
799 542 835 580 se
853 541 958 580 enim
979 551 1085 580 natos
1105 541 1267 580 comess‘e
1293 541 1453 594 fingitur
1471 543 1616 590 solitus,
1647 547 1736 598 quia

353 609 546 648 consumit
565 617 651 647 aetas
672 617 889 660 temporum
908 606 1036 660 spatia,
1063 607 1245 659 annisque
1262 608 1460 660 praeteritis
1480 609 1734 649 insaturabili·

352 682 409 711 ter
426 673 613 725 expletur.
645 671 807 710 Vinctus
838 671 890 709 est
908 680 1036 709 autem
1055 685 1076 709 a
1094 672 1203 722 Jove,
1233 684 1281 709 ne
1309 671 1580 711 immoderatos
1606 674 1734 712 cursus

352 736 521 783 haberet,
553 747 668 790 atque
697 746 741 775 ut
770 750 860 774 eum
890 736 1054 774 fiderum
1073 737 1209 776 vinclis
1236 737 1418 790 alligaret.
1461 738 1531 776 Sed
1559 738 1636 791 ipse
1661 741 1735 791 Ju-

353 804 464 855 piter,
508 803 548 840 id
580 802 646 847 est,
664 801 805 853 juvans
827 810 951 854 pater,
992 815 1124 854 quem,
1166 802 1350 841 converfis
1379 803 1536 848 cafibus,
1567 805 1734 857 appella-

353 882 441 907 mus
467 881 488 905 a
510 868 679 919 juvando
693 868 843 918 Jovem,
874 880 895 904 a
912 867 1033 919 poetis
1050 876 1162 920 pater
1180 869 1391 921 Divumque
1415 869 1655 923 hominumque
1673 870 1734 907 di-

352 933 454 971 citur
469 951 480 978 3
511 946 532 970 a
557 932 762 984 majoribus
788 941 915 970 autem
935 931 1066 970 nostris
1091 933 1254 985 optimus,
1283 934 1454 972 maximus
1468 952 1479 978 ς
1511 945 1549 972 et
1577 935 1735 986 quidem

353 1007 439 1036 ante
471 997 655 1050 optimus,
686 996 726 1034 id
753 995 818 1041 est,
855 995 1230 1042 beneficentiflimus‚
1259 1011 1375 1050 quam
1409 1000 1614 1045 maximus,
1646 1001 1737 1052 quia

352 1063 474 1113 majus
494 1061 559 1106 est,
590 1069 767 1113 certeque
785 1060 942 1113 gratius,
969 1061 1136 1113 prodeffe
1154 1062 1352 1107 omnibus,
1378 1076 1495 1115 quam
1515 1077 1604 1116 opes
1625 1077 1735 1116 mag-

350 1139 415 1164 nas
431 1125 581 1164 habere.

406 1192 526 1229 Hunc
545 1191 663 1243 igitur
682 1189 847 1235 Ennius,
869 1198 911 1227 ut
928 1189 1036 1242 supra
1055 1189 1148 1235 dixi,
1171 1201 1367 1244 nuncupat
1386 1192 1438 1230 ita
1457 1192 1599 1237 dicens,

487 1257 615 1310 Aspice
633 1255 852 1308 hocfitblime
870 1255 1032 1300 candens,
1053 1270 1158 1308 quam
1175 1256 1345 1296 invocant
1363 1271 1474 1295 omnes
1493 1258 1647 1310 Jovem.
1643 1273 1653 1282 ·

353 1321 573 1374 planiusque
592 1320 666 1358 alio
685 1319 770 1358 loco
789 1319 920 1364 idem;

488 1387 570 1431 Cui,
591 1384 713 1439 quod
697 1399 733 1422 m
751 1398 803 1423 me
819 1384 876 1436 ss,
897 1385 1099 1438 exstcrabor
1115 1386 1191 1430 hoc,
1212 1385 1305 1438 quod
1318 1387 1423 1431 lucet,
1444 1386 1615 1440 quidquid
1627 1387 1684 1439 est.

354 1454 474 1492 Hunc
495 1452 608 1490 etiam
625 1463 783 1503 augures
803 1450 942 1495 nostri,
977 1464 1068 1489 cum
1088 1451 1236 1496 dicunt,
1257 1453 1358 1504 Jove
1361 1453 1544 1505 fulgente,
1566 1462 1734 1492 tonante:

353 1519 487 1556 dicunt
506 1517 624 1562 enirn,
654 1516 735 1554 caelo
740 1515 922 1567 fulgente,
953 1524 1111 1555 tonante.
1153 1516 1356 1569 Euripides
1376 1527 1517 1562 autem,
1539 1525 1582 1555 ut
1612 1518 1739 1556 multa,

352 1583 540 1635 praeclare,
560 1582 610 1619 fic
629 1580 705 1618 hoc
721 1580 884 1616 breviter
894 1595 909 1622 ς

489 1646 589 1686 Vides
594 1645 745 1700 sublime
748 1645 890 1698 fifitm,
920 1645 1182 1686 immoderatum
1200 1648 1351 1694 aethera,

485 1713 561 1765 Qi
575 1722 692 1751 tenero
712 1720 849 1750 terram
867 1711 1091 1762 circumjeau
1105 1715 1332 1765 amplebffitur
1343 1729 1356 1752 .·

486 1780 597 1817 Hunc
601 1778 779 1830 stcmmum
798 1775 922 1814 habeto
941 1777 1086 1814 Divum
1097 1793 1112 1815 :
1141 1777 1235 1816 hunc
1243 1778 1427 1829 perhibeto
1445 1779 1592 1831 Jovem.

404 1844 554 1882 XXVI.
586 1844 664 1880 Aer
682 1850 825 1885 autem,
847 1850 890 1878 ut
909 1841 1027 1879 Stoici
1046 1841 1251 1894 disputant,
1273 1844 1488 1896 interjeetus
1509 1844 1608 1882 inter
1629 1857 1734 1882 mare

350 1919 387 1947 et
407 1909 558 1953 caelum,
577 1906 740 1958 Junonis
771 1906 927 1944 nomine
945 1906 1183 1946 consecratur
1193 1926 1205 1953 ς
1237 1921 1320 1960 quae
1339 1908 1392 1946 est
1411 1909 1512 1947 soror
1531 1918 1568 1947 et
1588 1911 1731 1961 conjux

351 1974 471 2024 jovis,
492 1972 597 2025 quod
616 1972 650 2010 ei
670 1970 880 2009 fimilitudo
898 1970 950 2008 est
969 1970 1130 2017 aetheris,
1146 1981 1184 2010 et
1199 1986 1290 2011 cum
1310 1986 1354 2010 eo
1374 1973 1523 2011 summa
1542 1975 1731 2025 conjunc-

350 2039 417 2076 tio.
440 2037 740 2076 Effoeminarunt
759 2044 888 2072 autem
908 2048 1013 2081 eum,
1027 2037 1249 2089 Junonique
1265 2038 1494 2083 tribuerunt,
1509 2039 1610 2091 quod
1631 2038 1733 2076 nihil

349 2102 399 2140 est
418 2116 462 2141 eo
482 2102 651 2141 mollius.
674 2099 743 2138 Sed
762 2100 959 2150 Junonern
979 2114 1001 2138 a
1005 2101 1170 2152 juvando
1190 2102 1303 2140 credo
1323 2104 1573 2141 nominatam.

409 2168 524 2218 Aqua
542 2166 696 2204 restabat
726 2173 764 2202 et
783 2173 892 2208 terra,
922 2174 965 2202 ut
984 2165 1098 2204 effent
1124 2180 1170 2204 ex
1189 2165 1328 2205 fabulis
1363 2169 1433 2206 tria
1459 2181 1571 2220 regna
1599 2167 1727 2207 divisa.

350 2232 497 2270 Datum
516 2231 569 2269 est
588 2230 704 2282 igitur
723 2229 925 2280 Neptuno,
955 2230 1072 2269 altero
1090 2232 1210 2282 Jovis,
1242 2242 1285 2270 ut
1313 2233 1462 2278 volunt,
1493 2232 1613 2277 fratri,
1644 2246 1729 2270 ma-

351 2297 526 2335 ritimum
555 2307 670 2333 omne
700 2307 885 2345 regnum;
917 2307 1133 2348 nomenque
1153 2297 1395 2349 produitum,
1428 2308 1470 2335 ut
1500 2299 1689 2335 Portunus
1709 2310 1730 2334 a

343 2370 470 2413 portu,
500 2360 548 2398 fic
569 2360 775 2412 Neptunus
805 2371 825 2395 a
852 2359 978 2404 nando,
1008 2362 1165 2413 paulum
1196 2363 1331 2414 primis
1358 2363 1476 2400 literis
1497 2362 1726 2399 immutatis.

352 2426 520 2463 Terrena
547 2434 678 2463 autem
704 2423 759 2461 vis
779 2423 904 2461 omnis
924 2433 1037 2477 atque
1065 2436 1196 2464 natura
1217 2428 1302 2465 Diti
1332 2428 1429 2478 patri
1450 2427 1618 2463 dedicata
1644 2427 1695 2463 est
1712 2445 1725 2471 ς

351 2489 419 2542 qui
438 2490 571 2536 Dives,
601 2498 644 2529 ut
672 2488 773 2543 apud
790 2488 944 2528 Graecos
965 2484 1119 2537 Πλάτων,
1145 2492 1234 2544 quia
1264 2501 1300 2529 et
1333 2491 1500 2529 recidant
1530 2491 1659 2530 omnia
1687 2491 1733 2528 in.
