2330 2983
731 265 1330 307 LUCULLUS.
1710 284 1760 324 27

363 358 474 399 Mihi
493 371 606 412 porro
626 370 703 396 non
724 367 804 397 tam
829 370 980 398 certum
1000 360 1065 405 est,
1087 361 1156 399 esse
1175 361 1336 414 aliquid,
1361 361 1463 414 quod
1484 362 1757 415 comprehendi

363 426 489 479 poffit,
520 426 566 463 de
586 438 664 477 quo
683 426 768 477 jam
788 426 956 464 nimium
984 427 1099 465 etiam
1129 427 1195 464 diu
1216 428 1381 480 disputo,
1414 442 1531 480 quam
1552 429 1758 481 sapientem

363 490 463 528 nihil
483 490 646 543 opinari,
680 490 720 528 id
738 489 803 535 est,
836 504 1037 543 nunquam
1067 491 1228 530 afi‘entiri
1260 493 1313 530 rei
1340 493 1396 531 vel
1418 492 1515 531 falsae
1536 494 1594 532 vel
1621 495 1755 547 incog-

362 557 467 595 nitae.

419 621 548 660 Restat
567 621 679 667 illud,
700 623 804 675 quod
825 622 973 669 dicunt,
999 624 1078 662 veri
1098 623 1317 663 inveniendi
1337 624 1445 663 causa
1467 634 1599 664 contra
1628 627 1759 664 omnia

362 687 441 725 dici
459 696 633 740 oportere
652 697 689 725 et
708 701 777 741 pro
796 688 993 727 omnibus.
1040 689 1141 727 Volo
1166 690 1284 743 igitur
1303 690 1443 735 videre,
1475 691 1570 743 quid
1600 691 1757 729 invene-

363 754 454 792 rint.
501 753 595 792 Non
622 753 799 799 solemus,
831 755 975 807 inquit,
1007 755 1212 794 ostendere.
1264 757 1362 808 Qiae
1392 756 1479 794 sunt
1507 756 1661 794 tandem
1692 757 1759 795 ista

362 819 568 871 mysteria?
600 829 665 858 aut
693 833 762 858 cur
787 820 932 866 celatis,
963 821 1066 873 quafi
1093 830 1203 874 turpe
1233 821 1394 874 aliquid,
1425 822 1652 861 sententiam
1677 823 1758 861 ves·-

363 886 492 923 tram?
524 886 594 930 Ut,
617 886 684 938 qui
703 886 872 931 audient,
903 887 1043 939 inquit,
1075 887 1217 925 ratione
1247 888 1375 940 potius
1401 902 1518 940 quam
1538 889 1759 928 auetoritate

362 950 564 989 ducantur.
596 951 705 1002 Qid
721 951 746 989 fi
764 960 970 1004 utrumque
987 952 1001 989 ?
1029 966 1124 990 num
1140 954 1248 1005 pejus
1262 953 1313 991 est
1328 954 1341 990 ?
1362 955 1499 991 Unum
1517 963 1643 992 tamen
1660 954 1760 992 illud

361 1030 442 1054 non
461 1016 600 1061 celant,
629 1015 730 1055 nihil
763 1017 848 1062 effe,
880 1017 986 1070 quod
1005 1018 1150 1072 percipi
1171 1018 1295 1071 poffit.
1337 1021 1403 1057 An
1429 1019 1469 1057 in
1493 1033 1538 1057 eo
1557 1021 1758 1059 audior-itas

362 1080 463 1119 nihil
479 1082 611 1120 obest?
642 1081 742 1120 mihi
762 1082 920 1136 quidem
939 1083 1090 1122 videtur
1109 1084 1167 1121 vel
1188 1083 1419 1137 plurimum.
1452 1085 1552 1137 Qis
1568 1085 1673 1124 enim
1693 1086 1760 1124 ista

360 1156 443 1185 tam
464 1157 590 1200 aperte
607 1148 880 1201 perspicueque
910 1158 948 1187 et
978 1149 1158 1202 perversa,
1190 1159 1228 1188 et
1256 1148 1347 1188 falsa
1378 1150 1526 1189 secutus
1558 1151 1659 1196 esset,
1692 1152 1760 1190 nifi

362 1221 467 1251 tanta
485 1213 526 1251 in
543 1214 723 1259 Arcefila,
745 1214 872 1253 multo
892 1214 1008 1253 etiam
1029 1216 1149 1267 major
1167 1214 1205 1253 in
1224 1215 1416 1254 Carneade
1431 1224 1471 1254 et
1488 1217 1598 1270 copia
1617 1230 1758 1262 rerum,

361 1287 400 1317 et
420 1279 572 1318 dicendi
592 1280 648 1318 vis
665 1279 819 1318 fuiffet?

418 1346 532 1385 XIX.
565 1345 662 1384 Haec
682 1345 902 1384 Antiochus
934 1345 1012 1384 fere
1031 1355 1069 1384 et
1088 1347 1329 1386 Alexandriae
1349 1356 1450 1392 tum,
1478 1356 1516 1385 et
1535 1348 1671 1387 multis
1691 1361 1760 1387 an-

364 1412 423 1450 nis
444 1412 540 1465 post,
571 1411 697 1450 multo
717 1412 833 1449 etiam
851 1411 1112 1450 affeverantius
1132 1413 1173 1451 in
1197 1413 1314 1465 Syria,
1349 1427 1442 1451 cum
1471 1414 1560 1452 effet
1587 1428 1758 1460 mecum,

365 1478 480 1531 paulo
510 1486 596 1516 ante
615 1490 732 1529 quam
762 1476 852 1515 effet
871 1487 1061 1515 mortuus.
1105 1477 1176 1515 Sed
1202 1478 1285 1529 jam
1308 1478 1535 1516 confirmata
1553 1479 1677 1525 causa,
1708 1489 1759 1525 te,

365 1543 566 1583 hominem
587 1542 874 1587 amicissimum,
907 1542 989 1594 (me
1019 1551 1147 1581 autem
1165 1542 1397 1596 appellabat)
1425 1552 1463 1581 et
1482 1544 1630 1597 aliquot
1653 1546 1761 1584 annis

364 1611 554 1649 minorem
574 1617 680 1653 natu,
712 1621 790 1647 non
821 1607 1006 1646 dubitabo
1026 1622 1181 1647 monere
1192 1627 1205 1654 3
1237 1609 1367 1654 Tune,
1388 1623 1480 1648 cum
1500 1611 1614 1649 tantis
1635 1610 1760 1649 laudi-

364 1676 436 1714 bus
454 1674 739 1728 philosophiam
758 1673 955 1719 extuleris,
985 1674 1316 1728 Hortensiumque
1340 1675 1512 1714 nostrum
1540 1676 1761 1715 dissentien-

363 1752 444 1780 tem
478 1741 748 1786 commoveris,
789 1754 874 1778 eam
905 1739 1190 1793 philosophiam
1224 1741 1390 1794 sequere,
1437 1756 1522 1794 quae
1555 1742 1762 1782 confundit

363 1821 450 1846 vera
469 1821 562 1847 cum
582 1807 695 1852 falsis,
726 1807 859 1860 spoliat
879 1821 947 1845 nos
975 1807 1139 1860 judicio,
1170 1808 1292 1861 privat
1310 1808 1596 1861 approbatione,
1627 1810 1760 1848 omni-

363 1874 435 1912 bus
455 1874 564 1912 orbat
583 1873 746 1912 senfibus
762 1874 775 1910 ?
807 1874 860 1911 Et
876 1873 1101 1912 Cimmeriis
1119 1873 1293 1926 quidem,
1311 1874 1452 1929 quibus
1468 1874 1660 1927 aspestum
1672 1876 1760 1914 solis

363 1941 437 1979 five
456 1941 564 1980 Deus
585 1940 737 1992 aliquis,
758 1940 832 1979 five
855 1949 987 1978 natura
1011 1941 1215 1986 ademerat,
1246 1941 1320 1979 five
1339 1942 1420 1994 ejus
1440 1941 1530 1986 loci,
1559 1955 1677 1994 quem
1696 1942 1760 1981 in·—

363 2007 555 2052 colebant‚
577 2007 681 2051 fitus,
708 2006 814 2059 ignes
836 2015 964 2044 tamen
984 2006 1149 2052 aderant,
1177 2020 1346 2059 quorum
1367 2006 1444 2045 illis
1466 2007 1522 2045 uti
1541 2007 1688 2046 lumine
1708 2008 1759 2046 li-

362 2071 485 2110 cebat.
517 2071 583 2110 Isti
603 2081 747 2116 autem,
769 2085 864 2124 quos
881 2080 924 2109 tu
943 2072 1095 2125 probas,
1113 2073 1227 2110 tantis
1248 2071 1377 2110 offufis
1397 2073 1577 2118 tenebris,
1592 2086 1639 2111 ne
1658 2073 1762 2112 scin-

363 2137 489 2176 tillam
507 2137 667 2189 quidem
689 2137 810 2175 ullam
831 2137 942 2176 nobis
961 2138 1009 2176 ad
1027 2137 1290 2191 aspiciendum
1310 2138 1559 2191 reliquerunt.
1604 2140 1714 2191 Qos
1733 2138 1761 2178 fi

362 2203 580 2256 sequamur,
611 2204 658 2242 iis
684 2204 848 2242 vinculis
881 2204 997 2243 fimus
1028 2204 1207 2249 adstriffi,
1239 2214 1281 2243 ut
1312 2218 1381 2243 nos
1414 2218 1662 2243 commovere
1691 2218 1761 2244 ne-

365 2283 575 2322 queamus:
599 2269 743 2308 sublata
762 2271 867 2308 enim
887 2270 1100 2315 affenfione,
1114 2284 1272 2310 omnem
1291 2280 1330 2309 et
1351 2280 1505 2309 motum
1525 2271 1760 2317 animorum,

365 2344 404 2372 et
420 2335 611 2374 astionem
641 2349 769 2374 rerum
800 2335 1056 2381 sustulerunt;
1088 2336 1192 2389 quod
1214 2350 1290 2375 non
1311 2336 1428 2375 modo
1455 2339 1554 2375 reete
1574 2337 1670 2382 fieri,
1699 2336 1762 2375 sed

365 2400 528 2439 omnino
545 2400 641 2446 fieri,
676 2415 753 2440 non
779 2401 914 2454 potest.
947 2403 1108 2440 Provide
1127 2402 1257 2447 etiam,
1290 2416 1336 2440 ne
1366 2402 1433 2441 uni
1454 2402 1526 2441 tibi
1545 2401 1654 2440 istam
1675 2402 1761 2441 sen·

365 2466 527 2504 tentiam
554 2467 716 2505 minime
742 2467 854 2505 liceat
873 2467 1089 2506 defendere.
1137 2470 1201 2507 An
1223 2478 1278 2514 tu,
1299 2483 1392 2506 cum
1414 2481 1470 2506 res
1490 2467 1762 2506 occultiffimas

363 2533 566 2584 aperueris,
587 2532 628 2570 in
646 2533 852 2586 lucemque
870 2535 1087 2586 protuleris,
1103 2534 1327 2587 juratusque
1347 2534 1502 2579 dixeris,
1533 2547 1575 2572 ea
1594 2542 1630 2572 te
1649 2547 1762 2573 com·

351 2598 510 2652 perime,
533 2599 656 2653 (quod
676 2599 776 2641 mihi
796 2614 951 2653 quoque
984 2601 1138 2647 licebat,
1173 2601 1241 2654 qui
1260 2615 1307 2640 ex
1335 2610 1371 2640 te
1399 2600 1464 2639 illa
1483 2601 1759 2655 cognoveram)

1422 2668 1460 2706 D
1484 2680 1505 2708 2
