2330 2983
698 281 973 321 LIBER
1029 281 1447 322 TERTIUS.
1692 296 1767 340 505

380 379 517 419 eodem
546 391 724 424 numero,
753 392 832 431 quo
861 378 1046 431 proximae
1075 378 1293 431 superiores.
1339 381 1522 432 Cumque
1552 387 1595 418 tu
1625 380 1767 425 Solem,

379 447 472 497 quia
490 445 589 484 solus
609 444 711 489 effet,
743 444 977 497 appellatum
996 443 1067 481 effe
1087 445 1188 482 dicas
1205 463 1216 489 5
1249 445 1351 482 Soles
1370 446 1438 498 ipsi
1465 459 1583 497 quam
1613 446 1729 484 multi
1748 460 1769 485 a

379 509 571 562 theologis
590 509 861 562 proferuntur?
893 509 1005 546 Unus
1026 522 1159 546 eorum
1178 510 1271 559 Jove
1292 520 1416 554 natus,
1439 524 1554 563 nepos
1569 510 1740 550 AEtheris
1753 529 1766 556 5

380 574 485 619 alter,
503 575 726 627 Hyperione
737 593 750 620 5
773 574 920 618 tertius,
934 574 1109 611 Vulcano
1124 574 1212 612 Nili
1227 573 1322 618 filio,
1340 575 1448 626 cujus
1469 576 1605 614 urbem
1618 578 1769 629 AEgyp-

379 640 425 677 tii
445 640 580 678 volunt
599 640 670 677 effe
689 653 787 684 earn,
804 652 890 692 quae
910 639 1130 691 Heliopolis
1151 639 1360 692 appellatur
1374 658 1386 685 5
1409 649 1565 692 quartus
1585 641 1630 685 is,
1652 654 1770 692 quem

379 703 542 743 heroicis
563 706 801 758 temporibus
814 704 994 743 Achanto
1007 703 1140 743 Rhodi
1152 704 1330 758 peperiffe
1346 706 1501 750 dicitur,
1518 719 1634 744 avum
1646 706 1769 757 Ialysi,

380 771 542 816 Camiri,
563 780 601 808 et
621 771 739 809 Lindi
750 789 764 816 5
795 771 969 823 quintus,
990 770 1058 822 qui
1076 770 1236 809 Colchis
1255 769 1377 809 fertur
1392 772 1546 811 AEetam
1571 780 1610 810 et
1630 772 1770 811 Circen

380 836 639 888 procreavisse.

436 901 570 939 XXII.
603 901 768 939 Vulcani
787 901 881 940 item
900 901 1119 955 complures
1139 917 1149 941 :
1180 903 1328 955 prImus
1349 902 1455 941 Caelo
1473 911 1598 949 natus,
1626 916 1673 942 ex
1693 916 1771 956 quo

382 965 561 1004 Minerva
581 967 808 1019 Apollinem
824 981 930 1013 eum,
950 968 1060 1020 cujus
1081 968 1122 1005 in
1142 969 1260 1006 tutela
1279 967 1451 1006 Athenas
1471 969 1621 1021 antiqui
1649 968 1771 1007 histo-

381 1030 451 1068 rici
470 1029 541 1068 effe
560 1031 764 1070 voluerunt
780 1050 792 1077 5
824 1032 1008 1071 secundus
1029 1033 1127 1071 Nilo
1146 1043 1271 1078 natus,
1304 1034 1423 1086 Opas,
1443 1042 1487 1071 ut
1509 1034 1686 1086 AEgyptii
1703 1047 1771 1086 ap-

379 1095 540 1146 pellant,
571 1109 689 1147 quem
718 1096 916 1135 custodem
945 1097 1017 1135 effe
1036 1098 1198 1150 AEgypti
1227 1097 1387 1142 volunt5
1417 1099 1550 1136 tertius
1581 1112 1628 1137 ex
1661 1099 1774 1136 tertio

380 1160 478 1210 Jove
510 1170 549 1199 et
566 1162 733 1212 Junone‚
763 1161 832 1213 qui
850 1162 994 1199 Lemni
1013 1161 1167 1200 fabricae
1186 1162 1347 1200 traditur
1371 1161 1559 1214 praefuiffe
1573 1181 1587 1208 5
1617 1172 1772 1215 quartus

380 1226 557 1264 Menalio
576 1236 702 1273 natus,
734 1227 802 1279 qui
822 1227 947 1265 tenuit
967 1226 1106 1265 insulas
1129 1237 1286 1281 propter
1305 1227 1490 1273 Siciliam,
1521 1243 1608 1280 quae
1626 1229 1774 1268 Vulca-

381 1291 454 1329 niae
473 1292 785 1330 nominabantur.
827 1293 1047 1331 Mercurius
1067 1306 1166 1332 unus
1186 1293 1292 1332 Caelo
1310 1302 1430 1346 patre,
1447 1293 1523 1332 Die
1539 1303 1672 1339 matre,
1703 1307 1773 1332 na-

381 1365 442 1394 tus
459 1374 471 1400 5
493 1358 603 1407 cujus
621 1354 837 1395 obscoenius
857 1357 1020 1396 excitata
1040 1367 1173 1396 natura
1191 1358 1365 1403 traditur,
1386 1358 1492 1410 quod
1511 1359 1661 1412 aspectu
1677 1360 1772 1398 Pro-

382 1421 538 1474 serpinae
555 1431 777 1460 commotus
797 1422 841 1460 fit
853 1440 866 1467 5
888 1422 981 1461 alter
1000 1423 1173 1462 Valentis
1193 1432 1232 1462 et
1250 1422 1480 1462 Phoronidis
1500 1423 1617 1470 filius,
1638 1424 1685 1470 is,
1705 1425 1774 1477 qui

382 1486 453 1525 sub
473 1487 579 1526 terris
599 1486 775 1533 habetur,
808 1488 911 1526 idem
930 1487 1184 1541 Trophonius
1199 1507 1213 1534 5
1243 1489 1378 1528 tertius
1398 1490 1494 1541 Jove
1515 1490 1628 1528 tertio
1647 1500 1775 1535 natus,

382 1562 421 1591 et
440 1553 562 1599 Maia,
592 1566 640 1592 ex
659 1566 751 1605 quo,
772 1562 811 1592 et
832 1554 1024 1606 Penelopa
1042 1555 1144 1593 Pana
1162 1562 1296 1593 natum
1314 1554 1447 1593 ferunt·
1456 1572 1469 1599 5
1500 1564 1656 1607 quartus
1677 1556 1776 1595 Nilo

383 1627 502 1670 patre,
536 1630 655 1669 quem
682 1617 994 1669 AEgyptiinefas
1023 1617 1168 1655 habent
1195 1619 1420 1664 nominare5
1450 1620 1625 1672 quintus,
1657 1633 1777 1673 quem

381 1682 516 1720 colunt
535 1681 749 1725 Pheneatae‚
781 1681 850 1734 qui
869 1690 908 1719 et
926 1685 1079 1734 Argum
1097 1682 1240 1721 dicitur
1258 1684 1502 1729 interemiss'e5
1531 1685 1582 1723 ob
1614 1699 1777 1738 eamque

380 1748 531 1786 causam
551 1748 769 1801 AEgyptum
789 1746 1007 1800 profugisse,
1027 1757 1141 1800 atque
1159 1748 1354 1801 AEgyptiis
1374 1748 1475 1801 leges
1495 1758 1533 1788 et
1551 1749 1676 1789 literas
1697 1760 1775 1790 tra-

381 1812 528 1851 didiffe.
559 1814 682 1851 Hunc
696 1813 874 1866 AEgyptii
889 1811 1030 1851 Thoth
1049 1813 1243 1866 appellant
1254 1832 1267 1858 5
1288 1813 1502 1867 eodemque
1513 1816 1672 1855 nornine
1685 1817 1776 1856 anni

383 1879 531 1931 primus
553 1878 690 1917 menfis
711 1878 811 1931 apud
829 1891 892 1916 eos
921 1888 1091 1917 vocatur.
1132 1878 1442 1932 AEsculapiorum
1461 1881 1633 1933 primus5
1647 1883 1776 1936 Apol·

384 1943 488 1989 linis,
518 1957 636 1996 quem
664 1945 830 1983 Arcades
860 1944 995 1982 colunt
1011 1962 1024 1990 5
1054 1945 1124 1997 qui
1150 1944 1351 1998 specillum
1381 1945 1576 1992 inveniffe,
1607 1948 1775 2000 primus-

384 2023 462 2061 que
479 2010 619 2047 vulnus
638 2009 780 2047 dicitur
798 2009 1018 2062 obligavifi‘e
1032 2027 1044 2055 5
1068 2010 1257 2049 secundus»
1269 2010 1423 2050 secundi
1435 2012 1624 2052 Mercurii
1639 2012 1773 2060 frater5

383 2076 430 2120 is,
451 2074 618 2113 fulmine
650 2075 856 2129 percussus,
885 2076 1027 2115 dicitur
1057 2074 1241 2115 humatus
1269 2076 1340 2116 effe
1360 2078 1592 2130 Cynosuris5
1623 2080 1773 2126 tertius,

385 2141 538 2193 Arfippi
571 2150 608 2178 et
640 2142 809 2180 Arfinoae
822 2160 836 2187 5
876 2142 945 2194 qui
959 2167 962 2170 ι
976 2142 1124 2195 primus
1157 2143 1426 2195 purgationem
1453 2144 1542 2189 alvi,
1578 2145 1776 2198 dentisque

384 2205 632 2250 evulsionem,
668 2215 712 2244 ut
743 2206 886 2252 ferunt,
916 2207 1091 2253 invenit5
1123 2209 1233 2261 cujus
1264 2209 1304 2248 in
1323 2209 1487 2249 Arcadia
1518 2223 1595 2250 non
1626 2211 1776 2264 longea

387 2270 502 2309 Lufio
522 2270 683 2309 flumine
701 2271 919 2324 sepulcrum
939 2282 977 2311 et
997 2273 1106 2312 lucus
1125 2274 1349 2314 ostenditur.

441 2338 595 2375 XXIII.
627 2338 859 2390 Apollinum
879 2340 1158 2392 antiquissimus
1179 2341 1225 2386 is,
1239 2355 1354 2394 quem
1375 2342 1489 2395 paulo
1508 2352 1594 2380 ante
1613 2356 1660 2380 ex
1672 2342 1775 2380 Vul-

385 2415 483 2440 cano
513 2412 646 2441 natum
675 2403 746 2441 effe
775 2404 871 2450 dixi,
902 2406 1097 2444 custodem
1126 2406 1369 2445 Athenarum
1385 2426 1396 2451 5
1427 2407 1520 2445 alter
1546 2407 1775 2458 Corybantis

388 2467 505 2512 filius,
528 2478 636 2506 natus
667 2469 707 2507 in
728 2471 866 2516 Creta5
897 2472 1006 2523 cujus
1027 2472 1073 2509 de
1092 2472 1158 2510 illa
1185 2472 1305 2510 insula
1324 2486 1413 2510 curn
1434 2473 1528 2523 Jove
1553 2472 1634 2525 ipso
1652 2483 1775 2511 certa-

387 2546 479 2572 men
498 2533 607 2572 fuiffe
627 2535 786 2574 traditur
798 2554 811 2581 5
841 2537 975 2575 tertius
996 2539 1090 2589 Jove
1121 2538 1232 2576 tertio
1252 2547 1375 2582 natus,
1411 2547 1448 2576 et
1476 2539 1637 2583 Latona,
1659 2551 1777 2591 quem

384 2611 435 2638 ex
468 2601 730 2653 Hyperboreis
751 2601 927 2656 Delphos
957 2602 1086 2642 ferunt
1114 2603 1322 2650 adveniffe5
1354 2613 1508 2657 quartus
1529 2605 1570 2644 in
1599 2605 1774 2650 Arcadia,

497 2666 537 2705 T
554 2679 578 2704 0
596 2679 649 2705 M.
680 2667 733 2706 11.
1387 2671 1409 2707 S
1431 2669 1453 2707 s
1464 2669 1488 2708 s
