2330 2983
512 238 588 294 3ss
820 232 1597 275 TUSCULANARUM

509 338 640 390 igitur,
671 334 1012 388 perturbationem,
1037 332 1270 385 jactantibus
1300 331 1336 370 se
1365 331 1614 384 opinionibus
1648 330 1903 372 inconstanter

508 413 546 441 et
567 401 730 445 turbide,
761 400 800 437 in
822 410 932 438 motu
963 398 1033 438 effe
1053 398 1212 452 semper.
1259 399 1362 436 Cum
1384 406 1512 435 autem
1538 395 1603 435 hic
1622 394 1748 435 fervor
1765 397 1900 436 conci-

509 468 679 519 tatioque
708 465 829 504 animi
854 464 1130 509 inveteraverit,
1166 473 1204 502 et
1230 473 1411 516 tanquam
1440 463 1480 500 in
1509 462 1614 500 venis
1647 462 1904 515 medullisque

508 532 700 577 insederit,
732 541 816 569 tum
837 531 963 569 existit
983 539 1020 568 et
1040 530 1213 575 morbus,
1240 538 1278 568 et
1299 529 1508 581 aegrotatio,
1535 538 1574 566 et
1592 527 1815 568 offensiones
1835 542 1901 573 eae,

510 613 596 652 quae
615 598 702 636 sunt
720 598 773 635 eis
793 596 939 635 morbis
960 595 1344 648 aegrotationibusque
1364 594 1575 632 contrariae.

540 669 544 675 '
565 665 637 703 XI.
666 665 779 708 Haec,
801 676 885 715 quae
904 662 1005 706 dico,
1027 662 1258 714 cogitatione
1278 661 1377 698 inter
1396 660 1430 698 se
1455 659 1652 705 differunt,
1674 673 1714 698 re
1742 659 1903 712 quidem

510 730 688 784 copulata
708 729 806 773 sunt,
824 741 942 780 eaque
961 728 1137 765 oriuntur
1156 740 1202 766 ex
1221 725 1381 764 libidine
1400 734 1439 762 et
1457 725 1601 763 laetitia.
1624 726 1730 764 Nam
1744 739 1837 764 cum
1852 725 1906 764 est

510 795 717 848 concupita
746 793 923 846 pecunia,
954 806 1024 831 nec
1052 791 1223 830 adhibita
1246 790 1433 829 continue,
1460 790 1569 834 ratio,
1598 791 1702 842 quasi
1728 791 1904 842 quaedam

509 862 699 901 Socratica
719 858 929 903 medicina,
959 872 1044 910 quae
1064 857 1205 895 sanaret
1223 870 1308 895 eam
1327 855 1582 908 cupiditatem
1598 873 1610 900 3
1642 865 1837 909 permanat
1863 856 1904 894 in

510 939 640 972 venas,
671 935 712 964 et
731 923 891 963 inhaeret
920 924 960 962 in
986 923 1192 962 visceribus
1212 922 1311 961 illud
1331 921 1494 967 malum,
1524 921 1727 974 existitque
1746 921 1906 960 morbus

509 1002 550 1032 et
571 992 781 1046 aegrotatio‚
812 1005 898 1043 quae
926 989 1039 1028 avelli
1069 990 1274 1028 inveterata
1302 1002 1381 1027 non
1412 988 1593 1041 poffunt;
1623 988 1735 1040 eique
1767 988 1906 1027 morbo

510 1073 654 1099 nomen
681 1057 733 1096 est
752 1057 919 1096 avaritia.
952 1056 1213 1109 Similiterque
1232 1056 1356 1095 caeteri
1384 1054 1539 1100 morbi3
1572 1063 1615 1093 ut
1640 1053 1770 1107 gloriae
1789 1055 1904 1107 cupi-

510 1127 623 1171 ditas,
645 1135 688 1163 ut
707 1123 970 1168 mulierositas,
992 1132 1035 1161 ut
1054 1123 1105 1161 ita
1123 1122 1314 1176 appellem
1333 1135 1431 1166 eam,
1461 1131 1546 1174 quae
1565 1121 1702 1159 Graece
1722 1115 1906 1166 Φιληυνᾶα.

511 1193 654 1231 dicitur
668 1210 680 1236 3
721 1189 923 1241 caeterique
952 1188 1126 1226 fimiliter
1158 1188 1285 1227 morbi
1318 1186 1653 1240 aegrotationesque
1686 1186 1904 1225 nascuntur.

512 1258 612 1309 Qae
644 1265 774 1293 autem
803 1254 890 1292 sunt
917 1252 978 1291 his
1012 1255 1212 1298 contraria,
1242 1265 1284 1291 ea
1315 1253 1414 1290 nasci
1449 1262 1630 1305 putantur
1659 1266 1679 1290 a
1708 1262 1831 1297 metu,
1863 1260 1906 1290 ut

510 1323 647 1362 odium
666 1320 893 1364 mulierum,
927 1319 1040 1372 quale
1068 1319 1108 1357 in
1127 1318 1302 1369 μιπρονάᾳ
1330 1318 1408 1363 est3
1439 1327 1483 1356 ut
1516 1318 1555 1355 in
1582 1316 1793 1356 hominum
1816 1318 1906 1356 uni·-

511 1388 663 1428 versum
682 1398 817 1440 genus,
839 1385 944 1438 quod
963 1384 1180 1437 accepimus
1210 1385 1256 1422 de
1276 1385 1462 1429 Timone,
1492 1383 1559 1437 qui
1578 1379 1819 1436 μισάνθρωπος
1837 1395 1907 1435 ap-

513 1455 704 1509 pellatur;
736 1462 780 1490 ut
812 1450 1088 1504 inhospitalitas
1108 1450 1173 1488 est.
1219 1451 1318 1500 Quae
1337 1463 1470 1489 omnes
1501 1449 1763 1503 aegrotationes
1786 1449 1910 1487 animi

512 1533 559 1559 ex
579 1519 748 1572 quodam
768 1526 877 1555 metu
906 1516 1110 1555 nascuntur
1140 1529 1270 1554 earum
1293 1530 1436 1562 rerum,
1468 1529 1561 1569 quas
1581 1513 1739 1568 fugiunt
1756 1524 1795 1552 et
1813 1514 1906 1553 ode·

514 1595 617 1625 runt.

568 1650 775 1691 Definiunt
793 1659 920 1688 autem
942 1646 1061 1687 animi
1081 1648 1381 1701 aegrotationem,
1414 1648 1676 1702 opinationem
1696 1646 1905 1685 vehemen-

513 1729 593 1757 tem
613 1719 659 1755 de
681 1728 719 1754 re
740 1729 815 1754 non
847 1715 1072 1767 expetenda,
1105 1725 1286 1766 tanquam
1319 1714 1426 1752 valde
1453 1713 1664 1767 expetenda
1693 1713 1751 1757 fit,
1782 1711 1906 1751 inhae-

514 1794 660 1822 rentem
681 1791 718 1820 et
737 1781 888 1834 penitus
909 1780 1072 1818 insitam.
1095 1780 1214 1831 Qod
1233 1789 1361 1818 autem
1377 1780 1540 1818 nascitur
1558 1793 1604 1818 ex
1617 1778 1836 1824 offensione,
1857 1779 1909 1817 ita

513 1849 717 1893 definiunt,
736 1846 975 1899 Opinionem
996 1844 1265 1883 vehementem
1281 1845 1327 1883 de
1348 1859 1385 1883 re
1406 1859 1481 1883 non
1502 1844 1696 1898 fugienda,
1714 1843 1907 1882 inhaeren-

514 1926 593 1954 tem
613 1924 650 1953 et
670 1914 822 1967 penitus
843 1911 1006 1956 infitam,
1028 1921 1211 1964 tanquam
1231 1910 1425 1965 fugienda.
1472 1912 1569 1950 Haec
1588 1920 1716 1948 autem
1736 1910 1909 1964 opinatio

513 1982 566 2020 est
581 1981 752 2033 judicare
772 1979 806 2017 se
828 1978 918 2016 scire
938 1977 1041 2030 quod
1063 1977 1215 2016 nesciat.

570 2044 827 2099 AEgrotationi
850 2053 977 2081 autem
1009 2043 1096 2081 talia
1122 2043 1295 2095 quaedam
1318 2042 1480 2096 fiibjestn
1503 2043 1603 2088 sunt,
1625 2042 1790 2086 avaritia,
1822 2053 1908 2080 am-

514 2114 626 2158 bitio,
649 2110 910 2155 mulierositas,
943 2109 1166 2163 pervicacia,
1200 2110 1386 2163 liguritio,
1416 2109 1638 2154 vinolentia,
1664 2107 1840 2161 cupedia,
1870 2118 1909 2146 et

514 2180 540 2218 si
562 2193 636 2233 qua
656 2178 805 2217 similia.
838 2176 905 2215 Est
924 2185 1052 2215 autem
1073 2176 1225 2214 avaritia
1243 2177 1415 2229 opinatio
1441 2174 1645 2214 vehemens
1664 2175 1711 2213 de
1732 2174 1905 2227 pecunia,

514 2247 615 2298 quali
637 2244 743 2283 valde
762 2243 971 2297 expetenda
992 2243 1048 2288 sit,
1081 2242 1266 2282 inhaercns
1294 2252 1332 2281 et
1364 2243 1515 2296 penitus
1537 2240 1657 2280 inlita.
1689 2241 1907 2294 Similisque

513 2312 565 2350 cst
599 2310 766 2363 ejusdem
800 2308 947 2363 generis
980 2308 1154 2347 definitio
1184 2308 1432 2360 reliquarum.
1478 2307 1748 2346 offensionum
1778 2316 1907 2345 autem

515 2377 754 2416 definitiones
776 2376 861 2414 sunt
880 2374 1083 2428 ejusmodi,
1106 2385 1147 2413 ut
1169 2373 1445 2427 inhospitalitas
1466 2374 1507 2413 sit
1534 2374 1666 2427 opinio
1685 2373 1906 2418 vehemens.

514 2443 620 2480 valde
641 2441 868 2496 fugiendum
888 2440 958 2479 effe
977 2439 1183 2493 hospitem,
1210 2453 1327 2492 eaque
1348 2439 1533 2478 inhaerens
1554 2450 1590 2477 ct
1611 2440 1762 2492 penitus
1783 2437 1904 2476 infita.

515 2508 775 2560 Similiterque
795 2506 976 2545 definitur
994 2515 1032 2543 et
1060 2506 1266 2545 mulierum
1293 2506 1443 2551 odium,
1475 2516 1517 2544 ut
1539 2505 1773 2559 Hippolyti,
1804 2512 1842 2542 et
1863 2512 1906 2541 ut

511 2575 712 2618 Timonis,
733 2573 881 2626 generis
902 2572 1076 2611 humani.
