2330 2983
632 243 910 287 LIBER
966 241 1402 296 QUARTUS.
1644 245 1717 301 183

319 364 449 392 rerum
469 349 622 390 illarum
642 347 893 402 pulchrarum
908 355 1023 400 atque
1042 345 1331 386 admirabilium
1349 344 1602 386 fundamenta
1628 349 1718 389 sub-

318 419 470 457 ducere.

374 483 487 522 XVI.
519 481 653 533 Itaque
673 478 773 518 mihi
792 479 970 517 videntur
988 491 1126 517 omnes
1145 477 1306 529 quidem
1335 477 1396 516 illi
1415 479 1555 525 erraffe,
1583 482 1651 532 qui
1671 482 1720 520 fi-

317 563 411 588 nem
428 548 621 588 bonorum
639 545 711 584 effe
731 545 911 583 dixerunt
929 543 1086 583 honeste
1104 543 1244 582 vivere.
1276 543 1349 582 Sed
1367 543 1462 582 alius
1482 545 1557 584 alio
1571 548 1694 600 magis
1709 562 1720 586 ε

319 612 468 668 Pyrrho
498 612 643 651 scilicet
673 610 857 655 maxime,
891 609 977 662 qui,
1011 609 1153 648 virtute
1172 608 1392 654 constituta,
1423 608 1522 648 nihil
1542 613 1720 657 omnino,

319 681 426 733 quod
445 678 707 733 appetendum
726 678 785 723 sit,
817 675 1008 729 relinquat
1025 690 1034 714 :
1066 675 1204 715 deinde
1223 675 1365 721 Aristo,
1393 676 1462 728 qui
1481 675 1581 714 nihil
1602 677 1721 716 relin-

319 761 436 800 quere
455 760 533 785 non
554 745 607 783 est
625 744 734 783 ausus
750 762 762 790 3
785 743 1002 782 introduxit
1020 752 1165 787 autem,
1179 742 1322 795 quibus
1342 752 1562 782 commotus
1576 743 1722 797 sapiens

320 820 514 866 appeteret
542 810 702 863 aliquid,
733 808 840 862 quod
869 809 1011 861 cuique
1041 809 1082 846 in
1112 816 1285 847 mentem
1304 808 1502 854 incideret,
1537 818 1575 847 et
1595 810 1722 862 quod-

321 890 476 930 cunque
496 886 681 929 tanquam
699 883 928 914 occurreret.
976 875 1012 913 Is
1033 873 1109 913 hoc
1129 873 1266 913 melior
1285 888 1403 926 quam
1423 873 1583 927 Pyrrho,
1617 875 1723 928 quod

321 945 381 983 vel
402 944 558 996 aliquod
576 957 696 996 genus
727 941 931 994 appetendi
951 941 1056 979 dedit
1071 960 1084 986 ;
1115 940 1277 979 deterior
1297 955 1416 993 quam
1447 943 1586 987 caeteri,
1618 942 1725 994 quod

322 1011 474 1064 penitus
508 1023 530 1047 a
548 1019 681 1047 natura
700 1007 856 1046 receffit.
915 1008 1035 1046 Stoici
1065 1016 1208 1051 autem,
1243 1007 1348 1058 quod
1378 1007 1498 1045 finem
1530 1008 1723 1047 bonorum

307 1077 363 1114 ‘in
384 1089 459 1114 una
477 1076 619 1114 virtute
637 1083 803 1127 ponunt,
834 1073 974 1112 similes
994 1072 1081 1111 sunt
1101 1072 1260 1110 illorum
1278 1087 1288 1110 :
1320 1073 1425 1124 quod
1454 1082 1583 1111 autem
1612 1075 1722 1126 prin-

322 1142 472 1195 cipium
492 1141 613 1180 officii
632 1149 821 1193 quaerunt,
851 1139 990 1177 melius
1011 1151 1129 1190 quam
1151 1137 1299 1190 Pyrrho
1317 1153 1326 1176 :
1360 1139 1465 1191 quod
1485 1152 1527 1177 ea
1546 1153 1623 1177 non
1653 1154 1723 1178 oc-

322 1208 513 1247 currentia
541 1206 709 1259 fingunt‚
739 1206 903 1244 vincunt
921 1204 1171 1242 Aristonem:
1203 1204 1308 1256 quod
1338 1214 1468 1243 autem
1486 1219 1541 1250 ea,
1572 1219 1657 1257 quae
1677 1206 1725 1244 ad

322 1283 500 1313 naturam
528 1271 818 1311 accommodata
837 1280 875 1308 et
902 1284 969 1323 per
988 1270 1023 1308 se
1039 1269 1258 1308 affumenda
1277 1269 1349 1307 effe
1368 1271 1517 1315 dicunt,
1550 1285 1627 1309 non
1655 1272 1724 1310 ad·

319 1341 493 1391 jungunt
512 1339 559 1376 ad
577 1338 696 1377 finem
718 1337 924 1380 bonorum,
946 1335 1157 1374 desciscunt
1176 1349 1197 1373 a
1222 1344 1368 1380 natura,
1390 1346 1428 1374 et
1448 1338 1616 1388 quodam
1636 1351 1725 1376 mo-

325 1405 376 1442 do
397 1404 484 1442 sunt
516 1417 594 1441 non
626 1402 823 1441 dissimiles
845 1401 1046 1440 Aristonis.
1092 1401 1163 1439 Ille
1197 1401 1302 1439 enim
1332 1403 1569 1440 occurrentia
1598 1403 1725 1441 nescio

324 1484 411 1523 quae
431 1468 794 1508 comminiscebatur
811 1483 820 1506 ε
852 1467 894 1506 hi
914 1477 1041 1505 autem
1062 1476 1213 1519 ponunt
1231 1467 1290 1505 illi
1321 1468 1481 1519 quidem
1512 1469 1636 1521 prima
1656 1483 1724 1507 na-

328 1545 435 1580 turae,
457 1535 517 1573 sed
535 1548 576 1572 ea
592 1534 795 1585 sejungunt
815 1547 835 1570 a
854 1533 996 1570 finibus
1017 1542 1054 1569 et
1075 1546 1095 1569 a
1114 1532 1265 1569 summa
1284 1533 1501 1571 bonorum:
1525 1548 1610 1586 quae
1631 1548 1724 1573 cum

327 1609 562 1654 proponunt,
594 1609 637 1636 ut
657 1599 701 1636 fit
720 1598 849 1650 aliqua
867 1611 995 1636 rerum
1017 1597 1182 1641 selectio,
1211 1607 1385 1636 naturam
1405 1598 1585 1637 videntur
1604 1599 1723 1653 sequi.

328 1669 434 1706 Cum
467 1674 594 1703 autem
615 1674 768 1717 negant,
801 1678 843 1702 ea
872 1664 1087 1716 quidquam
1118 1664 1165 1702 ad
1195 1663 1345 1703 beatam
1369 1665 1490 1703 vitam
1523 1667 1726 1719 pertinere,

327 1731 450 1770 rursus
471 1741 646 1768 naturam
663 1731 901 1782 relinquunt.
1391 1778 1398 1784 ἡ

381 1799 513 1849 Atque
533 1796 658 1834 adhuc
677 1809 720 1834 ea
738 1796 832 1840 dixi,
867 1810 936 1834 cur
957 1795 1065 1833 causa
1085 1795 1236 1834 Zenoni
1261 1810 1338 1834 non
1359 1796 1500 1843 fumet,
1531 1800 1725 1850 quamob-

327 1876 409 1901 rem
430 1876 451 1899 a
470 1862 706 1914 superiorum
725 1861 947 1899 auetoritate
966 1860 1185 1899 discederet.
1209 1862 1328 1900 Nunc
1341 1863 1488 1915 reliqua
1507 1864 1701 1903 videamus
1711 1883 1724 1910 3

328 1928 396 1967 nifi
417 1937 481 1965 aut
511 1928 557 1965 ad
576 1926 672 1972 haec,
705 1928 816 1972 Cato,
844 1928 967 1965 dicere
987 1927 1132 1979 aliquid
1153 1928 1223 1972 vis,
1253 1938 1318 1966 aut
1337 1942 1406 1966 nos
1420 1930 1504 1981 jam
1533 1931 1726 1982 longiores

328 1994 474 2032 sumus.
497 1994 694 2032 Neutrum
715 2007 815 2038 vero,
838 1994 966 2045 inquit
985 1994 1064 2031 ille.
1088 1994 1195 2031 Nam
1213 2004 1251 2032 et
1270 2008 1291 2031 a
1310 2004 1346 2032 te
1366 1995 1498 2047 perfici
1519 1995 1627 2034 istam
1647 1997 1724 2035 dis-

327 2060 569 2113 putationem
583 2059 683 2104 volo,
703 2073 771 2097 nec
788 2058 967 2098 tua'mihi
983 2060 1104 2097 oratio
1123 2060 1239 2112 longa
1252 2060 1371 2098 videri
1388 2062 1525 2113 potest.
1548 2063 1726 2115 Optime,

327 2126 503 2177 inquam.
536 2125 644 2177 Qid
660 2126 764 2163 enim
782 2124 880 2163 mihi
901 2125 1021 2177 potest
1038 2125 1109 2162 esse
1121 2126 1302 2178 optatius,
1321 2140 1439 2178 quam
1454 2142 1546 2166 cum
1563 2129 1726 2173 Catone,

328 2191 507 2229 omnium
529 2191 719 2228 virtutum
739 2192 902 2235 auctore,
925 2191 971 2228 de
991 2191 1197 2229 virtutibus
1214 2191 1417 2244 disputare.

386 2257 458 2294 Sed
478 2254 649 2309 primum
669 2256 768 2294 illud
788 2257 886 2301 vide,
908 2257 1162 2309 gravissimam
1178 2258 1286 2295 illam
1305 2259 1463 2296 vestram
1485 2259 1728 2305 sententiam,

330 2336 414 2375 quae
447 2321 636 2359 familiam
669 2321 790 2366 ducit,
822 2323 1012 2375 Honqstum
1032 2322 1125 2376 quod
1135 2323 1206 2375 stt,
1237 2324 1277 2362 id
1300 2325 1360 2377 eſjb
1378 2325 1495 2377 filum
1523 2325 1694 2378 honestum
1710 2343 1724 2370 ;

330 2387 525 2440 hamsteque
560 2387 698 2432 vivere,
729 2387 894 2427 bonorum
912 2389 1040 2440 finem,
1089 2402 1342 2428 communem
1376 2390 1457 2428 fore
1491 2391 1597 2428 vobis
1632 2405 1726 2429 cum

332 2454 530 2497 omnibus,
580 2453 649 2505 qui
686 2454 726 2492 in
768 2467 843 2493 una
890 2456 1031 2492 virtute
1073 2456 1312 2493 constituunt
1349 2455 1467 2493 finem
1507 2456 1698 2495 bonorum
1714 2472 1726 2495 :

332 2518 515 2571 quodque
552 2518 693 2563 dicitis,
723 2518 922 2559 informari
962 2534 1039 2558 non
1082 2521 1181 2573 poss‘e
1214 2521 1412 2565 virtutem,
1451 2521 1476 2559 fi
1508 2522 1725 2575 qui-spiam,

332 2584 401 2624 nili
435 2584 540 2638 quod
566 2583 767 2625 honestum
798 2586 855 2633 sit,
890 2596 1128 2632 numeretur,
1155 2586 1262 2626 idem
1281 2587 1430 2626 dicetur
1450 2587 1496 2626 ab
1516 2588 1608 2635 illis,
1629 2603 1727 2642 quos
