2330 2983
572 251 645 290 188
976 252 1079 290 DE
1165 242 1546 291 FINIBU'S

567 364 721 403 quoque
741 350 858 401 aliud,
881 364 956 389 non
978 351 1101 389 solum
1121 352 1260 398 dicere,
1281 352 1482 391 videretur.
1530 351 1639 404 Qid
1657 352 1670 389 ?
1691 351 1738 390 de
1758 352 1835 405 ipsa
1855 353 1962 392 beata

568 417 659 460 vita,
694 416 740 453 ad
758 429 875 468 quam
895 418 1026 454 omnia
1046 416 1275 463 referuntur,
1312 431 1396 470 quae
1415 418 1544 456 dicitis
1563 419 1576 455 ?
1607 419 1752 471 negatis
1772 431 1857 457 eam
1875 418 1960 463 effe,

567 495 653 533 quat
672 482 821 534 expleta
841 482 884 520 fit
903 483 1084 521 omnibus
1105 484 1151 521 iis
1165 484 1291 529 rebus,
1312 497 1404 536 quas
1426 493 1558 522 natura
1576 483 1757 522 defideret
1774 503 1785 529 ς
1817 493 1962 523 totam-

566 560 642 598 que
662 560 745 584 eam
762 548 801 585 in
815 561 889 585 una
903 547 1044 585 virtute
1057 549 1198 600 ponitis
1213 563 1222 586 :
1245 562 1413 600 cumque
1429 549 1558 587 omnis
1572 549 1821 588 controversia
1839 559 1904 587 aut
1916 549 1964 587 de

569 625 608 649 re
628 612 754 657 soleat,
776 622 839 650 aut
859 613 905 650 de
925 614 1096 658 nomine,
1118 613 1188 651 effe
1204 632 1215 659 3
1248 625 1407 666 utraque
1426 627 1556 653 earum
1576 615 1752 660 nascitur,
1774 615 1800 653 fi
1820 624 1886 653 aut
1905 628 1962 652 res

569 677 778 730 ignoratur,
799 687 864 716 aut
883 688 1025 716 erratur
1044 679 1083 716 in
1107 679 1278 717 nomine.
1316 681 1495 730 Qorum
1518 680 1542 717 fi
1564 690 1744 719 neutrum
1764 681 1830 725 est,
1851 693 1964 733 opera

569 742 691 781 danda
710 743 776 788 est,
806 753 848 780 ut
868 744 990 781 verbis
1012 753 1166 782 utamur
1186 758 1303 796 quam
1324 744 1582 790 usitatissimis,
1603 754 1642 783 et
1661 759 1777 797 quam
1794 747 1964 783 maxime

569 809 682 860 aptis,
711 808 751 846 id
770 808 836 852 est,
867 821 948 845 rem
969 808 1261 847 declarantibus.
1306 809 1420 847 Num
1444 809 1563 860 igitur
1581 810 1747 847 dubium
1767 810 1832 854 est,
1852 811 1962 862 quin,

570 874 596 912 s1
617 874 657 911 in
676 887 715 911 re
734 873 813 926 ipsa
830 871 929 911 nihil
958 883 1136 925 peccatur
1161 888 1182 912 a
1199 873 1470 928 superioribus,
1498 875 1622 913 verbis
1641 875 1700 915 illi
1720 875 1968 914 commodius>

570 949 732 979 utuntur
745 940 760 978 ?

625 1007 738 1045 XXI.
769 1006 979 1046 Videamus
998 1007 1118 1061 igitur
1137 1008 1337 1048 sententias
1356 1022 1514 1054 eorum3
1538 1018 1623 1047 tum
1643 1009 1689 1048 ad
1704 1010 1816 1048 verba
1835 1008 1964 1047 redea-

571 1085 673 1111 mus.
706 1072 857 1111 Dicunt
877 1073 1153 1125 appetitionem
1173 1075 1292 1112 animi
1313 1075 1472 1119 moveri,
1495 1089 1587 1112 cum
1607 1075 1754 1127 aliquid
1773 1076 1810 1113 ei
1829 1075 1964 1113 secun·

570 1139 666 1176 dum
686 1148 859 1176 naturam
879 1138 950 1176 esse
969 1138 1141 1177 videatur
1152 1158 1164 1184 ς
1195 1140 1415 1192 omniaque,
1446 1153 1530 1192 quae
1560 1140 1771 1179 secundum
1792 1149 1965 1178 naturam

571 1203 670 1249 sunt,
692 1204 938 1242 aestimatione
957 1204 1086 1256 aliqua
1105 1206 1246 1257 digna;
1278 1219 1395 1258 eaque
1415 1220 1484 1259 pro
1504 1219 1562 1251 eo,
1593 1217 1783 1259 quantum
1803 1207 1843 1245 in
1865 1220 1965 1259 quo-

571 1284 648 1322 que
663 1270 708 1308 sit
722 1269 916 1323 ponderis,
929 1270 999 1308 esse
1019 1270 1234 1309 aestimanda
1249 1286 1258 1309 :
1278 1286 1440 1324 quaeque
1461 1272 1671 1311 secundum
1688 1283 1861 1311 naturam
1878 1273 1963 1317 sint,

571 1336 712 1389 partim
727 1335 827 1374 nihil
847 1334 985 1373 habere
1000 1336 1040 1374 in
1060 1336 1133 1374 sese
1148 1337 1407 1390 appetitionis,
1424 1337 1470 1375 de
1483 1351 1558 1390 qua
1577 1337 1670 1390 saepe
1684 1339 1767 1390 jam
1779 1338 1964 1382 diximus,

572 1416 657 1454 quae
677 1414 748 1439 nec
778 1400 945 1447 honesta,
976 1414 1046 1439 nec
1073 1401 1277 1440 laudabilia
1307 1402 1509 1441 dicantur:
1542 1403 1682 1456 partim
1702 1402 1854 1448 habere,
1882 1417 1968 1456 quae

571 1467 808 1520 voluptatem
839 1466 1003 1505 habeant
1022 1468 1062 1505 in
1091 1469 1199 1506 omni
1220 1469 1426 1513 animante,
1459 1469 1520 1507 fied
1541 1471 1579 1508 in
1601 1468 1760 1508 homine
1780 1470 1967 1508 rationem

571 1533 703 1571 etiam.
757 1533 818 1570 Ex
837 1533 883 1571 iis
905 1546 988 1585 quae
1009 1533 1080 1571 sint
1095 1543 1194 1586 apta,
1225 1547 1266 1572 ea
1286 1533 1453 1579 honesta,
1475 1548 1516 1572 ea
1537 1533 1710 1588 pulchra,
1731 1549 1773 1573 ea
1791 1535 1967 1573 laudabi—

571 1599 649 1636 lia:
681 1597 748 1636 illa
767 1607 895 1635 autem
921 1597 1120 1653 superiora,
1154 1599 1337 1637 naturalia
1358 1600 1630 1646 nominantur;
1661 1615 1746 1654 quae
1765 1601 1969 1653 conjunsta

572 1677 664 1702 cum
685 1662 852 1701 honestis
873 1663 992 1700 vitam
1014 1663 1161 1701 beatam
1181 1664 1387 1717 perficiunt
1407 1674 1444 1702 et
1464 1665 1676 1704 absolvunt.

628 1729 822 1766 Omnium
853 1738 982 1765 autem
1013 1741 1146 1766 eorum
1176 1730 1474 1768 commodorum
1503 1731 1662 1782 (quibus
1689 1745 1765 1769 non
1792 1730 1850 1768 illi
1881 1731 1967 1784 plus

574 1795 763 1839 tribuunt,
794 1794 861 1846 qui
882 1793 948 1831 illa
967 1793 1066 1831 bona
1084 1793 1155 1832 effe
1182 1795 1330 1839 dicunt,
1361 1809 1478 1847 quam
1501 1797 1623 1841 Zeno,
1641 1797 1709 1849 qui
1730 1799 1859 1848 negat)
1880 1797 1968 1835 lon-

573 1874 619 1912 ge
647 1859 992 1913 praestantiffimum
1012 1858 1097 1904 effe,
1129 1861 1232 1912 quod
1253 1859 1455 1899 honestum
1487 1861 1575 1900 effet
1607 1873 1720 1914 atque
1755 1862 1967 1901 laudabile:

573 1927 649 1971 sed,
680 1927 705 1964 si
737 1926 814 1964 duo
845 1925 998 1963 honesta
1018 1927 1205 1978 proposita
1238 1928 1322 1971 sint,
1354 1928 1515 1966 alterum
1537 1942 1628 1966 cum
1650 1923 1881 1974 valetudine,
1912 1929 1969 1967 al-

573 2003 698 2030 terum
729 2005 821 2030 cum
854 1991 1004 2035 morb0,
1036 2005 1111 2029 non
1144 1991 1215 2030 effe
1235 1992 1414 2037 dubium,
1445 1994 1489 2031 ad
1523 2004 1653 2032 utrum
1673 2008 1807 2032 eorum
1839 2005 1972 2033 natum

575 2071 643 2096 nos
661 2057 737 2110 ipsa
752 2057 957 2095 deductura
973 2057 1028 2094 fit.
1056 2057 1126 2095 Sed
1149 2067 1274 2096 tamen
1298 2068 1441 2096 tantam
1458 2059 1536 2096 vim
1559 2058 1761 2098 honestatis
1782 2060 1866 2103 ell'c,
1885 2070 1970 2098 tan-

576 2134 738 2175 tumque
757 2136 842 2160 eam
864 2122 975 2160 rebus
996 2123 1178 2161 omnibus
1210 2124 1377 2176 pra-stare
1397 2134 1434 2162 et
1458 2125 1655 2169 excellere,
1692 2135 1732 2162 ut
1755 2126 1869 2163 nullis
1901 2140 1970 2164 nec

576 2188 786 2241 suppliciis,
820 2201 886 2225 ncc
909 2189 1073 2240 praemiis
1094 2188 1284 2227 demoveri
1308 2189 1417 2242 pollit
1447 2204 1493 2228 ex
1514 2204 1572 2235 co,
1601 2191 1704 2243 quod
1726 2193 1870 2229 seclum
1900 2191 1972 2229 else

576 2255 782 2293 decreverit
800 2273 811 2299 3
842 2254 1064 2306 omniaque,
1105 2269 1189 2306 quae
1224 2256 1329 2300 dura,
1361 2256 1546 2301 difficilia,
1578 2257 1724 2295 adversa
1758 2257 1970 2302 videantur,

577 2334 619 2358 ca
639 2320 846 2358 virtutibus
878 2319 938 2364 iis,
970 2321 1112 2372 quibus
1144 2331 1315 2359 anatum
1339 2321 1499 2360 essemus
1520 2323 1656 2366 ornati,
1687 2323 1809 2360 obteri
1841 2323 1968 2376 poll‘e:

578 2400 651 2423 non
685 2385 811 2423 facilia
846 2384 910 2424 illa
937 2386 1110 2438 quidem,
1144 2400 1212 2424 nce
1243 2387 1537 2431 contemnenda,
1561 2388 1673 2440 (quid
1694 2389 1798 2426 enim
1818 2389 1904 2427 cil'ct
1933 2389 1970 2426 in

580 2452 719 2489 virtute
754 2461 901 2489 tantum
919 2452 951 2503 ?)
984 2451 1044 2490 scd
1076 2462 1117 2489 ut
1145 2451 1218 2490 hoc
1242 2453 1516 2505 judicaremus,
1549 2468 1622 2492 non
1643 2454 1714 2492 cll'e
1736 2456 1773 2492 in
1805 2453 1864 2492 his
1885 2468 1970 2507 par-

581 2526 659 2555 tem
681 2519 890 2557 maximam
907 2517 1066 2572 politam
1083 2529 1146 2557 aut
1160 2518 1264 2558 beate
1281 2529 1344 2557 aut
1363 2519 1464 2558 secus
1483 2520 1647 2560 vivendi.
1680 2521 1742 2572 Ad
1760 2521 1970 2564 luminum,
