2330 2983
570 299 650 352 43⁶
831 295 926 334 DE
982 292 1310 333 NATURA
1367 292 1706 334 DEORUM

569 396 618 434 de
638 395 725 435 Diis
745 394 1032 434 immortalibus
1063 393 1312 448 quaestionem
1336 395 1375 434 in
1396 404 1519 449 partes
1546 404 1724 449 quatuor.
1769 396 1964 441 Primum,

568 462 709 500 docent
739 461 809 500 esse
837 461 970 502 Deos:
1003 461 1153 508 deinde,
1189 462 1318 515 quales
1353 462 1448 502 fint:
1481 472 1583 508 tum,
1610 462 1802 502 mundum
1827 462 1875 501 ab
1903 462 1965 501 his

566 527 846 567 administrari:
869 527 1074 582 postremo,
1090 527 1286 567 consulere
1303 542 1366 568 eos
1383 528 1494 568 rebus
1506 528 1703 568 humanis.
1735 529 1821 568 Nos
1837 538 1966 567 autem

568 592 644 634 hoc
665 594 850 641 sermone,
870 609 956 648 quae
974 595 1100 648 priora
1119 595 1197 634 duo
1217 594 1318 641 sunt,
1340 595 1536 635 sumamus
1552 614 1564 641 ς
1595 596 1768 641 tertium,
1792 604 1831 634 et
1850 608 1966 648 quar-

567 669 671 706 tum,
686 661 779 714 quia
798 661 941 714 majora
960 661 1060 707 sunt,
1081 670 1177 714 puto
1194 661 1264 700 effe
1284 663 1324 700 in
1345 662 1449 700 aliud
1466 671 1617 715 tempus
1634 661 1854 701 differenda.
1878 661 1966 700 Mi-

568 727 676 766 nime
705 740 807 773 vero,
839 728 968 780 inquit
1000 729 1142 766 Cotta:
1175 741 1265 766 nam
1296 736 1334 766 et
1363 728 1472 767 otiosi
1492 728 1639 774 sumus,
1663 737 1701 768 et
1719 729 1766 767 iis
1786 729 1832 766 de
1854 727 1966 766 rebus

568 793 734 848 agimus,
756 807 841 846 quae
860 793 947 832 sunt
967 792 1083 832 etiam
1104 793 1270 846 negotiis
1289 794 1576 846 anteponendae.
1905 791 1907 793 ’

626 860 679 898 11.
703 860 813 898 Tum
836 858 1029 904 Lucilius,
1050 859 1115 897 Ne
1133 871 1244 911 egere
1263 859 1423 911 quidem
1443 858 1607 904 videtur,
1629 859 1771 911 inquit,
1799 859 1970 897 oratione

528 925 695 980 'nx-prima
714 938 812 979 pars.
844 925 954 977 Qid
973 924 1080 963 enim
1105 924 1229 978 potest
1247 923 1318 963 effe
1334 933 1414 963 tam
1434 933 1625 977 apertum,
1646 934 1804 978 tamque
1823 923 1969 978 perspi-

567 990 704 1044 cuum,
736 1005 828 1031 cum
848 991 989 1031 caelum
1009 989 1262 1045 suspeximus,
1293 991 1531 1044 caelestiaque
1551 991 1804 1044 contemplati
1823 990 1970 1035 sumus,

567 1058 686 1112 quam
706 1058 778 1098 effe
797 1058 955 1112 aliquod
970 1071 1118 1097 numen
1136 1057 1446 1111 praestantiffimae
1461 1058 1617 1104 mentis,
1634 1071 1713 1111 quo
1731 1056 1814 1096 haec
1833 1069 1970 1110 regan-

569 1126 656 1165 tur?
674 1125 794 1178 Qod
808 1125 848 1163 ni
860 1125 913 1163 ita
925 1124 1027 1170 effet,
1040 1124 1108 1176 qui
1119 1123 1299 1177 potuiss‘et
1310 1123 1452 1162 affensu
1463 1124 1642 1163 omnium
1655 1124 1779 1163 dicere
1792 1123 1970 1162 Ennius?

706 1192 837 1245 Aspice
854 1190 918 1230 hoc
922 1189 1077 1244 ficblime
1094 1189 1259 1235 candens,
1281 1203 1381 1244 quem
1400 1189 1574 1229 invocant
1592 1204 1706 1229 omnes
1724 1190 1860 1243 Jovem
1875 1207 1887 1234 ς

570 1257 686 1296 illum
705 1270 795 1295 vero
813 1265 853 1295 et
871 1257 1025 1307 jovem,
1056 1264 1096 1294 et
1115 1255 1399 1295 dominatorem
1418 1268 1561 1302 rerum,
1582 1265 1621 1295 et
1639 1256 1773 1296 omnia
1790 1264 1890 1295 nutu
1910 1267 1971 1293 re-

570 1331 743 1377 gentem,
763 1331 815 1369 et,
836 1330 881 1361 ut
899 1321 1005 1361 idem
1025 1320 1192 1366 Ennius,

1085 1395 1234 1440 patrem
1253 1387 1480 1440 Divusnque,
1510 1386 1767 1440 hominumque,

569 1465 610 1496 et
629 1455 851 1510 praesentem
869 1466 912 1492 ac
932 1461 1210 1507 praepotentem
1239 1453 1388 1492 Deum.
1435 1452 1556 1504 Qod
1586 1452 1655 1505 qui
1674 1451 1841 1497 dubitet,
1871 1450 1974 1490 haud

572 1522 658 1560 sane
677 1521 867 1573 intelligo,
889 1532 958 1558 cur
978 1532 1057 1557 non
1076 1518 1197 1564 idem,
1227 1518 1282 1556 sol
1301 1519 1361 1564 s1t,
1391 1531 1439 1557 an
1458 1517 1589 1556 nullus
1610 1517 1668 1562 fit,
1690 1517 1866 1556 dubitare
1885 1517 1973 1570 pos—

572 1588 631 1626 fit.
664 1587 772 1638 Qid
793 1586 898 1624 enim
917 1583 972 1622 est
991 1583 1066 1621 hoc
1087 1583 1157 1622 illo
1176 1583 1388 1621 evidentius
1405 1583 1418 1619 ?

628 1651 749 1704 Qod
784 1651 854 1689 nifi
885 1649 1090 1703 cognitum
1120 1646 1525 1701 comprehensumque
1555 1647 1696 1686 animis
1728 1646 1974 1694 haberemus,

573 1732 650 1758 non
671 1726 751 1756 tam
772 1715 914 1755 stabilis
933 1714 1069 1768 opinio
1087 1722 1342 1767 permaneret,
1372 1726 1442 1752 nec
1462 1712 1754 1751 confirmaretur
1778 1713 1974 1752 diuturni-

571 1794 651 1824 tate
669 1783 867 1836 temporiS,
899 1794 971 1820 nec
991 1793 1067 1819 una
1089 1793 1182 1819 cum
1202 1779 1337 1819 seculis
1368 1778 1615 1832 aetatibusque
1634 1778 1845 1818 hominum
1864 1780 1974 1818 inve·

571 1860 691 1890 terare
712 1847 904 1904 potuiss‘et.
936 1847 1096 1886 Etenim
1116 1845 1307 1891 videmus,
1337 1854 1489 1884 caeteras
1508 1845 1711 1899 opiniones
1730 1845 1836 1883 fiaas
1860 1855 1978 1898 atque

572 1930 686 1956 vanas
706 1915 957 1954 diuturnitate
981 1912 1202 1951 extabuisse.
1239 1912 1340 1965 Qis
1359 1912 1466 1950 enim
1480 1910 1832 1965 hippocentaurum
1850 1909 1976 1957 fuiffe,

574 1992 638 2022 aut
657 1982 880 2020 chimaeram
901 1988 1009 2032 putat
1025 1979 1037 2015 ?
1059 1991 1190 2031 quaeve
1205 1991 1299 2017 anus
1316 1988 1395 2017 tam
1410 1991 1542 2017 excors
1558 1977 1722 2017 inveniri
1737 1977 1874 2030 potest,
1892 1990 1977 2029 quae

575 2049 654 2094 illa,
685 2061 770 2101 qua:
790 2046 985 2099 quondam
1015 2044 1279 2089 credebantur,
1310 2043 1411 2096 apud
1430 2041 1571 2081 inferos
1591 2050 1766 2095 portenta
1794 2041 1976 2080 extimes-

576 2124 637 2152 cat
656 2114 668 2150 ?
688 2112 933 2166 Opinionum
946 2111 1052 2149 enim
1067 2119 1291 2149 commenta
1305 2109 1405 2149 delet
1423 2108 1502 2148 dies
1518 2126 1529 2152 ς
1558 2117 1701 2146 naturae
1715 2107 1864 2159 judicia
1878 2121 1976 2145 con-

578 2181 718 2219 firmat.
753 2180 886 2231 Itaque
911 2186 948 2215 ct
969 2178 1007 2215 in
1030 2176 1154 2215 nostro
1173 2175 1333 2229 populo,
1355 2184 1392 2213 et
1412 2175 1450 2213 in
1472 2173 1632 2220 caeteris,
1652 2173 1828 2211 Deorum
1848 2173 1976 2213 cultus

578 2247 889 2300 religionumque
910 2243 1120 2282 sanctitates
1151 2241 1319 2280 existunt
1347 2242 1385 2279 in
1407 2241 1486 2279 dies
1513 2240 1674 2292 majores
1695 2249 1809 2292 atque
1834 2239 1977 2277 melio-

579 2327 649 2351 τος.
684 2313 804 2365 quue
834 2311 960 2349 evenit
982 2324 1057 2348 non
1091 2319 1246 2355 temere,
1281 2321 1350 2347 nec
1381 2307 1481 2352 casu,
1516 2307 1578 2345 secl
1608 2306 1713 2360 quod
1741 2305 1977 2360 praesentiam

581 2380 670 2432 lli-pe
690 2379 768 2417 divi
791 2378 895 2416 suam
915 2376 1105 2415 declarant
1122 2394 1132 2420 5
1158 2385 1199 2414 ut
1219 2385 1256 2413 et
1277 2375 1376 2428 apud
1395 2373 1596 2426 Regillum
1616 2373 1718 2412 bello
1734 2374 1979 2417 Latinorum,

579 2460 669 2483 cum
707 2447 756 2482 Λ.
790 2442 1007 2482 Postumius
1038 2441 1197 2480 dictator
1230 2453 1322 2478 cum
1354 2440 1515 2478 octavio
1543 2439 1726 2478 Mamilio
1758 2438 1979 2477 Tusculano

581 2511 710 2564 praelio
730 2509 944 2553 dimicaret,
973 2508 1014 2547 in
1046 2507 1169 2546 nostra
1188 2507 1266 2545 acie
1294 2505 1426 2545 Castor
1445 2516 1482 2543 ct
1516 2505 1654 2544 Pollux
1674 2519 1720 2544 cx
1740 2505 1850 2558 cquis
1876 2518 1978 2557 pug-

528 2600 533 2605 ·
582 2592 666 2616 mre
688 2578 750 2615 visu
774 2577 855 2615 sunt
874 2595 883 2621 ;
915 2586 952 2614 et
987 2575 1195 2614 recentiore
1229 2573 1413 2612 memoria
1446 2572 1562 2611 iidem
1583 2571 1815 2624 Tyndaridae
1844 2571 1977 2609 Persen

581 2645 725 2682 vit‘luin
749 2643 1032 2680 munim-crunt.
1068 2642 1110 2680 l‘.
1129 2640 1233 2679 enim
1252 2639 1449 2685 Vatienus‚
1469 2652 1558 2678 avus
1580 2637 1695 2690 hujus
1716 2636 1978 2680 adolescentis,
