2330 2983
535 212 615 261 484
791 211 883 250 DE
940 208 1264 248 NATURA
1319 207 1654 246 DEORUM

535 310 698 355 animus,
719 308 860 361 accipit
878 308 924 346 ab
943 306 1004 346 his
1023 306 1286 359 cognitionem
1301 306 1500 351 Deorum,
1531 319 1578 344 ex
1597 318 1673 358 qua
1690 305 1810 344 oritur
1828 306 1912 358 pie-

535 385 604 420 tas,
624 375 686 412 cui
706 374 907 425 conjuncta
919 372 1066 425 justitia
1083 371 1149 416 est,
1176 371 1406 423 reliquaeque
1423 371 1580 409 virtutes
1596 389 1608 416 ;
1639 383 1660 408 e
1679 370 1819 423 quibus
1837 370 1914 407 vita

535 440 642 478 beata
659 439 784 477 existit
802 451 868 491 par
887 447 924 476 et
943 437 1074 476 fimilis
1096 438 1295 482 Deorum3
1326 436 1431 474 nulla
1450 450 1502 482 re,
1530 436 1598 474 nifi
1613 435 1915 479 immortalitate,

535 518 618 556 quae
638 503 736 541 nihil
756 503 802 541 ad
820 503 916 541 bene
934 502 1138 555 vivendum
1158 503 1334 555 pertinet,
1355 502 1490 540 cedens
1510 501 1732 540 caelestibus.
1760 500 1915 551 Qibus

536 569 647 607 rebus
666 568 856 622 expositis,
878 568 962 606 satis
983 567 1146 606 docuisse
1165 568 1308 613 videor,
1329 567 1498 606 hominis
1519 577 1649 606 natura
1668 575 1813 619 quanto
1827 578 1915 604 om-

536 647 600 672 nes
634 634 790 672 anteiret
819 634 1043 672 animantes.
1088 634 1148 671 Ex
1178 647 1256 686 quo
1282 633 1394 672 debet
1423 633 1603 685 intelligi,
1636 645 1706 670 nec
1737 631 1915 684 figuram,

536 700 727 752 situmque
747 699 1023 744 membrorum,
1056 712 1124 737 nec
1143 699 1288 751 ingenii
1317 699 1531 751 mentisque
1560 698 1639 735 vim
1671 697 1786 735 talem
1816 695 1916 734 effici

536 765 697 818 potuiffe
714 763 880 803 fortuna.
924 764 1066 808 Restat,
1101 773 1144 801 ut
1163 763 1334 809 doceam,
1367 773 1480 815 atque
1509 762 1712 814 aliquando
1731 751 1916 814 perorem,

537 831 668 868 omnia
686 843 770 882 quae
790 829 861 867 fint
880 829 920 867 in
950 828 1025 867 hoc
1046 828 1206 874 mundo,
1233 829 1373 881 quibus
1395 836 1549 866 utantur
1567 826 1759 871 homines,
1785 824 1918 864 homi-

537 910 632 934 nurn
654 895 760 933 causa
778 895 875 933 faCta
893 894 977 940 effe,
998 903 1036 932 et
1055 903 1194 948 parata.

591 961 721 1000 LXII.
754 961 951 1014 Principio
980 960 1058 1014 ipse
1077 960 1246 999 mundus
1275 961 1465 1006 Deorum,
1498 959 1782 1012 hominumque
1814 956 1922 996 causa

538 1026 658 1066 factus
679 1027 731 1065 est
745 1045 756 1072 5
788 1040 948 1079 quaeque
967 1027 1007 1065 in
1038 1040 1082 1066 eo
1101 1027 1188 1065 sunt
1207 1027 1350 1072 omnia,
1383 1041 1425 1065 ea
1448 1036 1574 1080 parata
1592 1027 1638 1064 ad
1657 1025 1826 1064 fructum
1845 1023 1921 1062 ho·-

538 1093 705 1138 minum‚
739 1102 777 1131 et
801 1093 954 1131 inventa
987 1092 1086 1131 sunt.
1134 1093 1203 1132 Est
1233 1093 1337 1132 enim
1367 1093 1534 1132 mundus
1565 1092 1667 1145 quafi
1700 1089 1920 1130 communis

541 1160 715 1198 Deorum
734 1168 846 1211 atque
860 1157 1069 1196 hominum
1084 1158 1236 1203 domus,
1253 1168 1318 1197 aut
1333 1159 1422 1197 urbs
1438 1167 1701 1210 utrorumque.
1724 1156 1801 1195 Soli
1816 1156 1922 1193 enim

540 1224 683 1262 ratione
702 1232 863 1268 utentes,
879 1224 965 1275 jure
985 1236 1026 1261 ac
1047 1223 1131 1276 lege
1150 1224 1298 1262 vivunt.
1340 1225 1398 1261 Ut
1416 1224 1534 1275 igitur
1553 1221 1722 1261 Athenas
1742 1231 1779 1259 et
1799 1222 1921 1259 Lace-

539 1289 769 1333 daemonem,
790 1287 1082 1326 Atheniensium
1102 1289 1559 1340 Lacedaemoniorumque
1577 1287 1684 1325 causa
1709 1287 1923 1339 putandum

540 1354 591 1392 est
610 1354 782 1392 conditas
801 1353 871 1392 effe
886 1372 898 1398 ς
929 1353 1150 1406 omniaque,
1172 1367 1256 1406 quae
1276 1353 1347 1391 sint
1366 1353 1407 1391 in
1427 1352 1487 1392 his
1509 1353 1683 1396 urbibus,
1703 1365 1836 1390 eorum
1852 1365 1923 1404 po-

541 1419 722 1472 pulorum
742 1420 839 1456 recte
858 1417 928 1456 effe
948 1418 1129 1457 dicuntur
1140 1437 1151 1464 ;
1184 1418 1233 1456 fic
1253 1431 1491 1471 quaecunque
1511 1418 1598 1456 sunt
1616 1418 1657 1456 in
1676 1417 1785 1456 omni
1806 1430 1923 1456 mun—

541 1485 604 1530 do,
626 1485 799 1523 Deorum
820 1492 933 1537 atque
951 1483 1160 1523 hominum
1179 1484 1347 1537 putanda
1365 1483 1465 1523 sunt.

586 1551 674 1601 Jam
690 1563 776 1588 vero
791 1549 972 1588 circuitus
988 1550 1074 1588 solis
1089 1559 1127 1588 et
1147 1550 1261 1595 lunae,
1282 1550 1593 1603 reliquorumque
1609 1550 1785 1595 fiderum‚
1802 1562 1925 1602 quan-

543 1629 660 1669 quam
690 1615 805 1653 etiam
836 1615 882 1652 ad
902 1615 1039 1653 mundi
1057 1614 1326 1654 cohaerentiam
1346 1616 1549 1667 pertinent,
1582 1625 1706 1654 tamen
1727 1625 1765 1653 et
1784 1615 1926 1668 specta-

543 1681 677 1720 culum
707 1680 928 1719 hominibus
949 1681 1141 1733 praebent:
1173 1680 1277 1718 nulla
1295 1680 1347 1718 est
1376 1681 1481 1719 enim
1508 1681 1754 1720 insatiabilior
1772 1681 1926 1734 species,

544 1746 649 1784 nulla
669 1743 879 1798 pulchrior,
901 1753 939 1783 et
957 1745 1002 1783 ad
1022 1745 1207 1783 rationem
1222 1745 1488 1798 solertiamque
1507 1746 1738 1799 praestantior
1750 1764 1761 1790 3
1793 1759 1927 1784 eorum

544 1812 649 1850 enim
670 1810 797 1849 cursus
817 1810 1004 1855 dimetati,
1037 1811 1270 1849 maturitates
1293 1819 1526 1863 temporum,
1550 1821 1588 1849 et
1607 1812 1814 1855 varietates,
1837 1825 1927 1849 mu-

546 1876 777 1929 tationesque
797 1876 1046 1929 cognovimus
1063 1891 1071 1914 :
1103 1890 1201 1929 quae,
1227 1876 1253 1914 fi
1273 1875 1498 1915 hominibus
1518 1877 1604 1915 solis
1625 1886 1715 1915 nota
1733 1877 1833 1922 sunt,
1854 1875 1928 1915 ho-

547 1942 699 1980 minum
719 1939 815 1978 facta
834 1940 902 1978 effe
921 1939 1029 1977 causa
1042 1941 1248 1992 judicanda
1268 1941 1365 1980 sunt.

602 2008 721 2045 Terra
749 2019 837 2043 vero
862 2004 954 2043 foeta
973 2004 1163 2058 frugibus,
1193 2016 1231 2044 ct
1262 2009 1362 2044 vario
1393 2007 1636 2059 leguminum
1666 2020 1815 2059 genere,
1846 2020 1930 2058 quae

548 2086 640 2111 cum
660 2071 828 2110 maxima
844 2070 1013 2123 largitate
1033 2070 1175 2116 fundit,
1196 2085 1236 2109 ea
1256 2070 1484 2117 ferarumne,
1506 2085 1551 2109 an
1571 2071 1791 2117 hominum,
1823 2072 1931 2111 causa

548 2139 701 2191 gignere
720 2137 898 2175 videtur?
931 2137 1037 2187 Qid
1067 2136 1112 2174 de
1142 2137 1299 2181 vitibus,
1329 2137 1552 2189 olivetisque
1581 2137 1737 2175 dicam?
1768 2151 1931 2189 quarum

550 2203 732 2242 uberrimi
754 2201 1004 2254 laetiffimique
1024 2201 1168 2241 fructus
1199 2202 1297 2240 nihil
1318 2203 1478 2241 omnino
1508 2204 1554 2241 ad
1574 2204 1704 2242 bestias
1726 2204 1929 2256 pertinent.

551 2271 689 2322 Neque
709 2270 811 2307 enim
832 2268 988 2313 serendi,
1021 2282 1142 2321 neque
1162 2269 1325 2314 colendi,
1359 2283 1425 2308 nec
1453 2270 1671 2323 tempestive
1700 2270 1930 2316 demetendi,

552 2334 859 2388 percipiendique
879 2333 1037 2379 fructus,
1071 2349 1192 2386 neque
1212 2335 1402 2373 condendi
1423 2349 1463 2373 ac
1486 2336 1690 2388 reponendi
1716 2336 1793 2374 ulla
1812 2350 1931 2389 pecu-

551 2403 645 2439 dum
680 2400 833 2438 scientia
862 2400 940 2446 est,
986 2413 1192 2453 earumque
1223 2401 1401 2439 omnium
1431 2415 1556 2441 rerum
1587 2402 1794 2441 hominum
1825 2403 1877 2441 est
1895 2411 1933 2441 et

553 2468 652 2512 usus,
673 2476 709 2505 ct
730 2480 833 2505 cura.

607 2533 757 2572 LXIII.
790 2534 844 2572 Ut
865 2531 955 2572 fides
982 2532 1100 2587 igitur
1118 2542 1156 2573 ct
1176 2533 1287 2573 tibias
1315 2546 1447 2573 eorum
1467 2534 1573 2574 causa
1594 2533 1706 2575 saetas
1726 2533 1932 2574 dicendum
