2330 2983
599 251 672 292 182
1018 247 1122 286 DE
1180 245 1564 286 FINIBUS

593 354 639 392 ad
660 353 857 391 summum
874 351 1023 389 bonum
1043 350 1181 388 volunt
1205 350 1414 403 pervenire,
1445 348 1664 388 transiliunt
1683 348 1828 394 omnia,
1859 358 1898 388 et
1916 350 1996 390 duo

592 419 704 457 nobis
734 430 848 470 opera
867 429 937 469 pro
957 429 1034 454 uno
1055 415 1282 468 relinquunt
1298 445 1310 460 ,
1340 425 1383 453 ut
1413 415 1486 454 alia
1504 415 1716 460 sumamus,
1747 415 1821 453 alia
1838 423 1994 468 appeta-

593 497 697 528 mus,
719 483 847 536 potius
867 495 985 534 quam
1005 495 1085 520 uno
1105 481 1181 519 fine
1197 482 1328 520 omnia
1346 481 1595 519 concludant.

654 550 746 588 XV.
778 551 834 588 At
853 549 959 586 enim
973 549 1057 600 jam
1077 548 1204 586 dicitis
1225 549 1410 586 virtutem
1431 561 1507 586 non
1538 547 1639 600 poffe
1659 547 1854 592 constitui,
1883 547 1909 586 fi
1936 561 1993 593 ea,

595 631 681 669 quae
706 626 812 654 extra
830 616 1014 654 virtutem
1035 614 1120 659 sint,
1156 614 1202 652 ad
1222 615 1330 652 beate
1360 614 1566 652 vivendum
1587 615 1814 667 pertineant.
1875 614 1996 666 Qod

594 692 722 721 totum
744 691 876 720 contra
893 681 958 719 est.
1002 680 1199 719 Introduei
1221 681 1326 718 enim
1353 680 1473 718 virtus
1494 681 1603 718 nullo
1623 679 1741 718 modo
1759 679 1894 733 potest,
1927 679 1996 717 nisi

594 750 728 793 omnia
747 762 833 800 quae
852 747 966 799 leget,
987 758 1148 799 quaeque
1167 746 1326 798 rejiciet,
1349 759 1464 783 unam
1486 745 1695 783 referantur
1711 746 1757 783 ad
1780 745 1990 784 summam.

595 816 703 854 Nam
735 815 760 852 s1
795 813 956 851 omnino
986 825 1028 849 ea
1061 811 1313 864 negligimus,
1350 812 1389 849 in
1419 811 1618 849 Aristonea
1650 811 1743 848 vitia
1772 820 1810 848 et
1840 820 1996 863 peccata

595 880 826 923 incidemus,
862 878 1210 930 obliviscemurque
1239 891 1324 929 quae
1355 877 1489 914 virtuti
1523 876 1591 929 ipfi
1619 875 1812 929 principia
1845 875 1995 914 dederi·

595 959 698 984 mus.
730 946 795 984 Sin
815 958 856 982 ea
876 957 953 982 non
974 943 1224 996 negligimus,
1255 956 1379 995 neque
1399 952 1528 981 tamen
1547 942 1593 980 ad
1618 942 1738 980 finem
1759 942 1901 980 summi
1921 941 1994 980 bo-

596 1012 636 1050 ni
656 1009 880 1054 referemus,
903 1022 979 1048 non
999 1008 1171 1048 multum
1191 1008 1239 1046 ab
1256 1008 1400 1047 Herilli
1426 1008 1578 1046 levitate
1597 1007 1881 1046 aberrabimus:
1899 1008 1995 1045 dua-

596 1091 684 1117 rum
703 1077 808 1115 enim
828 1077 995 1114 vitarum
1016 1075 1126 1114 nobis
1144 1084 1257 1113 erunt
1271 1075 1443 1113 instituta
1461 1074 1656 1128 capienda.
1681 1075 1791 1112 Facit
1806 1074 1912 1112 enim
1931 1074 1996 1111 ille

595 1144 674 1182 duo
694 1143 859 1195 sejuncta
878 1142 1016 1180 ultima
1035 1142 1227 1180 bonorum
1243 1160 1254 1186 ;
1277 1155 1376 1194 quae,
1401 1150 1445 1178 ut
1464 1140 1580 1178 efl‘ent
1600 1154 1698 1184 vera,
1719 1140 1904 1193 conjungi
1925 1140 1993 1177 de·

597 1210 763 1248 buerunt
780 1224 789 1247 :
810 1221 913 1246 nunc
933 1208 1000 1246 ista
1019 1207 1246 1260 separantur,
1269 1216 1311 1245 ut
1330 1207 1520 1259 disjunfta
1537 1206 1622 1245 fint.
1645 1207 1738 1258 Qo
1758 1205 1857 1244 nihil
1874 1205 1996 1259 potest

583 1275 667 1312 »esse
687 1273 908 1327 perverfius.

651 1341 786 1392 Itaque
819 1347 952 1377 contra
970 1338 1036 1383 est,
1067 1352 1109 1376 ac
1129 1338 1283 1382 dicitis;
1316 1350 1406 1376 nam
1425 1337 1608 1376 constitui
1628 1337 1748 1375 virtus
1778 1337 1887 1375 nullo
1908 1350 1995 1375 mo-

594 1406 646 1444 do
665 1405 800 1459 potest,
830 1405 900 1443 nisi
920 1417 976 1450 ea,
1008 1417 1094 1457 quae
1113 1403 1199 1442 sunt
1219 1404 1344 1457 prima
1364 1413 1520 1447 naturae,
1551 1411 1596 1441 ut
1619 1403 1665 1440 ad
1685 1403 1879 1441 summam
1907 1415 1995 1455 per-

596 1472 772 1516 tinentia,
803 1471 962 1509 tenebit.
1013 1469 1179 1522 Qaefita
1199 1470 1304 1508 enim
1324 1470 1444 1508 virtus
1465 1469 1531 1514 est,
1562 1482 1639 1507 non
1660 1483 1744 1522 quae
1764 1469 1998 1521 relinqueret

597 1547 786 1582 naturam,
801 1536 861 1574 sed
882 1550 967 1588 quae
987 1545 1170 1574 tueretur.
1193 1537 1247 1574 At
1263 1536 1340 1580 illa,
1359 1545 1401 1574 ut
1421 1535 1529 1574 vobis
1549 1535 1688 1588 placet,
1706 1544 1853 1588 partem
1871 1547 1996 1587 quan-

596 1605 685 1642 dam
719 1612 861 1648 tuetur,
892 1602 1080 1654 reliquam
1112 1601 1259 1640 deserit.
1320 1603 1452 1653 Atque
1486 1601 1564 1654 ipsa
1587 1601 1778 1639 institutio
1807 1599 1997 1645 hominis,

595 1670 622 1708 s1
643 1670 875 1722 loqueretur,
911 1667 992 1706 haec
1013 1667 1153 1706 diceret
1168 1686 1180 1712 ς
1213 1667 1364 1706 Primos
1394 1666 1478 1705 suos
1499 1666 1601 1719 quasi
1633 1676 1783 1719 coeptus
1810 1676 1997 1719 appeten-

595 1735 635 1774 di
669 1734 792 1779 fuisse,
837 1744 880 1772 ut
913 1733 948 1772 se
981 1733 1216 1772 conservaret
1250 1733 1291 1771 in
1331 1746 1374 1771 ea
1408 1741 1541 1771 natura
1575 1733 1614 1770 in
1643 1745 1720 1785 qua
1747 1741 1853 1770 ortus
1891 1731 1995 1770 ess‘et.

596 1801 788 1841 Nondum
823 1809 952 1838 autem
991 1799 1237 1853 explanatum
1274 1799 1361 1837 satis
1398 1808 1491 1843 erat,
1535 1799 1631 1851 quid
1661 1798 1831 1836 maxime
1864 1808 1998 1836 natura

594 1868 723 1906 vellet.
761 1867 999 1919 Explanetur
1020 1866 1150 1919 igitur.
1197 1865 1307 1918 Qid
1338 1879 1428 1918 ergo
1447 1865 1552 1903 aliud
1571 1865 1825 1918 intelligetur,
1856 1863 1924 1902 nisi
1954 1874 1999 1902 ut

596 1947 643 1973 ne
663 1946 738 1986 qua
758 1945 841 1985 pars
862 1942 1004 1971 naturae
1023 1932 1239 1984 negligatur
1257 1932 1270 1968 ?
1301 1932 1340 1970 in
1367 1945 1445 1984 qua
1470 1931 1497 1970 fi
1527 1930 1626 1969 nihil
1652 1931 1705 1969 est
1726 1939 1860 1983 praeter
1879 1930 1998 1969 ratio-

596 2013 699 2043 nem,
722 1999 765 2036 fit
786 1998 825 2036 in
847 2011 922 2036 una
942 1998 1082 2035 virtute
1103 1996 1190 2035 finis
1212 1997 1419 2035 bonorum.
1463 1997 1527 2035 Sin
1548 1996 1600 2034 est
1619 1997 1736 2034 etiam
1757 2008 1908 2049 corpus,
1931 1995 2000 2033 ista

595 2065 814 2120 explanatio
846 2073 986 2102 natura:
1018 2076 1156 2116 nempe
1190 2062 1264 2101 hoc
1284 2061 1466 2107 effecerit,
1500 2073 1542 2100 ut
1561 2075 1616 2107 ea,
1646 2075 1731 2114 quae
1757 2070 1842 2099 ante
1871 2061 1998 2115 expli-

596 2133 787 2171 cationem
809 2131 1046 2175 tenebamus,
1069 2130 1345 2183 relinquamus.
1379 2130 1486 2182 Ergo
1504 2129 1542 2167 id
1562 2129 1615 2167 est
1634 2129 1908 2167 convenienter
1927 2141 1998 2166 na-

596 2210 689 2238 tura„¹
710 2199 848 2243 vivere,
879 2211 897 2235 a
920 2208 1050 2236 natura
1079 2197 1282 2235 discedere.
1329 2197 1386 2235 Ut
1413 2197 1570 2249 quidam
1593 2193 1829 2249 philosophi,
1863 2208 1955 2233 cum
1977 2208 2000 2233 a

594 2265 760 2303 sensibus
796 2262 956 2317 profecti
993 2264 1134 2315 majora
1168 2262 1342 2315 quaedam
1372 2275 1414 2300 ac
1446 2262 1633 2300 diviniora
1654 2260 1842 2306 vidissent,
1874 2259 1998 2299 sensus

597 2331 861 2383 reliquerunt5
894 2329 943 2367 fic
961 2329 1034 2373 isti,
1065 2343 1156 2367 cum
1174 2342 1220 2368 ex
1242 2328 1473 2382 appetitione
1495 2341 1621 2366 rerum
1648 2327 1800 2366 virtutis
1820 2326 1997 2381 pulchri-

597 2397 774 2436 tudinem
795 2395 1028 2449 aspexissent,
1049 2395 1193 2439 omnia,
1215 2409 1299 2447 quae
1319 2404 1453 2447 praeter
1472 2395 1655 2433 virtutem
1675 2393 1793 2448 ipsam
1812 2393 1996 2437 viderant,

598 2462 818 2515 abjecerunt
835 2481 846 2507 5
869 2462 994 2507 obliti,
1019 2470 1191 2500 naturam
1212 2474 1370 2499 omnem
1390 2460 1688 2514 appetendarum
1707 2472 1834 2499 rerum
1853 2459 1907 2498 ita
1921 2459 1998 2497 late

598 2537 739 2583 patere,
763 2539 804 2568 ut
825 2543 843 2567 a
863 2528 1063 2583 principiis
1085 2538 1320 2581 permanaret
1340 2526 1385 2565 ad
1407 2526 1529 2574 fines,
1562 2539 1687 2580 neque
1706 2525 1944 2579 intelligunt,
1963 2523 2000 2563 se
