2330 2983
535 263 610 302 218
956 261 1061 299 DE
1119 258 1502 299 FINIBUS

531 365 697 418 poscere,
730 372 796 402 aut
815 375 980 415 quaerere
1011 361 1234 416 quempiam
1255 361 1409 407 ludum,
1438 370 1504 400 aut
1523 360 1738 399 sermonem
1757 359 1929 414 aliquem

532 431 746 482 requirere:
777 441 947 480 cumque
978 442 1055 467 non
1085 427 1251 467 habeant
1281 428 1464 481 ingenuas
1490 441 1538 466 ex
1568 427 1740 466 doctrina
1757 427 1928 466 obleeta-

532 497 670 540 tiones‚
703 495 867 534 circulos
899 494 1047 547 aliquos
1081 505 1119 533 et
1150 495 1409 533 semicirculos
1433 494 1650 533 consectari.
1698 480 1774 533 'Ne
1804 493 1929 532 bestiae

532 562 706 614 quidem,
751 574 843 614 quas
885 561 1142 600 delec‘tationis
1173 561 1282 599 causa
1310 561 1596 606 concludimus,
1627 573 1720 598 cum
1740 559 1929 613 copiosius

532 628 680 667 alantur
714 642 832 680 quam
854 628 878 667 fi
909 627 1025 666 ess‘ent
1056 628 1200 672 liberae,
1235 627 1347 665 facile
1378 627 1576 680 patiuntur
1608 625 1681 664 sese
1714 625 1904 664 contineri
1915 642 1928 671 3

532 695 735 747 motusque
754 693 896 733 solutos
917 703 954 731 ct
974 707 1102 746 vagos,
1124 707 1143 731 a
1164 702 1295 731 natura
1315 693 1384 731 fibi
1406 692 1584 736 tributos,
1604 692 1820 744 requirunt.

588 761 734 812 Itaque,
758 769 799 797 ut
819 759 979 811 quisque
998 759 1145 811 optime
1165 767 1275 798 natus
1296 757 1566 809 institutusque
1586 757 1652 801 est,
1679 756 1751 794 effe
1769 756 1933 794 omnino

532 826 629 863 nolit
662 827 699 863 in
721 825 810 869 vita,
842 825 866 862 fi
887 825 1062 877 gerendis
1083 824 1246 876 negotiis
1267 824 1421 862 orbatus
1440 823 1553 875 poffit
1574 821 1813 875 paratiffirnis
1833 821 1933 860 vesci

530 890 806 943 voluptatibus.
838 890 945 928 Nam
965 899 1030 928 aut
1049 889 1229 943 privatim
1248 888 1395 941 aliquid
1414 901 1542 941 gerere
1560 887 1713 926 malunt
1724 905 1738 933 ς
1762 896 1842 932 aut,
1862 886 1934 939 qui

531 957 664 995 altiore
683 957 814 995 animo
830 955 930 1001 sunt,
947 955 1141 1009 capeffunt
1155 955 1438 1008 rempublicam
1453 953 1666 993 honoribus
1685 952 1935 1006 imperiisque

530 1022 797 1076 adipiscendis,
827 1031 892 1061 aut
913 1031 1013 1060 totos
1034 1021 1069 1060 se
1090 1021 1137 1060 ad
1157 1021 1279 1060 studia
1297 1021 1478 1059 doctrinae
1498 1019 1718 1058 conferunt.
1777 1019 1868 1070 Qa
1890 1018 1934 1057 in

531 1089 622 1134 vita,
644 1099 795 1128 tantum
814 1087 915 1127 abest
935 1097 979 1126 ut
998 1088 1212 1141 voluptates
1233 1087 1510 1131 consectentur,
1539 1087 1657 1126 etiam
1677 1098 1800 1130 cura8‚
1824 1084 1933 1124 solli·

531 1156 738 1201 citudines,
759 1155 909 1208 vigilias
930 1153 1126 1207 perferunt
1140 1172 1151 1199 ς
1182 1154 1406 1207 optimaque
1426 1162 1530 1207 parte
1555 1151 1745 1197 hominis,
1776 1165 1862 1204 quae
1890 1151 1933 1190 in

531 1221 644 1261 nobis
664 1222 797 1260 divina
826 1221 999 1260 ducenda
1026 1220 1091 1265 est,
1127 1221 1273 1273 ingenii
1293 1229 1331 1258 et
1365 1220 1506 1258 mentis
1526 1219 1606 1257 acie
1630 1217 1828 1262 fruuntur,
1860 1230 1934 1256 nec

531 1288 771 1340 voluptatem
790 1287 1042 1339 requirentes,
1063 1299 1133 1324 nec
1152 1285 1344 1339 fugientes
1364 1285 1552 1324 laborem.
1597 1285 1685 1324 Nec
1704 1297 1794 1322 vero
1814 1284 1934 1322 inter-

531 1355 696 1394 mittunt
715 1363 781 1392 aut
796 1353 1091 1392 admirationem
1110 1366 1242 1391 earum
1262 1365 1405 1397 rerum,
1419 1364 1505 1405 quae
1516 1352 1604 1390 sunt
1622 1351 1669 1390 ab
1684 1350 1853 1403 antiquis
1873 1363 1934 1388 re-

532 1430 660 1474 pertae‚
681 1430 746 1458 aut
763 1419 1094 1473 investigationem
1116 1433 1326 1458 novarum:
1358 1431 1437 1471 quo
1457 1417 1583 1456 studio
1601 1431 1694 1456 cum
1716 1416 1837 1455 satiari
1857 1430 1936 1455 non

533 1486 698 1539 poffunt,
728 1485 910 1524 omnium
929 1494 1152 1523 caeterarum
1173 1497 1301 1522 rerum
1332 1483 1460 1528 obliti,
1486 1482 1588 1522 nihil
1607 1483 1814 1535 abjestum,
1835 1481 1935 1521 nihil

531 1552 684 1591 humile
701 1551 874 1604 cogitant
894 1565 902 1589 :
926 1559 1104 1603 tantaque
1124 1550 1177 1588 est
1195 1550 1251 1588 vis
1273 1550 1413 1588 talibus
1434 1549 1474 1587 in
1495 1549 1642 1595 studiis,
1658 1558 1702 1587 ut
1721 1561 1784 1587 eos
1800 1549 1934 1593 etiam,

532 1619 602 1671 qui
621 1618 689 1656 fibi
710 1617 802 1655 alios
822 1616 1100 1670 proposuerunt
1119 1615 1214 1654 fines
1235 1616 1442 1660 bonorum,
1471 1628 1568 1668 quos
1594 1615 1761 1653 utilitate
1780 1624 1845 1653 aut
1864 1628 1934 1654 vo-

533 1686 680 1737 luptate
699 1683 886 1736 dirigunt,
909 1692 1036 1720 tamen
1057 1682 1097 1720 in
1117 1682 1229 1720 rebus
1250 1681 1463 1734 quaerendis
1482 1680 1794 1734 explicandisque
1820 1689 1934 1718 natu-

533 1753 581 1789 ris
603 1759 727 1789 aetates
747 1757 940 1787 conterere
960 1749 1171 1786 videamus.

588 1817 701 1855 XXI.
735 1815 839 1868 Ergo
869 1813 944 1852 hoc
975 1813 1133 1867 quidem
1153 1811 1322 1867 apparet,
1345 1825 1413 1851 nos
1442 1812 1488 1850 ad
1508 1812 1701 1865 agendum
1721 1811 1791 1850 effe
1811 1821 1933 1850 natos.

536 1885 746 1922 Actionum
766 1891 896 1919 autem
916 1893 1052 1933 genera
1072 1880 1195 1933 plura,
1215 1890 1258 1918 ut
1277 1879 1526 1918 obscurentur
1544 1879 1662 1917 etiam
1682 1879 1833 1917 minora
1851 1891 1937 1916 ma-

529 1949 692 2000 joribus.
724 1947 911 1986 Maximae
931 1956 1059 1984 autem
1081 1946 1181 1991 sunt,
1200 1946 1390 1998 primum,
1411 1955 1454 1984 ut
1474 1944 1575 1983 mihi
1594 1945 1755 1997 quidem
1770 1944 1935 1989 videtur,

534 2025 572 2053 et
605 2015 667 2059 iis,
699 2025 866 2066 quorum
898 2025 1002 2050 nunc
1037 2012 1076 2049 in
1111 2013 1254 2050 ratione
1286 2010 1491 2055 versamur,
1521 2010 1769 2049 consideratio
1799 2011 1936 2062 cogni-

535 2082 638 2120 tiove
679 2092 807 2118 rerum
841 2077 1063 2122 caelestium,
1107 2087 1144 2116 et
1181 2091 1327 2122 earum,
1373 2089 1466 2129 quas
1500 2089 1522 2114 a
1557 2086 1691 2114 natura
1727 2075 1937 2114 occultatas

536 2157 573 2185 et
603 2146 762 2185 latentes
794 2144 970 2198 indagare
998 2144 1092 2182 ratio
1126 2143 1246 2198 potest
1262 2162 1273 2188 ς
1305 2143 1442 2181 deinde
1472 2141 1848 2195 rerumpublicarum
1869 2142 1936 2180 ad-

538 2212 778 2258 ministratio,
819 2221 884 2249 aut
918 2210 1206 2249 administrandi
1237 2208 1457 2262 sciendique
1490 2208 1670 2262 prudens,
1712 2218 1936 2261 temperata,

536 2278 662 2323 sortis,
689 2286 726 2316 et
741 2276 842 2329 justa
872 2276 981 2321 ratio,
1016 2276 1248 2328 reliquaeque
1269 2275 1442 2320 virtutes,
1471 2284 1508 2312 et
1535 2274 1701 2312 actiones
1729 2274 1938 2312 virtutibus

537 2353 805 2398 congruenteS,
836 2356 934 2396 quae,
979 2356 1057 2381 uno
1090 2342 1207 2380 verbo
1246 2341 1442 2395 complexi
1476 2341 1621 2385 omnia,
1667 2339 1803 2393 homsta
1838 2340 1939 2378 dici-

538 2424 653 2456 mus3
684 2409 730 2448 ad
759 2422 927 2462 quorum
954 2409 1069 2447 etiam
1090 2408 1355 2460 cognitionem
1386 2417 1423 2445 et
1445 2407 1556 2445 usum
1585 2407 1667 2459 jam
1687 2405 1937 2450 corroborati,

540 2487 669 2514 natura
689 2475 767 2529 ipsa
788 2485 992 2529 praeeunte,
1011 2474 1254 2513 deducimur.
1302 2473 1498 2513 Omnium
1518 2473 1623 2511 enim
1645 2486 1770 2511 rerum
1793 2471 1939 2524 princi-

540 2544 600 2595 pia
634 2556 743 2595 parva
764 2542 862 2587 sunt,
894 2541 954 2581 sed
986 2541 1060 2581 suis
1090 2540 1409 2595 progreffionibus
1432 2540 1492 2578 usa
1512 2549 1726 2592 augentur;
1759 2552 1827 2577 nec
1863 2537 1940 2576 fine

538 2611 671 2648 caula:
704 2610 742 2647 in
776 2609 903 2661 primo
933 2609 1038 2648 enim
1060 2618 1145 2647 ortu
1167 2607 1260 2647 inest
1288 2608 1464 2647 teneritas
1485 2616 1522 2645 ct
1543 2606 1728 2646 mollities
1747 2603 1938 2658 qua-dam,
