2330 2983
766 239 1041 279 LIBER
1101 240 1460 279 PRIMUS.
1728 254 1805 295 425

423 348 555 378 natura
573 337 721 391 corpori
741 338 902 383 affinxit,
924 351 966 376 ea
985 337 1117 376 frustra
1136 338 1293 377 habebit
1309 339 1418 377 Deus
1437 353 1445 376 :
1469 349 1538 376 nec
1554 346 1706 376 externa
1721 353 1804 377 ma-

423 405 495 456 gis,
517 418 633 456 quam
652 405 843 448 interiora,
865 416 942 447 cor,
965 404 1181 455 pulmones,
1201 405 1324 455 jecur,
1344 413 1476 442 caetera
1488 422 1500 449 5
1522 417 1621 456 quae‚
1642 404 1805 442 detracta

424 469 600 513 utilitate,
622 469 716 520 quid
736 468 878 507 habent
896 468 1098 507 venustatis
1115 470 1129 506 ?
1149 469 1462 521 quandoquidem
1476 468 1558 507 haec
1577 469 1646 507 effe
1664 470 1702 508 in
1721 471 1804 508 Deo

419 543 574 587 propter
591 533 921 586 pulchritudinem
940 533 1070 572 vultis.

476 597 606 636 Istisne
638 598 796 636 fidentes
827 598 984 636 somniis
1007 611 1084 636 non
1103 597 1220 635 modo
1240 597 1445 649 Epicurus,
1475 607 1515 636 et
1544 599 1802 643 Metrodorus,

421 670 460 700 et
480 661 724 700 Hermachus
743 671 875 700 contra
905 661 1175 715 Pythagoram,
1208 661 1422 706 Platonem,
1450 663 1804 715 Empedoclemque

420 727 613 773 dixerunt,
644 728 705 766 sed
726 727 967 766 meretricula
982 729 1097 766 etiam
1118 728 1328 766 Leontium
1343 737 1475 766 contra
1494 727 1804 781 Theophrastum

420 791 580 830 scribere
600 793 684 830 ausa
702 793 773 831 fit?
795 793 888 831 scito
902 793 967 831 illa
982 794 1141 846 quidem
1154 793 1337 838 sermone,
1354 802 1391 831 et
1405 793 1563 832 Attico:
1586 794 1646 831 sed
1663 803 1802 832 tamen.

420 857 595 896 Tantum
617 858 776 910 Epicuri
795 857 929 896 hortus
948 857 1084 896 habuit
1099 858 1285 896 licentiae!
1316 858 1370 896 Et
1387 858 1510 897 soletis
1531 859 1652 911 queri.
1696 860 1805 897 Zeno

419 923 582 974 quidem
600 923 715 960 etiam
745 923 932 974 litigabat.
978 923 1086 974 Qid
1105 923 1230 961 dicam
1251 923 1489 962 Albutiurn?
1519 925 1625 962 Nam
1646 922 1805 962 Phaedro

420 987 520 1025 nihil
549 988 772 1040 elegantius,
805 987 904 1026 nihil
930 987 1141 1026 humanius
1157 1006 1169 1034 ς
1201 988 1263 1026 sed
1294 987 1598 1027 stomachabatur
1623 989 1747 1038 senex,
1778 990 1803 1027 fi

418 1052 515 1103 quid
535 1052 696 1105 asperius
728 1053 911 1091 dixeram.
948 1055 1053 1091 Cum
1080 1053 1270 1105 Epicurus
1301 1053 1677 1091 contumeliofiffime
1696 1054 1801 1092 Aris-

415 1116 577 1155 totelem
606 1118 796 1156 vexaverit
811 1136 824 1162 ;
857 1116 1039 1156 Phaedoni
1068 1118 1262 1156 Socratico
1291 1117 1503 1170 turpiffime
1533 1118 1773 1156 maledixerit
1789 1137 1802 1162 ς

417 1181 649 1227 Metrodori,
681 1182 814 1221 sodalis
845 1182 915 1228 sui,
945 1181 1101 1220 fratrem
1121 1182 1403 1227 Timocratem,
1436 1182 1525 1234 quia
1558 1181 1682 1220 nescio
1709 1183 1805 1234 quid

417 1246 459 1285 in
477 1246 719 1300 philosophia
739 1247 960 1293 dissentiret,
989 1248 1079 1287 totis
1099 1247 1365 1286 voluminibus
1390 1247 1600 1286 conciderit
1615 1265 1628 1291 ;
1658 1248 1700 1285 in
1719 1248 1801 1286 De-

419 1313 630 1351 mocritum
649 1313 790 1366 ipsum,
811 1326 929 1365 quem
949 1313 1098 1352 secutus
1118 1313 1184 1357 est,
1214 1312 1332 1351 fuerit
1356 1312 1525 1364 ingratus
1541 1331 1553 1357 ς
1586 1312 1802 1365 Nausipha-

419 1391 524 1423 nem,
556 1378 779 1430 magistrum
809 1379 933 1424 suum,
968 1392 988 1416 a
1007 1393 1085 1431 quo
1106 1378 1205 1417 nihil
1224 1378 1421 1421 didicerat,
1453 1387 1532 1416 tam
1565 1378 1664 1417 male
1693 1391 1802 1416 acoe-

418 1444 530 1496 perit.

458 1509 649 1548 XXXIV.
673 1510 782 1547 Zeno
799 1509 958 1561 quidem
978 1523 1054 1549 non
1073 1523 1136 1549 eos
1156 1510 1294 1555 solum,
1310 1510 1379 1562 qui
1398 1519 1483 1548 tum
1502 1517 1620 1553 erant,
1636 1509 1803 1561 Apollo-

416 1574 571 1616 dorum,
594 1572 758 1622 Syllum,
778 1579 931 1609 caeteros
951 1571 1092 1623 figebat
1107 1572 1338 1616 malediffi33
1372 1572 1433 1610 sed
1447 1575 1638 1612 Socratem
1658 1574 1800 1626 ipsum,

414 1646 609 1691 parentem
638 1635 902 1689 philosophiae,
938 1637 1078 1675 Latino
1108 1637 1224 1676 verbo
1258 1647 1382 1683 utenS,
1422 1638 1589 1677 scurram
1621 1640 1801 1678 Atticum

414 1703 525 1742 fuiffe
543 1702 715 1748 diceban
748 1701 1007 1756 Chrysippum
1036 1717 1236 1756 nunquam
1269 1704 1337 1741 nisi
1370 1703 1608 1756 Chefippum
1627 1706 1799 1744 vocabat.

414 1769 483 1807 Tu
500 1768 578 1821 ipse
596 1768 711 1822 paulo
730 1777 829 1813 ante,
851 1781 942 1806 cum
962 1776 1144 1820 tanquam
1163 1768 1334 1806 senatum
1353 1767 1672 1821 philosophorum
1700 1771 1799 1808 reci-

414 1842 526 1878 tares,
555 1834 725 1872 summos
758 1834 857 1872 viros
891 1833 1066 1886 desipere,
1098 1833 1267 1878 delirare,
1300 1834 1496 1872 dementes
1528 1833 1600 1872 effe
1633 1835 1798 1874 dicebas.

416 1899 597 1950 Qorum
617 1898 642 1936 fi
664 1911 778 1937 nemo
796 1911 930 1937 verum
949 1899 1046 1937 vidit
1071 1899 1117 1937 de
1145 1908 1277 1938 natura
1294 1900 1483 1944 Deorum,
1504 1900 1713 1938 verendum
1732 1900 1798 1945 est,

415 1977 465 2002 ne
484 1963 588 2001 nulla
607 1964 651 2001 fit
670 1965 844 2002 omnino.
876 1965 982 2003 Nam
1003 1964 1081 2009 ista,
1108 1979 1193 2017 quae
1212 1978 1279 2003 vos
1299 1965 1441 2009 dicitis,
1476 1965 1562 2003 sunt
1582 1974 1661 2003 tota
1688 1978 1799 2003 com-

416 2028 605 2073 mentitia,
626 2029 691 2066 vix
709 2029 826 2081 digna
844 2029 1109 2068 lucubratione
1128 2030 1380 2068 anicularum.
1402 2030 1496 2069 Non
1515 2030 1619 2068 enim
1640 2030 1800 2076 sentitis,

415 2107 533 2146 quam
552 2095 675 2132 multa
688 2095 795 2133 vobis
815 2095 1049 2148 suscipienda
1067 2096 1153 2141 fint,
1184 2096 1209 2134 fi
1226 2096 1530 2149 impetraveritis,
1551 2105 1594 2134 ut
1612 2096 1799 2135 conceda-

416 2172 504 2197 mus
523 2160 680 2197 eandem
699 2159 769 2198 effe
787 2159 994 2199 hominurn
1021 2170 1059 2199 et
1089 2163 1263 2200 Deorum
1283 2161 1458 2214 figuram.
1505 2162 1646 2200 Omnis
1672 2162 1799 2200 cultus

416 2234 455 2262 et
470 2225 620 2282 curatio⁴
637 2226 812 2277 corporis
844 2226 915 2264 erit
946 2227 1077 2265 eadem
1110 2227 1324 2266 adhibenda
1353 2228 1452 2273 Deo,
1485 2242 1568 2280 quae
1597 2227 1800 2265 adhibetur

417 2287 568 2327 homini
583 2308 595 2334 3
627 2289 820 2342 ingressus,
841 2290 984 2336 cursuS,
1015 2293 1219 2338 accubitio,
1241 2293 1451 2337 inclinatio,
1484 2293 1600 2337 seflio,
1621 2305 1798 2345 compre·

417 2352 569 2398 hensio;
592 2354 637 2391 ad
655 2364 870 2393 extremum
891 2357 1007 2395 etiam
1023 2357 1143 2396 sermo
1159 2368 1196 2396 et
1215 2358 1348 2396 oratio.
1378 2358 1481 2396 Nam
1503 2356 1607 2409 quod
1627 2365 1664 2394 et
1679 2369 1798 2394 mares

418 2419 522 2457 Deos
542 2428 580 2457 et
599 2418 774 2459 foeminas
794 2421 864 2460 effe
884 2423 1024 2468 dicitis,
1044 2424 1137 2476 quid
1157 2423 1343 2476 sequatur,
1361 2423 1508 2460 videtis.

478 2484 671 2536 Equidem
691 2487 818 2525 mirari
835 2487 919 2526 satis
938 2501 1015 2526 non
1034 2489 1197 2542 possum,
1215 2489 1315 2526 unde
1331 2488 1376 2526 ad
1396 2487 1479 2525 istas
1499 2487 1695 2539 opiniones
1716 2486 1798 2525 ves-

417 2557 473 2588 ter
491 2550 556 2588 ille
575 2552 748 2604 princeps
769 2553 925 2593 venerit.
971 2555 1042 2593 Sed
1062 2555 1224 2594 clamare
1243 2567 1320 2593 non
1341 2553 1521 2599 definitis,
1557 2553 1796 2594 retinendum

517 2616 555 2654 T
569 2629 593 2654 0
609 2628 659 2656 M.
692 2617 745 2657 11.
1364 2619 1408 2658 Η
1427 2617 1454 2658 h
1473 2616 1500 2657 h
