2330 2983
581 246 875 288 VARIAE
964 245 1527 288 LECTIONES.

320 358 382 427 ι4’19
427 397 442 426 3
464 386 813 426 innumerabilitatemque
839 387 863 417 Ε
888 389 1037 417 innumera·
1090 359 1152 426 {20
1174 389 1210 417 28
1232 387 1339 416 Naevus
1355 388 1377 416 E
1393 388 1478 416 Nevas

512 427 642 456 bilitatem
1175 437 1211 466 29
1234 437 1328 455 naevus
1344 428 1367 455 E
1381 438 1473 455 nee-:105

426 477 441 506 5
466 467 535 495 istud
551 468 580 496 U
594 468 677 505 isthuc
1175 477 1210 505 32
1231 467 1404 495 exorientem
1421 467 1443 495 E
1459 465 1488 494 U
1502 477 1534 494 ex
1547 470 1640 496 oriente

403 521 446 531 ..-
466 507 535 544 quid
551 508 576 541 ψ
590 509 617 536 d.
1096 517 1150 544 4³¹
1200 517 1210 536 ι
1237 515 1266 535 at
1280 516 1340 536 era:
1354 506 1422 534 ficut
1446 507 1468 534 E
1483 506 1511 534 Ο
1526 507 1552 540 ψ
1573 509 1755 547 aderatstcuti
1777 511 1809 540 U

426 546 445 574 6
467 547 554 574 solum
572 548 594 575 E
610 547 637 576 d.
1183 547 1186 549 ’
1274 547 1328 574 Deo
1340 546 1512 582 aderatficut

428 594 448 622 7
470 586 532 614 sunt
547 587 633 623 Efint
647 586 752 620 xlaefimt.
1198 595 1215 614 2
1236 585 1334 613 salsum
1348 585 1480 621 slaefaffian

430 627 447 654 8
469 626 555 653 Cotta
570 627 592 653 E
608 629 684 653 effla
1198 635 1213 663 3
1237 625 1349 662 Ecquos
1364 624 1387 652 E
1403 625 1430 652 Ο
1448 624 1476 652 U
1489 632 1513 653 et
1526 635 1585 663 quos

428 675 447 703 9
469 665 600 702 intelligo
710 663 778 702 quid
795 663 827 692 fit
842 663 872 693 U
886 662 915 693 d.
1175 679 1217 687 —
1237 671 1294 693 tam
1312 663 1335 692 E
1349 665 1377 692 d.

407 720 448 727 —
469 704 544 741 quafi
556 713 658 742 corpus
765 703 899 743 intelligo
914 704 942 732 Ο
956 703 981 731 d.
1176 718 1217 727 —
1236 712 1265 732 at
1281 705 1303 732 E
1319 704 1346 731 O
1361 704 1387 738 ψ
1399 713 1431 731 at
1445 703 1475 732 U
1490 712 1537 732 aut

409 759 451 767 ·-—
471 752 499 772 et
514 745 538 772 E
552 745 578 772 d.
1198 755 1218 782 4
1241 753 1351 772 naevum
1367 744 1390 771 E
1405 755 1488 772 naeum

412 794 448 814 ιο
470 783 549 812 nullo
570 783 679 821 prorsus
696 783 781 812 modo
803 782 935 822 intelligo
957 783 980 812 E
994 794 1041 812 non
1198 795 1212 823 ς
1237 783 1387 812 emendata
1409 783 1433 811 E
1447 786 1512 812 enim
1525 785 1591 814 data
1615 786 1641 821 sle
1654 787 1718 815 enim
1732 799 1817 818 emen-

509 824 624 863 intelligo
637 824 686 853 ullo
694 824 798 862 prorsus
811 823 879 852 modo
1285 825 1348 851 data

414 872 446 892 11
471 864 560 891 necE
576 865 641 898 ᾠά.
1205 865 1221 892 8
1245 864 1419 898 ιιηεψνυὶτα

412 917 453 925 —
474 903 602 932 consulto
616 903 638 931 E
653 903 679 937 ψ
693 903 806 938 consulta
1187 914 1217 933 11
1245 905 1329 933 aliam
1345 903 1368 931 E
1383 911 1466 931 aulem

418 953 428 970 1
439 953 453 971 2
477 943 544 971 licet
560 944 582 971 E
597 944 622 977 ψ
635 944 732 980 liqueat
1189 953 1221 981 ¹3
1242 945 1301 982 jam
1317 943 1343 978 ψ
1354 951 1409 971 tam

415 991 425 1010 1
435 993 448 1020 ς
471 991 540 1021 ergo
559 983 582 1011 E
596 983 624 1011 Ο
637 986 721 1020 igitur
1183 999 1224 1005 —
1244 984 1378 1012 defendes
1392 985 1403 1010 ?
1425 983 1450 1017 ψ
1464 983 1604 1022 defi-adem,

417 1021 775 1060 16Can4quodUd.
1179 1025 1354 1061 —ficxlefi

416 1071 449 1092 17
473 1069 500 1089 et
515 1062 537 1089 Ε
554 1062 580 1096 ψ
593 1074 624 1091 ex
1184 1073 1221 1100 14
1239 1064 1311 1093 dicis
1329 1064 1350 1092 E
1367 1064 1394 1092 O
1413 1063 1441 1090 U
1456 1065 1480 1098 ψ
1494 1066 1558 1092 dieis
1571 1067 1715 1104 apparuisti

416 1104 450 1129 18
474 1111 516 1129 res
532 1103 554 1130 E
571 1104 596 1137 ψ
609 1111 661 1130 rem
1183 1113 1216 1138 ¹7
1241 1103 1374 1142 AEgyptii
1389 1104 1414 1138 ψ
1429 1105 1644 1143 AEgypriisolum

411 1157 452 1163 —-
474 1141 670 1170 similitudines
686 1140 913 1180 &similitudinem
1186 1145 1219 1172 18
1241 1153 1337 1171 omnes
1353 1141 1380 1177 ψ
1393 1145 1419 1172 d.

414 1189 453 1209 20
474 1181 546 1209 cedo
561 1182 583 1209 E
599 1184 655 1209 cede
1023 1206 1029 1209 ,
1185 1191 1223 1211 20
1243 1182 1391 1220 expoliata
1405 1184 1428 1211 E
1445 1183 1473 1212 U
1489 1183 1638 1220 xlaespoliata

415 1230 430 1249 2
436 1229 451 1257 3
475 1220 611 1249 humanas
624 1221 676 1249 effe
691 1219 795 1248 formas
811 1219 838 1255 ψ
848 1220 988 1248 humanam
1000 1220 1047 1258 sse
1187 1232 1218 1250 21
1245 1232 1280 1250 ne
1294 1222 1382 1250 fando
1397 1221 1424 1256 ψ
1439 1226 1548 1261 nefando

505 1263 624 1298 formam
1185 1271 1222 1290 22
1245 1262 1372 1290 auditum
1391 1262 1412 1290 E
1428 1263 1453 1296 ψ
1467 1265 1560 1290 audine

413 1313 459 1323 -—
477 1299 659 1328 informatum
675 1299 704 1327 U
717 1301 841 1337 informa
856 1299 955 1327 deorum
1186 1311 1221 1338 ²3
1247 1302 1390 1339 AEgyptio
1405 1303 1427 1330 E
1441 1301 1468 1330 O
1483 1303 1513 1331 U
1528 1303 1644 1340 AEgypto

418 1350 458 1376 24
479 1340 723 1377 anticipatumque
737 1339 764 1366 Ο
780 1338 809 1366 U
823 1341 993 1377 anticipatum
1186 1350 1222 1379 ²5
1245 1342 1363 1369 nostram
1380 1341 1403 1369 E
1419 1343 1443 1375 ψ
1457 1345 1573 1380 vestram

418 1380 456 1408 26
477 1388 592 1418 quoque
606 1379 630 1407 E
643 1380 672 1407 d.
1187 1381 1224 1409 26
1244 1380 1294 1408 nis:
1310 1390 1375 1409 cum
1390 1382 1412 1409 E
1429 1383 1479 1419 nist
1489 1393 1542 1410 eum

417 1428 454 1455 27
478 1419 564 1447 ullam
581 1420 604 1447 E
621 1419 674 1447 ulla
1188 1429 1224 1453 27
1247 1421 1355 1458 Argiva
1371 1421 1393 1449 E
1409 1421 1437 1449 Ο
1451 1423 1539 1460 Argia

418 1460 456 1488 28
478 1458 582 1487 affertis
598 1460 620 1487 E
634 1459 662 1486 Ο
675 1459 858 1497 ‹ffrtispoffi't
1188 1463 1223 1489 28
1247 1460 1402 1489 Lanuvinis
1418 1461 1445 1488 O
1460 1460 1487 1496 ψ
1501 1463 1618 1491 Lavinis

415 1514 457 1522 -—
478 1498 568 1536 figura
582 1500 604 1527 E
619 1500 647 1527 d.
1186 1510 1228 1537 30
1245 1508 1466 1539 venatoremque
1479 1502 1505 1537 ψ
1518 1502 1743 1542 ventilatoremqne

415 1553 457 1561 --
476 1538 556 1576 poffit
575 1539 598 1567 E
615 1539 642 1567 0
657 1540 684 1566 d.
1186 1549 1224 1578 34
1245 1539 1366 1569 Athenis
1379 1541 1529 1571 laudamus
1550 1543 1577 1570 Ο
1592 1542 1617 1577 ψ
1632 1542 1763 1572 laudamus
1775 1544 1820 1581 effi

415 1588 454 1617 29
475 1578 603 1617 quidque
612 1578 816 1608 confideremus
829 1578 851 1607 E
862 1578 983 1617 quitquid
991 1588 1051 1605 eon-
1285 1580 1396 1608 Athems

504 1618 606 1654 fidem:
621 1618 647 1653 ψ
661 1618 798 1656 ιοηχῐᾶινω
1106 1629 1164 1656 422
1210 1628 1221 1646 ι
1247 1619 1417 1648 Alcamenes
1430 1621 1456 1655 ψ
1466 1621 1581 1650 Almenes

420 1665 459 1695 30
479 1657 568 1685 vestro
583 1659 606 1686 E
621 1661 648 1686 in
661 1661 746 1696 vestro
1189 1667 1222 1696 ¹3
1246 1659 1295 1687 ista
1309 1660 1332 1687 E
1348 1660 1373 1692 ψ
1387 1662 1462 1696 istam

417 1711 460 1719 —
478 1697 656 1735 probabilem
671 1698 694 1726 E
704 1696 864 1736 probabilem
877 1701 970 1726 mirum
1186 1713 1226 1720 —
1246 1698 1422 1727 effutientem
1439 1698 1467 1735 ψ
1478 1701 1618 1737 efficientem

419 1745 451 1773 3¹
479 1737 551 1774 Qis
566 1736 593 1772 ψ
608 1738 727 1765 Omnium
741 1739 798 1775 quis
1189 1753 1226 1759 —
1247 1737 1298 1766 fibi
1315 1739 1337 1766 E
1353 1740 1380 1767 d.

420 1785 457 1813 ³²
479 1777 594 1805 collatas
611 1777 634 1805 E
649 1777 759 1805 caelatar
1191 1786 1227 1814 14
1248 1785 1297 1806 aut
1312 1778 1333 1806 E
1349 1790 1384 1806 an

421 1824 455 1853 35
477 1824 641 1844 venerantes
657 1817 680 1844 E
696 1818 825 1845 evenientes
1194 1827 1203 1845 1
1213 1827 1227 1855 ς
1253 1826 1333 1854 putas
1350 1818 1373 1846 E
1385 1824 1455 1855 pum

340 1865 400 1896 420
442 1864 458 1883 2
480 1856 555 1884 enim
571 1856 599 1884 U
614 1865 697 1884 autem
1189 1872 1230 1879 ——
1250 1865 1298 1885 aut
1312 1857 1407 1886 lunam
1424 1859 1451 1886 0
1466 1859 1491 1888 d.

418 1909 460 1917 —
478 1903 594 1933 agentes
608 1896 631 1923 E
647 1897 675 1924 O
690 1895 720 1924 U
733 1897 835 1933 agentiae
1194 1897 1228 1925 16
1250 1896 1386 1925 fruentem
1403 1898 1426 1925 E
1431 1901 1573 1936 faventem

418 1949 460 1957 --
480 1935 628 1963 molientes
646 1936 668 1963 E
685 1935 713 1963 Ο
731 1935 759 1963 U
775 1934 899 1962 molientis
1194 1945 1228 1973 ¹7
1250 1936 1301 1964 effe
1321 1936 1343 1964 E
1358 1939 1384 1966 d.

441 1983 456 2011 3
479 1975 638 2003 imitatione
654 1975 676 2003 E
687 1978 826 2004 mutumne
1188 1991 1229 1998 —
1249 1976 1386 2013 sapientia
1399 1977 1422 2005 E
1428 1979 1572 2016 fizpientiae

420 2029 462 2037 ·-
481 2015 565 2043 etiam
582 2015 611 2043 U
627 2021 711 2043 autem
1188 2031 1228 2039 -—
1249 2016 1319 2044 Haec
1335 2017 1421 2046 vestra
1435 2018 1458 2046 E
1472 2029 1532 2046 nam
1546 2021 1632 2057 nostra

443 2063 457 2091 5
480 2055 660 2083 conciliatrix
674 2055 697 2082 E
712 2055 737 2087 ψ
752 2054 853 2092 confilia
867 2055 947 2081 tueris
1194 2057 1226 2084 18
1249 2055 1308 2083 visu
1325 2056 1351 2087 ψ
1365 2057 1390 2083 d.

420 2108 461 2116 -—
481 2094 556 2132 quafi
573 2094 612 2122 sui
631 2096 652 2122 E
668 2106 743 2132 quam
758 2095 785 2123 Ο
799 2094 825 2129 ψ
839 2093 969 2132 quamfin'
1194 2105 1229 2133 ¹9
1251 2095 1304 2123 tibi
1320 2096 1341 2123 E
1357 2095 1386 2124 U
1400 2096 1425 2131 ψ
1439 2096 1491 2125 tibi
1504 2101 1545 2126 ita

421 2149 464 2157 -—
483 2134 547 2162 lena
561 2136 588 2161 O
602 2134 666 2162 leva
1194 2144 1225 2163 21
1252 2144 1306 2173 ego
1321 2134 1347 2169 ψ
1361 2147 1419 2175 ergo

446 2176 462 2203 8
483 2174 703 2202 contrefiatione
718 2173 747 2202 U
761 2174 912 2202 concretione
1190 2189 1230 2197 -—
1249 2176 1344 2203 omnia
1371 2175 1463 2214 sigilla
1488 2185 1666 2207 numerantes
1692 2179 1720 2208 0
1739 2185 1822 2209 omnia

422 2229 465 2238 -—
485 2215 531 2241 An
551 2214 574 2241 U
593 2214 635 2242 An
656 2216 756 2252 (maerg.
772 2213 810 2242 al.
828 2211 893 2245 aut)
1281 2215 1423 2254 figillamm
1438 2225 1595 2245 numerantes
1609 2217 1638 2247 U
1652 2229 1718 2248 nona
1729 2221 1822 2259 sigilla

429 2263 462 2282 ¹2
485 2253 585 2281 similes
601 2253 622 2280 E
625 2253 720 2291 ſsmrlis
1292 2256 1419 2283 inhiantes
1445 2255 1508 2291 (sed
1526 2261 1554 2284 in
1575 2268 1656 2295 marg.
1682 2259 1718 2289 al.
1739 2265 1826 2289 omnia

427 2303 461 2331 13
485 2293 556 2321 ratio
572 2293 594 2320 E
609 2296 678 2322 virio
1282 2295 1377 2333 ſsgrlla
1390 2299 1566 2331 numerantes)

430 2343 463 2371 ¹5
486 2333 646 2361 mehercule
663 2333 691 2361 U
703 2332 822 2362 mehercle
1195 2344 1229 2372 25
1252 2335 1344 2372 prima
1359 2335 1469 2372 Uprwr

429 2383 438 2401 1
448 2383 463 2409 7
487 2372 572 2401 fuerit
588 2373 684 2410 Ufuir
1195 2383 1229 2410 ²7
1254 2374 1306 2402 hac
1318 2374 1356 2402 ita
1371 2375 1496 2412 exposita
1511 2374 1537 2412 ψ
1551 2377 1626 2415 hujus
1637 2379 1679 2408 ita
1692 2380 1803 2419 expolita

427 2427 467 2434 —
486 2412 563 2441 vexit
591 2413 618 2440 Ο
646 2421 729 2441 vexat
764 2416 832 2451 (pro
858 2413 990 2453 vexerat)
1025 2413 1055 2443 U
1194 2423 1230 2451 30
1251 2415 1298 2442 iste
1316 2415 1336 2442 Ε
1352 2415 1395 2451 effi

529 2456 597 2481 rexit
1191 2469 1232 2474 —
1253 2464 1286 2482 an
1306 2454 1333 2482 U
1345 2466 1380 2481 an
1397 2453 1501 2494 (marg.
1515 2456 1560 2486 AL
1575 2458 1642 2493 aut)

431 2501 466 2529 ²3
489 2492 605 2530 quidem
619 2491 740 2522 formica
753 2493 776 2522 E
792 2494 857 2532 quid
1193 2508 1234 2516 —
1253 2493 1305 2523 effe
1320 2494 1348 2522 Ο
1361 2496 1395 2532 est
