2330 2983
612 274 687 316 302
913 254 1688 296 TUSCULANARUM

612 359 766 411 Qibus
787 357 935 396 duobus
956 356 1115 399 morbis,
1149 355 1211 406 (ut
1229 355 1409 394 omittam
1427 353 1539 404 alios)
1571 352 1793 405 aegritudine
1821 360 1859 389 et
1883 353 1995 405 cupi-

610 425 740 468 ditate,
776 423 844 475 qui
864 421 1017 460 tandem
1037 420 1189 473 poffunt
1219 422 1260 459 in
1279 433 1437 472 corpore
1461 418 1532 458 effe
1551 418 1764 472 graviores?
1809 417 1889 468 Q‘i
1911 430 1998 455 vero

611 488 762 542 probari
780 487 917 541 potest,
937 495 981 525 ut
1001 487 1070 524 fibi
1090 485 1235 524 mederi
1254 486 1405 524 animus
1424 498 1502 522 non
1523 484 1646 537 poffit,
1662 497 1754 521 cum
1773 483 1892 535 ipsam
1914 495 1997 520 me-

612 553 781 591 dicinam
800 551 967 605 corporis
988 551 1138 589 animus
1159 550 1346 588 invenerit
1361 567 1374 595 5
1405 562 1573 601 cumque
1593 549 1638 586 ad
1668 560 1873 599 corporum
1894 547 1998 584 sana-

610 619 759 656 tionem
780 617 951 655 multum
978 615 1056 668 ipsa
1074 628 1232 668 corpora
1250 625 1288 653 et
1307 623 1438 652 natura
1456 614 1603 651 valeant
1619 632 1630 658 ;
1662 626 1731 651 nec
1753 625 1901 657 omnes,
1932 611 2001 663 qui

611 684 735 722 curari
754 682 790 720 se
815 681 904 735 paffi
925 681 1025 725 sunt,
1057 681 1241 718 continuo
1261 680 1377 717 etiam
1396 678 1681 722 convalescant;
1712 678 1831 716 animi
1856 686 1999 720 autern,

612 749 681 801 qui
700 747 816 786 sanari
835 746 1038 791 voluerint,
1058 744 1330 798 praeceptisque
1350 743 1576 796 sapientium
1592 743 1798 795 paruerint,
1826 742 1901 780 fine
1922 741 1999 779 ulla

612 813 851 851 dubitatione
871 810 1074 848 sanentur?
1096 810 1163 848 Est
1181 807 1352 862 profecto
1371 807 1490 846 animi
1509 807 1713 850 medicina,
1735 804 1978 858 philosophia
1987 824 2000 850 ς

613 879 723 929 cujus
743 876 932 914 auxilium
952 889 1044 919 non,
1066 884 1109 913 ut
1128 875 1167 911 in
1188 874 1357 926 corporis
1377 873 1537 917 morbis,
1567 871 1777 924 petendum
1795 871 1848 908 est
1877 869 1970 909 foris
1987 889 2000 916 ;

613 941 870 993 omnibusque
889 940 1042 993 opibus,
1062 939 1295 992 viribusque,
1323 948 1366 977 ut
1386 937 1602 990 nosmetipsi
1623 936 1732 975 nobis
1753 936 1896 975 mederi
1915 935 2002 989 pos-

613 1008 744 1051 fimus,
764 1004 1037 1044 elaborandum
1055 1004 1120 1042 est.

660 1073 894 1124 Qanquam
914 1070 960 1108 de
976 1069 1146 1108 universa
1165 1068 1418 1121 philosophia,
1438 1078 1670 1121 quantopere
1688 1067 1898 1120 expetenda
1915 1065 2005 1104 effet

614 1146 653 1176 et
673 1137 845 1181 colenda,
867 1136 965 1180 satis,
997 1144 1040 1173 ut
1059 1135 1232 1179 arbitror,
1250 1134 1397 1172 dietum
1417 1133 1468 1171 est
1488 1134 1526 1171 in
1547 1134 1764 1172 Hortensio.
1796 1133 1858 1171 De
1878 1133 2004 1170 maxi-

615 1203 691 1241 mis
712 1211 841 1240 autem
861 1201 972 1238 rebus
993 1199 1090 1238 nihil
1111 1199 1189 1237 fere
1208 1199 1480 1237 intermisimus
1496 1199 1620 1252 postea
1635 1211 1704 1237 nec
1720 1198 1921 1251 disputare,
1936 1210 2005 1235 nec

616 1267 790 1304 scribere.
837 1265 914 1303 His
945 1272 1073 1302 autem
1094 1264 1201 1301 libris
1231 1264 1397 1316 exposita
1415 1263 1502 1301 sunt
1533 1277 1588 1307 ea,
1612 1277 1695 1315 quae
1727 1277 1748 1300 a
1776 1263 1887 1301 nobis
1913 1276 2006 1300 cum

615 1330 868 1369 familiaribus
888 1329 1022 1368 nostris
1042 1329 1082 1367 in
1103 1328 1324 1367 Tusculano
1342 1338 1447 1367 erant
1466 1328 1666 1380 disputata.
1709 1328 1794 1372 Sed,
1823 1329 2006 1379 quoniam

615 1396 766 1435 duobus
786 1394 1053 1448 superioribus,
1089 1393 1134 1432 de
1154 1402 1277 1432 morte
1296 1403 1334 1431 et
1360 1393 1407 1431 de
1435 1393 1579 1437 dolore,
1611 1393 1758 1431 dictum
1777 1391 1843 1437 est,
1874 1392 2007 1430 tertius

615 1462 696 1499 dies
716 1460 981 1514 disputationis
1000 1458 1076 1498 hoc
1096 1459 1254 1497 tertium
1275 1459 1455 1497 volumen
1474 1458 1628 1497 efficiet.
1648 1459 1706 1497 Ut
1724 1458 1830 1496 enim
1848 1457 1889 1496 in
1905 1459 2006 1496 Aca-

616 1527 784 1565 demiam
806 1525 971 1564 nostram
1001 1524 1281 1569 descendimus,
1301 1525 1485 1563 inclinato
1507 1525 1591 1576 jam
1610 1525 1649 1562 in
1670 1523 2008 1577 postmeridianum

617 1601 770 1645 tempus
791 1591 865 1635 die,
886 1589 1040 1643 poposci
1060 1603 1194 1628 eorum
1221 1590 1404 1641 aliquem,
1437 1590 1506 1642 qui
1526 1590 1692 1634 aderant,
1722 1588 1870 1627 causam
1897 1589 2006 1628 diffe-

616 1657 740 1696 rendi„
771 1657 880 1694 Tum
901 1668 956 1693 res
977 1657 1056 1692 aeta
1076 1646 1123 1692 fic
1143 1654 1208 1692 est.

675 1722 745 1760 IV.
777 1722 1004 1759 AumToR.
1038 1719 1201 1757 Videtur
1232 1718 1331 1757 mihi
1354 1720 1483 1758 cadere
1514 1721 1552 1758 in
1586 1720 1788 1773 sapientem
1808 1721 2004 1774 aegritudo.

619 1786 833 1824 MARCUS.
868 1784 981 1822 Num
1009 1784 1162 1835 reliquae
1189 1797 1343 1836 quoque
1377 1784 1676 1837 perturbationes
1708 1785 1840 1829 animi,
1870 1784 2007 1823 formi-

619 1852 741 1896 dines,
762 1850 956 1894 libidines,
988 1849 1189 1887 iracundiae
1210 1850 1222 1886 ?
1253 1850 1348 1887 Haec
1367 1850 1471 1887 enim
1491 1849 1568 1887 fere
1590 1849 1673 1887 sunt
1693 1850 1892 1901 ejusmodi,
1925 1865 2009 1902 quae

621 1918 748 1956 Graeci
769 1912 849 1960 πάθη
870 1915 1059 1968 appellant
1076 1933 1086 1958 ς
1118 1928 1190 1967 ego
1221 1925 1392 1966 poteram
1413 1915 1582 1960 morbos,
1618 1925 1656 1953 et
1685 1915 1725 1953 id
1745 1916 1903 1954 verbum
1923 1916 2011 1955 esset

620 1995 641 2018 e
660 1981 801 2024 verb0;
834 1980 895 2017 sed
915 1980 955 2017 in
984 1978 1298 2018 consuetudinem
1319 1979 1483 2017 nostram
1503 1993 1580 2018 non
1600 1980 1761 2018 caderet.
1798 1981 1904 2019 Nam
1930 1981 2010 2018 mi-

622 2045 745 2089 sereri,
767 2044 947 2089 invidere,
977 2043 1123 2095 gestire,
1157 2043 1285 2087 loetari,
1312 2042 1394 2081 haec
1423 2043 1555 2081 omnia
1572 2043 1706 2083 morbos
1725 2044 1852 2082 Graeci
1878 2045 2010 2097 appel-

622 2111 717 2154 lant,
748 2120 877 2148 motus
907 2109 1027 2147 animi
1059 2108 1194 2146 rationi
1216 2121 1290 2145 non
1323 2109 1652 2161 obtemperantes;
1684 2122 1752 2147 nos
1782 2118 1910 2147 autem
1940 2109 2010 2148 hos

621 2175 772 2213 cosdem
794 2185 922 2213 motus
956 2174 1136 2211 concitati
1164 2173 1297 2218 animi,
1330 2176 1441 2218 reste,
1477 2183 1519 2211 ut
1550 2175 1698 2226 opinor,
1722 2175 2012 2227 perturbationes

623 2241 845 2285 dixerimus,
875 2239 1032 2278 morbos
1052 2248 1180 2276 autem
1207 2253 1283 2277 non
1306 2239 1388 2277 satis
1418 2239 1576 2284 usitate,
1610 2240 1676 2277 nisi
1696 2240 1790 2292 quid
1810 2239 1913 2278 aliud
1941 2241 2011 2279 tibi

623 2306 785 2344 videtur.
832 2308 1057 2344 Aumron.
1084 2303 1189 2342 Mihi
1211 2318 1298 2342 vcro
1315 2305 1384 2343 isto
1405 2305 1544 2346 modo„
1595 2305 1806 2344 MARCUS.
1830 2306 2013 2345 Haeccine

624 2372 741 2425 igitur
761 2371 891 2409 cadere
922 2371 961 2408 in
983 2370 1186 2423 sapientem
1210 2381 1316 2422 putas
1336 2371 1348 2407 ?
1391 2372 1623 2408 Auoiron.
1648 2371 1800 2409 Prorsus
1820 2371 2009 2410 existimo.

626 2437 838 2475 Mixncus.
862 2437 934 2475 Na:
954 2435 1019 2473 ista
1038 2435 1198 2487 gloriosa
1220 2435 1393 2487 sapientia
1415 2449 1489 2473 non
1512 2450 1651 2488 magno
1671 2437 1885 2476 :estimanda
1902 2437 1967 2481 est,
1986 2437 2011 2475 si

626 2502 783 2553 quidem
806 2516 880 2540 non
905 2501 1072 2540 multum
1094 2500 1220 2538 differt
1241 2501 1286 2538 ab
1308 2501 1460 2539 insania.
1512 2503 1738 2541 AvaoR.
1771 2502 1908 2554 Qid?
1939 2503 2011 2540 tibi

625 2568 797 2606 omnisne
818 2567 934 2606 animi
955 2568 1169 2605 commotio
1190 2567 1337 2605 videtur
1358 2567 1523 2605 insania?
1561 2568 1770 2607 MARcvs.
1795 2568 1887 2607 Non
1914 2567 2011 2607 mihi
