2330 2983
515 305 589 348 342
823 288 1602 329 TUSCULANARUM

564 391 675 430 XVI.
699 388 806 440 Qid
822 398 950 427 autem
968 387 1020 427 est
1039 401 1117 426 non
1136 387 1310 426 miserius
1330 387 1469 433 solum,
1491 387 1553 426 sed
1573 386 1713 426 foedius
1733 388 1849 427 etiam
1867 398 1906 427 et

508 456 734 500 deformius,
770 467 887 507 quam
907 453 1130 507 aegritudine
1149 453 1236 506 quis
1268 453 1445 498 afflictus,
1478 453 1713 499 debilitatus,
1739 454 1903 506 jacens?

508 525 573 562 cui
593 522 749 562 miseriae
769 521 969 574 proximus
998 520 1052 558 est
1074 521 1120 566 is,
1148 521 1219 573 qui
1238 521 1548 573 appropinquans
1578 520 1736 573 aliquod
1755 520 1905 559 malum

507 588 662 633 metuit,
675 585 986 638 exanimatusque
1006 586 1146 639 pendet
1165 586 1299 624 animi.
1323 587 1455 637 Qam
1476 586 1556 624 vim
1572 586 1664 624 mali
1684 585 1903 639 significan-

507 664 562 693 tes
581 662 703 706 poetae
723 651 944 704 impendere
963 651 1065 703 apud
1085 650 1226 689 inferos
1248 650 1379 689 saxum
1397 651 1564 690 Tantalo
1582 649 1746 696 faciunt,

646 718 860 771 Obscelera.
880 717 1056 770 ania-*tique
1072 717 1328 769 impotentiam,
1349 727 1384 754 et
1389 717 1764 770 superbiloquentiam.

506 788 565 825 Ea
581 784 804 824 communis
826 796 940 835 poena
959 782 1127 820 stultitiae
1147 783 1212 821 est.
1245 782 1444 820 Omnibus
1465 783 1585 827 enim,
1606 796 1774 834 quorum
1793 795 1903 821 mens

505 851 682 892 abhorret
701 864 721 887 a
739 849 895 893 ratione,
917 848 1062 900 semper
1082 848 1220 899 aliquis
1242 847 1326 885 talis
1347 856 1466 885 terror
1485 847 1696 900 impendet.

562 918 693 969 Atque
722 924 766 953 ut
796 913 878 952 haec
899 913 1060 952 tabificae
1090 914 1231 952 mentis
1251 913 1554 966 perturbationes
1583 912 1684 958 sunt,
1706 913 1904 966 aegritudi-

505 997 596 1023 nem
617 983 704 1021 dico
722 991 760 1019 et
781 990 929 1020 metum
948 998 960 1025 ;
992 979 1041 1018 fic
1067 978 1262 1018 hilariores
1283 979 1372 1024 illae,
1399 979 1589 1032 cupiditas
1620 979 1728 1017 avide
1758 979 1905 1031 semper

504 1048 652 1101 aliquid
669 1056 867 1099 expetens,
886 1054 926 1083 et
945 1045 1068 1083 inanis
1088 1044 1274 1090 alacritas,
1306 1045 1347 1083 id
1363 1044 1430 1090 est,
1456 1044 1588 1083 laetitia
1615 1044 1793 1098 gestiens,
1825 1057 1902 1082 non

505 1115 677 1154 multum
713 1111 896 1151 differunt
925 1111 972 1149 ab
1002 1109 1181 1149 amentia.
1229 1111 1290 1149 Ex
1310 1124 1391 1163 quo
1410 1110 1655 1163 intelligitur,
1684 1109 1807 1163 qualis
1837 1109 1903 1147 ille

504 1181 563 1225 fit.
599 1191 717 1233 quem
750 1186 836 1216 tum
867 1176 1124 1221 moderatum,
1168 1176 1257 1215 alias
1288 1175 1507 1214 modestum
1537 1186 1576 1215 et
1606 1185 1900 1229 temperantem,

503 1246 594 1284 alias
624 1243 864 1283 constantem
891 1242 1237 1294 continentemque
1266 1242 1462 1280 dicimus:
1507 1255 1789 1294 nonnunquam
1823 1240 1903 1279 haec

500 1310 636 1349 cadem
665 1307 850 1348 vocabula
879 1307 925 1344 ad
956 1305 1186 1359 frugalitatis
1214 1319 1370 1351 nomen,
1403 1314 1586 1358 tanquam
1606 1307 1653 1344 ad
1678 1316 1810 1359 caput,
1842 1320 1902 1344 re-

503 1375 600 1415 ferre
634 1375 829 1414 volumus.
885 1372 1007 1424 Qod
1042 1372 1110 1410 nisi
1143 1385 1189 1410 eo
1223 1373 1382 1411 nomine
1412 1373 1571 1410 virtutes
1600 1373 1902 1416 continerentur,

503 1455 706 1494 nunquam
736 1441 789 1478 ita
822 1439 1093 1492 pervulgatum
1114 1437 1213 1476 illud
1242 1437 1345 1484 effet,
1375 1447 1419 1476 ut
1443 1438 1526 1490 jam
1557 1437 1747 1491 proverbii
1771 1437 1904 1476 locum

503 1507 708 1550 obtineret,
739 1506 906 1544 hominem
921 1505 1042 1557 ji‘ugi
1069 1504 1184 1542 omnia
1217 1507 1311 1543 νεὲἶε
1328 1504 1474 1557 facere.
1524 1503 1643 1556 Qod
1675 1503 1780 1541 idem
1811 1517 1904 1542 curn

504 1573 621 1612 Stoici
643 1572 689 1610 de
716 1571 880 1624 sapiente
913 1570 1063 1614 dicunt,
1096 1570 1214 1608 nimis
1235 1569 1510 1608 admirabiliter
1537 1568 1727 1622 nimisque
1748 1570 1902 1623 magni-

506 1639 578 1678 fice
599 1639 724 1677 dicere
739 1637 930 1676 videntur.

559 1705 691 1744 XVII.
723 1704 829 1755 Ergo
860 1702 906 1747 is,
937 1701 1110 1754 quisquis
1138 1701 1207 1746 est,
1237 1701 1305 1753 qui
1339 1700 1599 1741 moderatione
1629 1709 1666 1738 et
1695 1699 1904 1738 comhntia

503 1771 656 1823 quietus
676 1769 807 1807 animo
826 1766 892 1812 est,
908 1767 1052 1819 sibique
1072 1765 1150 1819 ipse
1166 1766 1349 1819 placatus,
1371 1776 1414 1805 ut
1434 1780 1503 1805 nec
1524 1766 1687 1805 tabescat
1704 1765 1901 1810 molestiis,

503 1851 573 1876 nec
594 1835 789 1889 frangatur
805 1834 957 1879 timore,
979 1846 1048 1871 nec
1069 1833 1236 1871 fitienter
1252 1832 1349 1887 quid
1365 1842 1546 1886 expetens
1562 1832 1687 1871 ardeat
1703 1832 1902 1877 desiderio,

505 1917 574 1942 nec
593 1903 783 1941 alacritate
803 1900 909 1939 futili
929 1899 1091 1952 gestiens
1107 1899 1354 1952 deliquescat,
1371 1900 1402 1938 is
1415 1899 1467 1938 est
1483 1899 1642 1953 sapiens,
1655 1911 1774 1951 quem
1793 1912 1903 1951 qua>-

504 1970 640 2013 rimus,
670 1969 704 2006 is
724 1968 775 2006 est
796 1967 928 2005 beatus
944 1984 955 2010 ς
987 1966 1049 2004 cui
1079 1964 1176 2003 nihil
1197 1965 1455 2004 humanarum
1477 1979 1604 2004 rerum
1633 1974 1701 2004 aut
1719 1965 1903 2003 intolera-

503 2035 582 2074 bile
601 2035 647 2073 ad
668 2033 953 2073 demittendum
973 2032 1165 2076 animum,
1183 2041 1248 2069 aut
1262 2032 1382 2070 nimis
1398 2031 1562 2070 lambac
1582 2032 1629 2070 ad
1643 2029 1901 2076 efferendum,

505 2102 624 2139 videri
646 2100 778 2154 potest.
812 2099 919 2151 Qid
940 2099 1044 2136 enim
1060 2097 1233 2136 videatur
1251 2098 1284 2135 ei
1307 2110 1492 2150 magnum
1514 2098 1552 2135 in
1570 2097 1686 2135 rebus
1704 2095 1901 2141 humanis,

503 2168 567 2205 cui
589 2166 774 2205 aeternitas
796 2165 924 2203 omnis
945 2163 1138 2216 totiusque
1159 2163 1296 2202 mundi
1313 2174 1407 2202 nota
1434 2163 1478 2202 fit
1505 2163 1732 2216 magnitudo
1750 2163 1763 2200 ?
1795 2162 1902 2201 Nam

504 2232 598 2285 quid
620 2242 683 2270 aut
716 2232 752 2269 in
776 2231 907 2269 studiis
941 2228 1136 2273 humanis,
1167 2239 1232 2267 aut
1262 2230 1301 2266 in
1329 2239 1407 2267 tam
1434 2229 1572 2282 exigua
1598 2228 1785 2267 brevitate
1815 2229 1902 2267 vitae

505 2311 691 2350 magnum
726 2296 881 2349 sapienti
913 2295 1030 2334 videri
1054 2295 1188 2347 potest,
1218 2295 1286 2346 qui
1320 2294 1466 2347 semper
1492 2295 1622 2333 animo
1653 2293 1701 2332 fic
1717 2294 1900 2338 excubat,

506 2374 547 2401 ut
567 2364 601 2401 ci
634 2362 731 2401 nihil
763 2361 1013 2415 improvisum
1036 2360 1204 2398 accidere
1232 2360 1356 2412 poffit.
1388 2359 1486 2398 nihil
1508 2361 1767 2413 inopinatum,
1801 2358 1901 2399 nihil

504 2430 667 2468 omnino
687 2442 829 2467 novum
849 2429 861 2465 ?
893 2429 1024 2480 Atque
1053 2427 1154 2465 idem
1187 2427 1238 2464 ita
1265 2439 1390 2464 acrem
1411 2427 1450 2464 in
1471 2441 1604 2465 ornnes
1623 2437 1746 2480 partes
1778 2426 1900 2465 aciem

506 2496 684 2540 intendit,
716 2505 759 2533 ut
790 2495 939 2548 semper
972 2494 1095 2532 videat
1129 2493 1254 2531 sedem
1288 2493 1355 2531 fibi
1387 2506 1429 2531 ac
1464 2493 1596 2531 locum
1622 2494 1699 2532 fine
1728 2492 1902 2532 molestia

504 2572 616 2615 atque
636 2575 775 2614 angore
796 2561 976 2606 vivendi;
1009 2569 1050 2598 ut
1072 2572 1345 2612 quemcunque
1365 2558 1493 2597 casum
1517 2558 1669 2597 fortuna
1696 2559 1899 2603 invexerit.
