2330 2983
534 290 608 343 316
840 289 1613 329 TUSCULANARUM

665 387 702 425 F
701 399 772 423 ana
775 385 929 438 flammd
945 386 1144 440 deflagrata
1158 401 1173 426 .·
1203 386 1284 439 testi
1296 387 1368 426 alti
1367 387 1475 440 stant
1485 387 1658 441 parietes,

663 451 888 503 Defirmati,
917 462 1025 506 atque
1042 453 1154 492 abiete
1171 453 1300 506 crispa.

528 515 623 560 Scis,
653 529 738 568 quae
757 516 984 569 sequantur:
1006 526 1043 555 et
1062 518 1159 556 illud
1179 518 1219 556 in
1239 518 1391 570 primis,

667 582 701 619 Ο
714 590 838 633 pater,
868 583 891 620 ὅ
898 582 1041 634 patria,
1071 583 1094 621 ὅ
1109 583 1252 621 Priami
1266 582 1411 622 domus!

663 648 809 699 Septum
827 647 970 701 altybno
988 648 1132 687 cardine
1149 649 1327 701 templum,

664 711 750 751 Vidi
763 727 822 765 ego
842 722 889 757 te,
918 714 1055 765 astante
1072 722 1133 767 ope
1149 713 1356 758 barbarica,

662 774 779 816 {Tenis
796 778 945 823 caelatis,
974 780 1160 832 laqueatis,

662 843 782 887 Auro,
811 843 910 882 ebore
927 843 1133 896 itgflrufiam
1151 843 1302 897 regtfice.

530 907 566 944 O
587 915 744 959 poetam
764 908 962 961 egregium
980 908 988 945 ἔ
1020 922 1240 961 quanquam
1270 909 1318 948 ab
1337 907 1398 947 his
1417 907 1635 947 cantoribus
1655 905 1917 961 Euphorionis

526 972 803 1011 contemnitur.
827 974 949 1011 Sentit
968 974 1099 1012 omnia
1117 974 1315 1027 repentina
1333 983 1371 1012 et
1388 974 1635 1026 nec-opinata
1647 973 1718 1011 effe
1733 974 1915 1026 graviora.

527 1038 772 1090 Exaggeratis
793 1038 912 1091 igitur
930 1039 1027 1092 regis
1046 1039 1198 1093 opibus,
1220 1054 1305 1093 quae
1324 1039 1550 1078 videbantur
1568 1039 1801 1092 sempiternae
1819 1038 1916 1084 fore,

526 1103 621 1153 quid
640 1103 814 1156 adjungit
831 1103 845 1140 ?

662 1168 757 1205 Haec
775 1167 890 1206 omnia
908 1167 988 1207 vidi
1002 1169 1230 1222 ity‘lammari,

663 1233 811 1270 Priamo
829 1233 874 1270 vi
889 1233 1006 1271 vitam
1024 1235 1174 1279 evitari,

661 1296 774 1348 Jovis
791 1311 895 1335 aram
899 1298 1081 1350 sanguine
1098 1295 1268 1352 turpari.⁴

528 1361 755 1400 I’raeclarum
773 1375 939 1401 carmen.
982 1364 1049 1401 Est
1068 1365 1173 1402 enim
1192 1374 1230 1403 et
1249 1364 1376 1409 rebus,
1406 1373 1444 1403 et
1471 1364 1608 1410 verbis,
1637 1373 1675 1402 et
1703 1363 1828 1402 modis
1851 1363 1914 1402 lu-

525 1427 661 1478 gubre.
693 1427 913 1480 Eripiamus
933 1426 1026 1467 huic
1045 1430 1326 1482 aegritudinem.
1374 1429 1466 1480 Qo
1486 1430 1602 1468 modo
1619 1430 1633 1467 ?
1668 1429 1916 1468 Collocemus

527 1492 566 1529 in
587 1492 728 1530 culcita
747 1493 902 1545 plumea
916 1512 929 1538 ς
960 1493 1152 1546 psaltriam
1178 1495 1410 1534 adducamus
1424 1513 1436 1540 5
1466 1494 1707 1548 hedychrum
1734 1495 1916 1534 incenda-

527 1569 613 1594 mus
628 1575 640 1602 ς
674 1557 809 1596 demus
829 1557 1028 1597 scutellam
1056 1559 1257 1599 dulciculae
1276 1561 1467 1613 potionis;
1499 1561 1645 1612 aliquid
1664 1561 1858 1599 vidfflmus
1877 1571 1916 1599 et

526 1621 618 1660 cibi.
650 1623 748 1660 Haec
775 1622 928 1661 tandem
948 1624 1047 1661 bona
1067 1624 1166 1670 sunt,
1183 1625 1324 1677 quibus
1345 1625 1585 1678 aegritudines
1605 1626 1826 1678 graviffimae
1845 1625 1914 1664 de-

528 1686 725 1726 trahantur
743 1688 757 1725 ?
787 1690 852 1727 Tu
874 1689 978 1727 enim
997 1690 1112 1742 paulo
1131 1701 1217 1729 ante
1237 1705 1283 1729 ne
1303 1691 1513 1744 intelligere
1529 1701 1565 1730 te
1584 1691 1742 1744 quidem
1762 1692 1834 1729 alia
1852 1692 1914 1729 ul-

526 1753 561 1790 la
580 1752 743 1791 dicebas.
788 1754 974 1792 Revocari
995 1755 1115 1807 igitur
1142 1766 1315 1809 oportere
1334 1770 1354 1794 a
1374 1770 1538 1796 moerore
1563 1757 1609 1795 ad
1639 1757 1913 1810 cogitationem

526 1817 730 1863 bonorum,
762 1819 982 1858 conveniret
1003 1819 1104 1858 mihi
1134 1835 1225 1860 cum
1248 1822 1431 1875 Epicuro,
1462 1822 1502 1867 si,
1530 1822 1623 1874 quid
1642 1822 1731 1860 esset
1750 1822 1913 1868 bonum,

525 1893 759 1921 conveniret.

579 1948 669 1986 XX.
703 1949 817 1987 Dicet
837 1949 1004 2001 aliquis3
1037 1951 1146 2003 Qid
1165 1952 1283 2004 ergo?
1315 1954 1380 1990 Tu
1400 1953 1614 2005 Epicurum
1646 1952 1836 1991 existimas
1863 1953 1916 1991 ita

527 2012 698 2058 voluisse,
729 2023 793 2051 aut
824 2013 1045 2054 libidinosas
1070 2017 1150 2068 ejus
1177 2015 1285 2054 fuisse
1305 2016 1534 2055 sententias?
1583 2018 1669 2068 Ego
1687 2031 1774 2055 vero
1795 2018 1914 2056 mini·

526 2092 610 2116 me:
633 2078 744 2116 video
762 2079 868 2117 enim
888 2080 935 2118 ab
955 2094 1000 2119 eo
1015 2080 1091 2119 dici
1111 2081 1234 2119 multa
1254 2081 1385 2126 severe,
1406 2082 1529 2120 multa
1545 2082 1733 2134 praeclare.
1765 2083 1911 2135 Itaque,

526 2153 567 2181 ut
587 2143 680 2196 saepe
701 2143 795 2189 dixi,
817 2144 863 2182 de
882 2147 1059 2184 acumine
1079 2147 1204 2199 agitur
1221 2147 1314 2199 ejus,
1343 2161 1418 2185 non
1440 2147 1486 2185 de
1507 2147 1690 2186 moribus.
1723 2149 1912 2201 Qamvis

525 2208 740 2262 aspernetur
759 2209 971 2263 voluptates
1005 2225 1078 2257 eas,
1109 2226 1200 2264 quas
1220 2213 1336 2252 modo
1368 2213 1532 2251 laudavit
1549 2231 1559 2257 ;
1590 2227 1660 2266 ego
1681 2223 1805 2252 tamen
1826 2228 1911 2253 mc-

526 2276 687 2321 minero,
722 2275 826 2328 quod
854 2277 1023 2316 videatur
1055 2278 1090 2316 ei
1112 2278 1308 2317 summum
1339 2279 1500 2317 bonum.
1545 2279 1637 2318 Non
1665 2281 1770 2318 enim
1799 2281 1914 2320 verbo

525 2339 646 2378 solum
668 2341 791 2393 posuit
812 2341 1062 2395 voluptatem,
1093 2344 1153 2382 sed
1174 2345 1289 2382 etiam
1310 2345 1524 2398 explanavit
1541 2344 1633 2397 quid
1654 2345 1809 2384 diceret.
1842 2348 1912 2385 Sa-

518 2416 652 2458 porem,
686 2407 826 2459 inquit,
865 2418 900 2447 et
928 2419 1110 2462 corporum
1143 2411 1364 2463 complexum,
1395 2420 1429 2448 ct
1455 2410 1549 2448 Iudai
1578 2420 1685 2464 atque
1709 2422 1848 2457 cantus,
1878 2422 1914 2451 et

510 2472 654 2523 ιΙὸνηιαπ
684 2488 753 2516 cas.
785 2473 907 2527 quibus
940 2476 1032 2514 oculi
1047 2475 1208 2527 jucunde
1231 2486 1459 2515 moveantur.
1505 2477 1616 2514 Num
1651 2476 1756 2529 fingo
1773 2478 1786 2514 ?
1818 2491 1913 2516 num

526 2538 716 2575 mentior?
738 2541 853 2591 cupio
874 2539 1008 2580 refelli.
1028 2541 1134 2594 Qid
1154 2542 1259 2581 enim
1281 2542 1421 2587 laboro,
1441 2542 1506 2581 nisi
1529 2552 1570 2581 ut
1590 2543 1722 2582 veritas
1743 2543 1782 2582 in
1802 2544 1908 2582 omni

523 2602 726 2654 qua-stione
747 2605 956 2658 explicetur
974 2606 986 2642 ?
