2330 2983
609 263 925 301 LIBER
1001 262 1415 301 PR1MUS.
1667 277 1717 316 79

377 361 494 413 Qod
520 360 546 399 fi
576 374 645 399 nos
677 374 754 398 non
776 361 1028 413 interpretum
1049 360 1251 413 fungimur
1269 374 1441 406 munere,
1470 360 1532 398 sed
1564 370 1718 399 tuemur

320 441 375 472 ea,
405 441 489 479 quae
509 426 609 464 dieta
626 426 712 464 sunt
731 426 778 464 ab
799 427 860 470 iis,
891 440 987 478 quos
1008 427 1229 478 probamus,
1261 427 1388 478 eisque
1414 426 1585 465 nostrum
1605 427 1715 479 judi-

320 492 426 529 cium
446 501 484 529 et
515 491 684 529 nostrum
706 491 893 529 scribendi
927 492 1102 529 ordinem
1129 492 1403 543 adjungimus;
1435 492 1530 543 quid
1558 491 1715 537 habent,

319 569 388 595 cur
409 558 543 595 Graeca
562 566 795 610 anteponant
815 557 874 600 iis,
903 571 987 609 quae
1007 566 1044 594 et
1064 556 1260 609 splendide
1278 557 1379 594 dicta
1397 557 1483 601 fint,
1504 571 1626 609 neque
1644 559 1717 596 fint

319 624 496 661 conversa
516 624 562 661 de
584 624 758 661 Graecis?
781 624 889 661 Nam
909 623 935 660 fi
956 623 1139 667 dicerent,
1162 623 1209 660 ab
1230 623 1306 660 illis
1327 622 1394 661 has
1416 637 1470 660 res
1491 623 1560 661 effe
1581 625 1716 661 tracta-

319 699 373 727 tas
387 708 398 734 ς
431 703 477 727 ne
497 689 595 742 ipsos
616 690 775 741 quidem
797 690 952 727 Graecos
983 689 1036 727 est
1056 703 1123 727 cur
1151 699 1229 727 tam
1249 689 1394 727 multos
1423 689 1565 742 legant,
1598 704 1717 742 quam

319 755 471 807 legendi
506 755 606 793 sunt.
667 755 776 806 Qid
809 755 914 794 enim
953 755 1006 793 est
1038 769 1061 792 a
1087 753 1303 808 Chryfippo
1341 755 1631 808 praetermiffum
1676 757 1717 794 in

320 822 488 859 Stoicis?
520 821 684 873 legimus
711 831 839 858 tamen
861 821 1093 873 Diogenem,
1125 821 1393 872 Antipatrum,
1423 820 1724 866 Mnesarchum,.
1779 819 1782 821 ’

320 888 549 931 Panaetium,
571 886 715 924 multos
736 886 844 931 alios,
871 887 911 924 in
931 886 1145 938 primisque.
1166 886 1396 925 familiarem
1417 887 1589 925 nostrum
1610 888 1717 925 Pofi-

319 953 495 991 donium.
515 952 624 1003 Qid
640 951 927 1004 Theophrastus
944 952 956 988 ?
974 952 1268 990 mediocriterne
1284 953 1717 998 delestasscumtraCtat

317 1019 422 1057 locos
441 1018 488 1055 ab
507 1017 711 1056 Aristotele
730 1026 816 1055 ante
833 1019 1006 1055 tractatos
1023 1018 1035 1054 ?
1067 1018 1177 1068 Qid
1192 1019 1374 1070 Epicurei
1390 1019 1401 1055 ?
1423 1032 1520 1056 num
1538 1018 1716 1056 defistunt

318 1083 364 1121 de
383 1083 531 1127 iisdem,
563 1083 609 1119 de
629 1083 770 1134 quibus
791 1092 828 1120 et
848 1082 894 1120 ab
917 1083 1089 1135 Epicuro
1108 1082 1294 1134 scriptum
1313 1082 1379 1127 est,
1400 1092 1441 1120 et
1464 1083 1511 1121 ab
1531 1084 1714 1135 antiquis,

317 1148 363 1186 ad
383 1148 586 1186 arbitrium
617 1146 728 1185 suum
757 1146 945 1185 scribere?
978 1147 1097 1198 Qod
1125 1147 1151 1184 fi
1173 1148 1303 1185 Graeci
1329 1148 1510 1200 leguntur
1529 1161 1549 1185 a
1569 1149 1715 1187 Graecis

316 1213 450 1252 iisdem
481 1213 527 1251 de
557 1213 669 1251 rebus
699 1212 772 1250 alia
804 1213 947 1252 ratione
981 1213 1227 1265 compositis3
1259 1213 1354 1265 quid
1374 1213 1439 1258 est,
1472 1227 1541 1251 cur
1561 1213 1676 1252 nostri
1696 1227 1717 1252 a

317 1278 452 1317 nostris
472 1292 549 1316 non
569 1278 772 1331 legantur?

356 1346 430 1383 III.
454 1346 688 1397 Qanquam
703 1344 728 1382 fi
747 1345 859 1398 plane
879 1344 928 1382 fic
949 1354 1132 1384 verterem
1148 1345 1436 1390 Platonem‚aut
1452 1345 1712 1391 Aristotelem,

319 1420 363 1449 ut
381 1419 574 1448 verterunt
595 1410 710 1448 nostri
729 1420 848 1463 poetae
867 1409 1014 1448 fabulas
1028 1429 1039 1455 ς
1073 1411 1185 1456 male,
1212 1411 1338 1456 credo,
1370 1425 1532 1449 mererer
1551 1411 1598 1449 de
1617 1413 1713 1450 meis

318 1475 482 1520 civibus,
499 1476 524 1513 s1
545 1475 591 1513 ad
606 1488 743 1513 eorum
759 1476 1023 1528 cognitionem
1050 1476 1178 1513 divina
1195 1476 1261 1513 illa
1282 1477 1436 1528 ingenia
1455 1476 1711 1516 transferrem.

319 1542 391 1580 Sed
415 1541 455 1579 id
475 1554 598 1593 neque
627 1540 701 1578 feci
731 1539 869 1585 adhuc,
901 1554 972 1579 nec
991 1540 1092 1579 mihi
1112 1551 1255 1586 tamen,
1286 1555 1334 1578 ne
1354 1541 1507 1586 faciam,
1529 1543 1713 1580 interdic-

318 1616 403 1644 tum
427 1615 536 1658 puto.
582 1606 708 1644 Locos
728 1605 887 1658 quidem
908 1605 1104 1658 quosdam,
1134 1607 1160 1644 s1
1180 1607 1385 1652 videbitur,
1409 1606 1645 1652 transferam,
1676 1617 1722 1645 et.

316 1672 486 1710 maxime
505 1672 551 1709 ab
572 1671 633 1717 iis,
665 1685 762 1724 quos
784 1672 901 1710 modo
922 1673 1133 1717 nominavi,
1161 1686 1253 1711 curn
1280 1673 1471 1718 inciderit,
1508 1684 1550 1712 ut
1569 1674 1608 1711 id
1628 1684 1714 1726 apte

315 1735 397 1775 fieri
417 1736 555 1790 poffit3
579 1746 622 1774 ut
640 1737 687 1775 ab
708 1738 885 1775 Homero
906 1739 1072 1782 Ennius,
1090 1737 1272 1776 Afranius
1290 1752 1310 1776 a
1325 1739 1556 1784 Menandro,
1578 1740 1683 1778 solet.

371 1803 458 1841 Nec
485 1816 586 1847 vero,
622 1812 664 1840 ut
691 1803 814 1841 noster
843 1804 1035 1848 Lucilius,
1077 1803 1267 1848 recusabo,
1310 1818 1388 1856 quo
1422 1805 1551 1843 minus
1578 1819 1714 1843 omnes

315 1882 399 1907 mea
418 1869 560 1921 legant.
620 1869 783 1906 Utinam
810 1868 898 1907 effet
919 1869 984 1907 ille
1014 1869 1159 1908 Persius
1179 1869 1185 1906 Ξ
1219 1871 1347 1922 Scipio
1367 1884 1454 1908 vero
1473 1880 1509 1908 et
1540 1871 1723 1909 Rutilius-

315 1934 441 1972 multo
459 1935 576 1972 etiam
603 1934 724 1986 magis
743 1934 750 1970 !
783 1948 951 1986 quorum
971 1935 1036 1972 ille
1057 1935 1253 1987 judicium
1274 1935 1538 1981 reformidans,
1561 1938 1710 1975 Taren-

315 2000 405 2038 tinis
425 2000 476 2038 ait
497 2000 545 2044 se,
567 2009 605 2037 et
626 2000 883 2045 Consentinis,
906 2011 943 2038 et
963 2001 1099 2039 Siculis
1120 2001 1293 2039 scribere.
1326 2003 1464 2040 Facete
1484 2003 1515 2041 is
1537 2003 1710 2055 quidem,

315 2066 411 2104 ficut
428 2066 515 2104 alias
535 2080 543 2104 :
576 2065 637 2103 sed
668 2079 738 2104 nec
771 2075 848 2104 tam
868 2067 969 2105 docti
991 2076 1084 2105 tunc
1103 2077 1223 2113 erant,
1255 2068 1300 2106 ad
1321 2082 1488 2120 quorum
1514 2069 1711 2121 judicium

314 2131 538 2176 elaboraret,
566 2140 605 2169 et
623 2131 708 2169 sunt
729 2132 834 2171 illius
855 2132 989 2186 scripta
1009 2133 1174 2178 leviora,
1200 2143 1240 2172 ut
1262 2134 1453 2172 urbanitas
1474 2134 1624 2173 summa
1643 2148 1711 2187 ap-

313 2208 452 2249 pareat,
475 2198 645 2235 doctrina
665 2198 882 2236 mediocris.

369 2264 454 2316 Ego
485 2273 614 2301 autem
644 2277 762 2315 quem
797 2265 954 2302 timeam
981 2264 1177 2310 lestorem,
1209 2279 1300 2304 cum
1331 2266 1377 2304 ad
1406 2276 1454 2312 te,
1487 2280 1533 2304 ne
1565 2267 1709 2304 Graecis

315 2329 471 2380 quidem
493 2329 692 2367 cedentem
713 2330 752 2367 in
774 2329 1028 2383 philosophia,
1063 2332 1222 2370 audeam
1242 2332 1402 2370 scribere
1420 2334 1433 2370 ?
1476 2333 1711 2384 Qanquam

314 2407 333 2430 a
355 2404 390 2431 te
407 2394 501 2446 ipso,
518 2395 557 2432 id
573 2395 730 2446 quidem
751 2394 864 2441 facio,
879 2407 1102 2448 provocatus
1119 2397 1328 2450 gratiffimo
1345 2397 1443 2436 mihi
1460 2398 1572 2442 libro,
1591 2411 1709 2449 quem

313 2460 362 2497 ad
380 2473 444 2498 me
459 2461 522 2499 De
540 2461 682 2500 virtute
696 2462 840 2500 mifisti.
873 2463 943 2501 Sed
965 2477 1010 2502 ex
1031 2478 1075 2501 eo
1095 2464 1208 2502 credo
1229 2464 1457 2516 quibusdam
1478 2463 1545 2501 usu
1566 2464 1706 2508 venire,

314 2535 358 2562 ut
387 2525 613 2564 abhorreant
633 2541 653 2564 a
674 2528 835 2573 Latinis,
871 2529 974 2580 quod
1005 2529 1210 2567 inciderint
1241 2530 1281 2567 in
1302 2529 1446 2567 inculta
1466 2529 1641 2582 quaedam
1671 2539 1709 2567 et

313 2589 478 2638 horrida,
510 2592 555 2630 de
586 2593 696 2632 malis
724 2594 869 2632 Graecis
900 2596 1035 2633 Latine
1064 2595 1197 2648 scripta
1223 2595 1400 2634 deterius.
1461 2595 1615 2649 Qibus
1637 2609 1710 2649 ego
